{"gold_per_floor":[17,30,41,58,58,58,11,11,11,43,53,53,86,100,100,195,195,212,212,262,25,40,40,220,18,18,47,0,14,41,51,51,153,153,163,179,191,191,207,239,239,251,251,305,305,319,348,400,400,400,400,400,2,35,35],"floor_reached":56,"playtime":3497,"items_purged":["Strike_R","Strike_R"],"score":1457,"play_id":"cf6e0b94-4082-450c-b39b-75d0494d3bf3","local_time":"20190508194958","is_ascension_mode":false,"campfire_choices":[{"data":"Cleave","floor":6,"key":"SMITH"},{"data":"Iron Wave","floor":8,"key":"SMITH"},{"data":"Rampage","floor":15,"key":"SMITH"},{"data":"Barricade","floor":23,"key":"SMITH"},{"data":"Bash","floor":32,"key":"SMITH"},{"data":"Battle Trance","floor":41,"key":"SMITH"},{"floor":49,"key":"RECALL"},{"data":"Defend_R","floor":52,"key":"SMITH"}],"neow_cost":"NO_GOLD","seed_source_timestamp":892548023057772,"circlet_count":0,"master_deck":["Strike_R+1","Strike_R","Strike_R+1","Defend_R+1","Defend_R","Defend_R","Defend_R","Bash+1","Iron Wave+1","Battle Trance+1","Headbutt","Havoc+1","Shrug It Off+1","Rampage+1","Ghostly Armor+1","Immolate+1","Shrug It Off+1","Offering+1","Warcry+1","Barricade+1","True Grit+1","Warcry+1","Warcry+1","Warcry+1","Impervious+1","Entrench+1","Body Slam+1","Pommel Strike+1","Offering+1","Spot Weakness+1","Havoc+1"],"relics":["Black Blood","Incense Burner","Darkstone Periapt","Toxic Egg 2","Strawberry","Smiling Mask","Nilry\u0027s Codex","Sling","Potion Belt","Pear","Orichalcum","Sozu","Meat on the Bone","StoneCalendar","Red Skull","Whetstone","Centennial Puzzle","Chemical X","Vajra"],"potions_floor_usage":[4,22,27,33,50,55,55],"damage_taken":[{"damage":6,"enemies":"Cultist","floor":1,"turns":3},{"damage":0,"enemies":"Small Slimes","floor":2,"turns":2},{"damage":1,"enemies":"2 Louse","floor":3,"turns":2},{"damage":1,"enemies":"Gremlin Gang","floor":4,"turns":4},{"damage":21,"enemies":"Gremlin Nob","floor":10,"turns":4},{"damage":7,"enemies":"3 Louse","floor":11,"turns":3},{"damage":12,"enemies":"3 Sentries","floor":13,"turns":6},{"damage":5,"enemies":"Exordium Thugs","floor":14,"turns":4},{"damage":18,"enemies":"Slime Boss","floor":16,"turns":8},{"damage":7,"enemies":"Shell Parasite","floor":18,"turns":6},{"damage":13,"enemies":"Spheric Guardian","floor":22,"turns":5},{"damage":9,"enemies":"Slavers","floor":27,"turns":6},{"damage":6,"enemies":"Chosen and Byrds","floor":29,"turns":3},{"damage":15,"enemies":"Book of Stabbing","floor":30,"turns":5},{"damage":6,"enemies":"Centurion and Healer","floor":31,"turns":11},{"damage":6,"enemies":"Automaton","floor":33,"turns":13},{"damage":6,"enemies":"3 Darklings","floor":35,"turns":6},{"damage":7,"enemies":"3 Shapes","floor":36,"turns":2},{"damage":1,"enemies":"Jaw Worm Horde","floor":37,"turns":6},{"damage":22,"enemies":"Maw","floor":39,"turns":8},{"damage":1,"enemies":"Nemesis","floor":40,"turns":2},{"damage":6,"enemies":"4 Shapes","floor":42,"turns":4},{"damage":1,"enemies":"2 Orb Walkers","floor":44,"turns":4},{"damage":0,"enemies":"3 Darklings","floor":46,"turns":2},{"damage":12,"enemies":"Reptomancer","floor":47,"turns":4},{"damage":7,"enemies":"Donu and Deca","floor":50,"turns":7},{"damage":42,"enemies":"Shield and Spear","floor":54,"turns":6},{"damage":27,"enemies":"The Heart","floor":55,"turns":9}],"seed_played":"-716266647904773159","potions_obtained":[{"floor":2,"key":"EssenceOfSteel"},{"floor":3,"key":"Weak Potion"},{"floor":14,"key":"Block Potion"},{"floor":16,"key":"Regen Potion"},{"floor":22,"key":"Block Potion"},{"floor":31,"key":"EssenceOfSteel"},{"floor":33,"key":"Strength Potion"}],"is_trial":false,"path_per_floor":["M","M","M","M","?","R","$","R","T","E","M","?","E","M","R","B",null,"M","?","?","$","M","R","?","$","T","E","$","M","E","M","R","B",null,"M","M","M","?","M","E","R","M","T","?","?","M","E","T","R","B",null,"R","$","E","B",null],"character_chosen":"IRONCLAD","items_purchased":["Warcry","Offering+1","Warcry+1","Sling","Warcry+1","Centennial Puzzle","Chemical X"],"campfire_rested":0,"item_purchase_floors":[7,21,21,25,28,53,53],"current_hp_per_floor":[80,80,80,80,77,77,77,77,77,69,68,68,62,63,63,51,87,87,71,71,71,68,68,44,44,44,70,70,74,69,73,73,77,97,97,97,97,97,85,94,94,97,97,97,97,97,95,95,95,97,97,97,97,65,60],"gold":35,"neow_bonus":"ONE_RARE_RELIC","is_prod":false,"is_daily":false,"chose_seed":false,"campfire_upgraded":7,"win_rate":0,"timestamp":1557341398,"path_taken":["M","?","M","M","?","R","$","R","T","E","M","?","E","M","R","BOSS","M","?","?","$","?","R","?","?","T","E","$","M","E","M","R","BOSS","M","M","M","?","M","E","R","M","T","?","?","?","E","?","R","BOSS","R","$","E","BOSS"],"build_version":"2019-05-07","purchased_purges":2,"victory":true,"max_hp_per_floor":[80,80,80,80,80,80,80,80,80,87,87,87,87,87,87,87,87,87,87,87,87,87,87,87,87,87,97,97,97,97,97,97,97,97,97,97,97,97,97,97,97,97,97,97,97,97,97,97,97,97,97,97,97,97,97],"card_choices":[{"not_picked":["Flex","Havoc"],"picked":"Cleave","floor":1},{"not_picked":["Seeing Red","Blood for Blood"],"picked":"Iron Wave","floor":2},{"not_picked":["Heavy Blade","Pommel Strike"],"picked":"Battle Trance","floor":3},{"not_picked":["Exhume","Iron Wave"],"picked":"Headbutt","floor":4},{"not_picked":["Twin Strike","Intimidate+1"],"picked":"Havoc+1","floor":10},{"not_picked":["Thunderclap","Warcry+1"],"picked":"Shrug It Off+1","floor":11},{"not_picked":["Bludgeon","Anger"],"picked":"Ghostly Armor+1","floor":13},{"not_picked":["Cleave","Rampage","Thunderclap"],"picked":"SKIP","floor":14},{"not_picked":["Impervious+1","Fiend Fire"],"picked":"Immolate","floor":16},{"not_picked":["Thunderclap","Havoc+1"],"picked":"Shrug It Off+1","floor":18},{"not_picked":["Twin Strike","Flame Barrier+1"],"picked":"Barricade","floor":22},{"not_picked":["Shrug It Off+1","Pummel+1"],"picked":"True Grit+1","floor":27},{"not_picked":["Power Through+1","Corruption","Dual Wield+1"],"picked":"SKIP","floor":29},{"not_picked":["Flex+1","Cleave"],"picked":"Warcry+1","floor":30},{"not_picked":["Clothesline","Feel No Pain"],"picked":"Warcry+1","floor":31},{"not_picked":["Reaper","Dark Embrace"],"picked":"Impervious+1","floor":33},{"not_picked":["Whirlwind","Headbutt","Wild Strike"],"picked":"SKIP","floor":35},{"not_picked":["Headbutt","Sever Soul"],"picked":"Entrench+1","floor":36},{"not_picked":["Armaments+1","Headbutt+1","Anger"],"picked":"SKIP","floor":37},{"not_picked":["Rampage+1","Clothesline+1"],"picked":"Body Slam+1","floor":39},{"not_picked":["Power Through+1","Bloodletting+1","Wild Strike+1"],"picked":"SKIP","floor":40},{"not_picked":["Power Through+1","Searing Blow"],"picked":"Pommel Strike+1","floor":42},{"not_picked":["Uppercut+1","Wild Strike"],"picked":"Offering+1","floor":44},{"not_picked":["Perfected Strike","Armaments+1","Cleave+1"],"picked":"SKIP","floor":46},{"not_picked":["Cleave","Power Through+1"],"picked":"Spot Weakness+1","floor":47},{"not_picked":["Burning Pact+1","Shrug It Off+1"],"picked":"Havoc+1","floor":54}],"player_experience":1346643,"relics_obtained":[{"floor":9,"key":"Toxic Egg 2"},{"floor":10,"key":"Strawberry"},{"floor":13,"key":"Smiling Mask"},{"floor":19,"key":"Nilry\u0027s Codex"},{"floor":26,"key":"Potion Belt"},{"floor":27,"key":"Pear"},{"floor":30,"key":"Orichalcum"},{"floor":40,"key":"Meat on the Bone"},{"floor":44,"key":"StoneCalendar"},{"floor":47,"key":"Red Skull"},{"floor":48,"key":"Whetstone"},{"floor":54,"key":"Vajra"}],"event_choices":[{"damage_healed":0,"gold_gain":0,"player_choice":"Success","damage_taken":3,"relics_obtained":["Darkstone Periapt"],"max_hp_gain":0,"max_hp_loss":0,"event_name":"Scrap Ooze","floor":5,"gold_loss":0},{"cards_removed":["Warcry"],"damage_healed":0,"gold_gain":0,"player_choice":"Took Card","damage_taken":0,"max_hp_gain":0,"max_hp_loss":0,"event_name":"NoteForYourself","floor":12,"gold_loss":0,"cards_obtained":["Rampage"]},{"damage_healed":0,"gold_gain":0,"player_choice":"Obtained Book","damage_taken":16,"max_hp_gain":0,"max_hp_loss":0,"event_name":"Cursed Tome","floor":19,"gold_loss":0},{"damage_healed":0,"gold_gain":100,"player_choice":"Bet on Murderer","damage_taken":0,"max_hp_gain":0,"max_hp_loss":0,"event_name":"The Joust","floor":20,"gold_loss":50},{"damage_healed":0,"gold_gain":180,"player_choice":"GOLD GOLD ","damage_taken":24,"max_hp_gain":0,"max_hp_loss":0,"event_name":"Knowing Skull","floor":24,"potions_obtained":[],"gold_loss":0,"cards_obtained":[]},{"cards_removed":["Cleave"],"damage_healed":0,"gold_gain":0,"player_choice":"Removed Attack","damage_taken":0,"max_hp_gain":0,"max_hp_loss":0,"event_name":"Falling","floor":38,"gold_loss":0},{"damage_healed":0,"gold_gain":0,"player_choice":"Fight","damage_taken":0,"max_hp_gain":0,"max_hp_loss":0,"event_name":"Mysterious Sphere","floor":44,"gold_loss":0},{"damage_healed":0,"gold_gain":0,"player_choice":"Upgraded","damage_taken":0,"max_hp_gain":0,"max_hp_loss":0,"event_name":"Upgrade Shrine","floor":45,"gold_loss":0,"cards_upgraded":["Immolate"]}],"is_beta":true,"boss_relics":[{"not_picked":["Fusion Hammer","White Beast Statue"],"picked":"Black Blood"},{"not_picked":["Eternal Feather","Calling Bell"],"picked":"Sozu"}],"items_purged_floors":[21,53],"is_endless":false,"potions_floor_spawned":[2,3,14,16,22,31,33,37,39,40,42,46,54],"ascension_level":0}