{"path_per_floor":["M","?","?","$","M","E","R","M","T","E","R","M","M","M","R","B",null,"M","?","?","T","M","E","R","E","T","M","E","R","?","$","R","B",null,"M","M","$"],"character_chosen":"DEFECT","items_purchased":["Hello World","Beam Cell","Loop","Go for the Eyes","Turbo","Gremlin Horn","Buffer","FTL"],"gold_per_floor":[119,194,194,69,81,114,114,130,209,243,243,263,279,298,298,395,395,408,408,408,493,503,503,503,529,555,570,600,600,580,154,154,249,249,268,283,71,71],"floor_reached":38,"campfire_rested":5,"playtime":2845,"item_purchase_floors":[4,4,31,31,31,31,37,37],"current_hp_per_floor":[75,64,64,64,64,51,51,49,49,32,54,54,45,41,63,47,75,47,47,47,47,41,15,45,12,12,5,5,37,37,37,71,45,75,34,15,15,0],"items_purged":[],"gold":71,"score":562,"play_id":"e5c460f2-69ff-40e7-bce9-b634edfb56c9","local_time":"20180607231834","is_prod":false,"is_daily":false,"chose_seed":false,"is_ascension_mode":true,"campfire_upgraded":1,"win_rate":0,"timestamp":1528424314,"campfire_choices":[{"data":"Genetic Algorithm","floor":7,"key":"SMITH"},{"floor":11,"key":"REST"},{"floor":15,"key":"REST"},{"floor":24,"key":"REST"},{"floor":29,"key":"REST"},{"floor":32,"key":"REST"}],"path_taken":["M","?","?","$","M","E","R","M","T","E","R","M","M","M","R","BOSS","M","?","?","?","?","E","R","E","T","M","E","R","?","$","R","BOSS","M","M","$","M"],"build_version":"2018-05-31","seed_source_timestamp":266127879988053,"purchased_purges":0,"victory":false,"master_deck":["Strike_B","Strike_B","Strike_B","Strike_B","Defend_B","Defend_B","Defend_B","Defend_B","Zap","Dualcast","Go for the Eyes+1","Hello World","Beam Cell","Ball Lightning","Genetic Algorithm+1","Redo","Defragment","Multi-Cast","Double Energy","Scrape","Buffer","Stack","Beam Cell+1","Conserve Battery","Machine Learning","Defragment+1","Hologram+1","Loop","Go for the Eyes","Turbo","Gash","Seek","Leap+1","Ball Lightning+1","Buffer","FTL"],"max_hp_per_floor":[75,75,75,75,75,75,75,75,75,75,75,75,75,75,75,75,75,75,75,75,75,75,75,75,75,75,75,75,75,75,75,75,75,75,75,75,75,75],"relics":["Cracked Core","Anchor","Orichalcum","Blue Candle","Darkstone Periapt","Eternal Feather","Tiny Chest","Dream Catcher","Ancient Tea Set","Art of War","Gremlin Horn","Nuclear Battery"],"card_choices":[{"not_picked":["Stack","Coolheaded"],"picked":"Go for the Eyes","floor":1},{"not_picked":["Hologram","Static Discharge"],"picked":"Ball Lightning","floor":5},{"not_picked":["Storm","Stack"],"picked":"Genetic Algorithm","floor":6},{"not_picked":["Consume","Blizzard"],"picked":"Redo","floor":8},{"not_picked":["Turbo","Undo"],"picked":"Defragment","floor":10},{"not_picked":["Compile Driver","Heatsinks"],"picked":"Multi-Cast","floor":12},{"not_picked":["Reinforced Body","Coolheaded"],"picked":"Double Energy","floor":13},{"not_picked":["Coolheaded","Go for the Eyes"],"picked":"Scrape","floor":14},{"not_picked":["Fission","Core Surge"],"picked":"Buffer","floor":16},{"not_picked":["Rebound","Cold Snap"],"picked":"Stack","floor":18},{"not_picked":["Rebound+1","Sweeping Beam"],"picked":"Beam Cell+1","floor":22},{"not_picked":["Stack+1","Steam"],"picked":"Conserve Battery","floor":25},{"not_picked":["Barrage","Reprogram"],"picked":"Machine Learning","floor":27},{"not_picked":["Cold Snap","Turbo"],"picked":"Defragment+1","floor":28},{"not_picked":["Reprogram+1","Steam"],"picked":"Hologram+1","floor":29},{"not_picked":["Go for the Eyes","Hologram"],"picked":"Gash","floor":32},{"not_picked":["Creative AI","Rainbow"],"picked":"Seek","floor":33},{"not_picked":["Aggregate","Redo"],"picked":"Leap+1","floor":35},{"not_picked":["Hologram","Redo+1"],"picked":"Ball Lightning+1","floor":36}],"player_experience":301778,"potions_floor_usage":[16,16,23,23,23,25,28,35,38,38],"damage_taken":[{"damage":0,"enemies":"Small Slimes","floor":1,"turns":2},{"damage":0,"enemies":"Cultist","floor":5,"turns":3},{"damage":13,"enemies":"3 Sentries","floor":6,"turns":5},{"damage":2,"enemies":"Jaw Worm","floor":8,"turns":2},{"damage":17,"enemies":"Gremlin Nob","floor":10,"turns":4},{"damage":0,"enemies":"Large Slime","floor":12,"turns":3},{"damage":9,"enemies":"3 Louse","floor":13,"turns":3},{"damage":4,"enemies":"Lots of Slimes","floor":14,"turns":3},{"damage":16,"enemies":"Hexaghost","floor":16,"turns":9},{"damage":28,"enemies":"3 Byrds","floor":18,"turns":5},{"damage":6,"enemies":"Shell Parasite","floor":22,"turns":5},{"damage":26,"enemies":"Book of Stabbing","floor":23,"turns":5},{"damage":33,"enemies":"Slavers","floor":25,"turns":7},{"damage":7,"enemies":"Chosen and Byrds","floor":27,"turns":6},{"damage":0,"enemies":"Gremlin Leader","floor":28,"turns":6},{"damage":26,"enemies":"Champ","floor":33,"turns":15},{"damage":41,"enemies":"3 Darklings","floor":35,"turns":6},{"damage":19,"enemies":"3 Shapes","floor":36,"turns":5},{"damage":35,"enemies":"3 Darklings","floor":38,"turns":4}],"relics_obtained":[{"floor":6,"key":"Orichalcum"},{"floor":9,"key":"Blue Candle"},{"floor":10,"key":"Darkstone Periapt"},{"floor":21,"key":"Tiny Chest"},{"floor":25,"key":"Dream Catcher"},{"floor":26,"key":"Ancient Tea Set"},{"floor":28,"key":"Art of War"}],"event_choices":[{"event_name":"World of Goop","player_choice":"Gather Gold","floor":2,"damage_taken":0},{"event_name":"Living Wall","player_choice":"Grow","floor":3,"damage_taken":0},{"event_name":"Purifier","player_choice":"Skipped","floor":19,"damage_taken":0},{"event_name":"The Lab","player_choice":"Got Potions","floor":20,"damage_taken":0},{"event_name":"The Woman in Blue","player_choice":"Bought 1 Potion","floor":30,"damage_taken":0}],"boss_relics":[{"not_picked":["Velvet Choker","Runic Pyramid"],"picked":"Eternal Feather"},{"not_picked":["Pandora\u0027s Box","Inserter"],"picked":"Nuclear Battery"}],"items_purged_floors":[],"potions_floor_spawned":[6,12,14,25,28,33,35],"seed_played":"4173232965338724260","killed_by":"3 Darklings","ascension_level":3,"potions_obtained":[{"floor":6,"key":"Strength Potion"},{"floor":12,"key":"Strength Potion"},{"floor":14,"key":"Block Potion"},{"floor":20,"key":"EntropicBrew"},{"floor":20,"key":"FairyPotion"},{"floor":25,"key":"PowerPotion"},{"floor":28,"key":"GamblersBrew"},{"floor":30,"key":"Ancient Potion"},{"floor":33,"key":"LiquidBronze"},{"floor":35,"key":"LiquidBronze"}],"is_trial":false}