{"gold_per_floor":[111,36,50,50,50,84,94,94,94,94,109,141,171,190,190,295,295,311,311,185,202,218,253,253,253],"floor_reached":25,"playtime":5515,"items_purged":["Pain","Strike_R"],"score":323,"play_id":"23b14db9-39ac-4203-a64b-334cf6b607aa","local_time":"20190219181235","is_ascension_mode":true,"campfire_choices":[{"data":"Spot Weakness","floor":8.0,"key":"SMITH"},{"floor":10.0,"key":"REST"},{"data":"Anger","floor":15.0,"key":"SMITH"},{"data":"Rage","floor":24,"key":"SMITH"}],"neow_cost":"CURSE","seed_source_timestamp":0,"circlet_count":0,"master_deck":["Strike_R","Strike_R","Strike_R","Strike_R","Defend_R","Defend_R","Defend_R","Defend_R","Bash","Spot Weakness+1","Shockwave","Evolve+1","Anger+1","Sword Boomerang","Impervious","Fire Breathing+1","Dark Embrace+1","Heavy Blade","RitualDagger","Feel No Pain+1","Battle Trance","Clothesline","Rage+1"],"special_seed":0,"relics":["Black Blood","Gambling Chip","Frozen Egg 2","Mummified Hand","Ice Cream","Smiling Mask","Shuriken"],"potions_floor_usage":[22,25,25],"damage_taken":[{"damage":12.0,"enemies":"Small Slimes","floor":1.0,"turns":4.0},{"damage":11.0,"enemies":"Jaw Worm","floor":3.0,"turns":4.0},{"damage":52.0,"enemies":"Lagavulin","floor":6.0,"turns":8.0},{"damage":0.0,"enemies":"2 Louse","floor":7.0,"turns":2.0},{"damage":3.0,"enemies":"2 Fungi Beasts","floor":11.0,"turns":3.0},{"damage":18.0,"enemies":"Gremlin Nob","floor":12.0,"turns":3.0},{"damage":3.0,"enemies":"Blue Slaver","floor":14.0,"turns":3.0},{"damage":31.0,"enemies":"The Guardian","floor":16.0,"turns":9.0},{"damage":18,"enemies":"Chosen","floor":18,"turns":5},{"damage":6,"enemies":"Spheric Guardian","floor":21,"turns":3},{"damage":6,"enemies":"Cultist and Chosen","floor":22,"turns":4},{"damage":34,"enemies":"Book of Stabbing","floor":23,"turns":4},{"damage":39,"enemies":"Slavers","floor":25,"turns":3}],"seed_played":"5463916022060367184","potions_obtained":[{"floor":6.0,"key":"Energy Potion"},{"floor":7.0,"key":"Swift Potion"},{"floor":16.0,"key":"GamblersBrew"},{"floor":18,"key":"Fire Potion"}],"is_trial":false,"path_per_floor":["M","$","M","?","?","E","M","R","T","R","M","E","?","M","R","B",null,"M","?","$","M","M","E","R","E"],"character_chosen":"IRONCLAD","items_purchased":["Feel No Pain+1"],"campfire_rested":1,"item_purchase_floors":[20],"current_hp_per_floor":[66,66,61,61,66,20,26,26,26,51,54,42,42,45,45,20,69,61,55,55,59,63,39,39,0],"gold":253,"neow_bonus":"ONE_RARE_RELIC","is_prod":false,"is_daily":false,"chose_seed":false,"campfire_upgraded":3,"win_rate":0,"timestamp":1550610755,"path_taken":["M","$","M","?","?","E","M","R","T","R","?","E","?","M","R","BOSS","M","?","$","M","M","E","R","E"],"build_version":"2019-01-23","purchased_purges":2,"victory":false,"max_hp_per_floor":[80,80,80,80,85,85,85,85,85,85,85,85,85,85,85,85,85,85,85,85,85,85,85,85,85],"card_choices":[{"not_picked":["Warcry","Flex"],"picked":"Spot Weakness","floor":1.0},{"not_picked":["Combust","Ghostly Armor"],"picked":"Shockwave","floor":3.0},{"not_picked":["Twin Strike","Entrench"],"picked":"Evolve","floor":6.0},{"not_picked":["Seeing Red","Clash"],"picked":"Anger","floor":7.0},{"not_picked":["Sever Soul","Cleave"],"picked":"Sword Boomerang","floor":11.0},{"not_picked":["Evolve+1","True Grit"],"picked":"Impervious","floor":12.0},{"not_picked":["Anger","Havoc"],"picked":"Fire Breathing+1","floor":14.0},{"not_picked":["Feed","Double Tap"],"picked":"Dark Embrace+1","floor":16.0},{"not_picked":["Cleave","Rage"],"picked":"Heavy Blade","floor":18},{"not_picked":["Carnage","Dropkick"],"picked":"Battle Trance","floor":21},{"not_picked":["Pommel Strike","Battle Trance"],"picked":"Clothesline","floor":22},{"not_picked":["Flex","Body Slam"],"picked":"Rage","floor":23}],"player_experience":788814,"relics_obtained":[{"floor":6.0,"key":"Frozen Egg 2"},{"floor":9.0,"key":"Mummified Hand"},{"floor":12.0,"key":"Ice Cream"},{"floor":23,"key":"Shuriken"}],"event_choices":[{"damage_healed":0.0,"max_hp_gain":0.0,"max_hp_loss":0.0,"gold_gain":0.0,"event_name":"Golden Wing","player_choice":"Ignored","floor":4.0,"gold_loss":0.0,"damage_taken":0.0},{"damage_healed":0.0,"max_hp_gain":5.0,"max_hp_loss":0.0,"gold_gain":0.0,"event_name":"Big Fish","player_choice":"Donut","floor":5.0,"gold_loss":0.0,"damage_taken":0.0},{"damage_healed":0.0,"max_hp_gain":0.0,"max_hp_loss":0.0,"gold_gain":30.0,"event_name":"Dead Adventurer","player_choice":"Searched \u00273\u0027 times","floor":13.0,"gold_loss":0.0,"damage_taken":0.0,"relics_obtained":["Smiling Mask"]},{"damage_healed":0,"gold_gain":0,"player_choice":"Joined the Cult","damage_taken":6,"max_hp_gain":0,"max_hp_loss":0,"event_name":"Nest","floor":19,"gold_loss":0,"cards_obtained":["RitualDagger"]}],"is_beta":false,"boss_relics":[{"not_picked":["Cursed Key","Fusion Hammer"],"picked":"Black Blood"}],"items_purged_floors":[2,20],"is_endless":false,"potions_floor_spawned":[6,7,16,18],"killed_by":"Slavers","ascension_level":8}