{"gold_per_floor":[115,115,290,301,74,109,69,101,101,71,71,81,95,95,95,198,198,211,280,292,292,311,311,336,346,426,460,478,478,84,84],"floor_reached":31,"playtime":1272,"items_purged":["Doubt","Strike_G"],"score":453,"play_id":"0f0bd4fc-848a-4e5a-b441-cfa4a2fb515f","local_time":"20190322021104","is_ascension_mode":true,"campfire_choices":[{"floor":11,"key":"REST"},{"floor":15,"key":"REST"},{"data":"Footwork","floor":23,"key":"SMITH"}],"neow_cost":"NONE","seed_source_timestamp":93402378092717,"circlet_count":0,"master_deck":["AscendersBane","Defend_G","Defend_G","Defend_G","Defend_G","Defend_G","Strike_G","Strike_G","Strike_G","Survivor","Neutralize+1","Footwork+1","Poisoned Stab","Cloak And Dagger","Caltrops","PiercingWail","Escape Plan","Noxious Fumes","Sucker Punch","Bouncing Flask","Noxious Fumes","Corpse Explosion","Concentrate","Catalyst","Leg Sweep","Cloak And Dagger","Mayhem"],"relics":["Ring of the Snake","Boot","The Courier","Ornamental Fan","Snecko Eye","Meat on the Bone","Anchor","Peace Pipe","OrangePellets"],"potions_floor_usage":[13,16,22,22],"damage_taken":[{"damage":9,"enemies":"Small Slimes","floor":1,"turns":5},{"damage":4,"enemies":"2 Louse","floor":4,"turns":3},{"damage":32,"enemies":"3 Sentries","floor":6,"turns":14},{"damage":3,"enemies":"Lagavulin","floor":8,"turns":8},{"damage":1,"enemies":"Cultist","floor":12,"turns":4},{"damage":0,"enemies":"3 Louse","floor":13,"turns":2},{"damage":27,"enemies":"The Guardian","floor":16,"turns":9},{"damage":0,"enemies":"Chosen","floor":18,"turns":4},{"damage":12,"enemies":"2 Thieves","floor":20,"turns":4},{"damage":27,"enemies":"Snake Plant","floor":22,"turns":5},{"damage":30,"enemies":"Slavers","floor":24,"turns":4},{"damage":14,"enemies":"Cultist and Chosen","floor":25,"turns":5},{"damage":21,"enemies":"Book of Stabbing","floor":27,"turns":5},{"damage":10,"enemies":"Sentry and Sphere","floor":28,"turns":4},{"damage":6,"enemies":"Snake Plant","floor":31,"turns":2}],"seed_played":"1880540933076737518","potions_obtained":[{"floor":10,"key":"SmokeBomb"},{"floor":10,"key":"Explosive Potion"},{"floor":13,"key":"SkillPotion"},{"floor":18,"key":"Regen Potion"},{"floor":20,"key":"GhostInAJar"},{"floor":27,"key":"Strength Potion"}],"is_trial":false,"path_per_floor":["M","?","?","M","$","E","$","E","T","?","R","M","M","?","R","B",null,"M","T","M","?","M","R","E","M","T","E","M","?","$","M"],"character_chosen":"THE_SILENT","items_purchased":["Cloak And Dagger","Caltrops","PiercingWail","Noxious Fumes","Mayhem","OrangePellets"],"campfire_rested":2,"item_purchase_floors":[5,5,5,7,30,30],"current_hp_per_floor":[54,47,47,43,43,11,11,8,8,8,29,28,28,28,49,22,58,58,58,46,46,46,46,28,26,26,17,19,6,6,0],"gold":84,"neow_bonus":"UPGRADE_CARD","is_prod":false,"is_daily":false,"chose_seed":false,"campfire_upgraded":1,"win_rate":0,"timestamp":1553231464,"path_taken":["M","?","?","M","$","E","$","E","T","?","R","?","M","?","R","BOSS","M","?","M","?","M","R","E","M","T","E","M","?","?","?"],"build_version":"2019-01-23","purchased_purges":2,"victory":false,"max_hp_per_floor":[70,70,70,70,70,70,70,70,70,70,70,70,70,70,70,70,70,70,70,70,70,70,70,70,70,70,70,70,75,75,75],"card_choices":[{"not_picked":["Slice","Sucker Punch"],"picked":"Footwork","floor":1},{"not_picked":["Outmaneuver","Underhanded Strike"],"picked":"Poisoned Stab","floor":4},{"not_picked":["Predator","Bane"],"picked":"Escape Plan","floor":6},{"not_picked":["Infinite Blades","Dagger Throw"],"picked":"Sucker Punch","floor":8},{"not_picked":["Acrobatics","Poisoned Stab"],"picked":"Bouncing Flask","floor":12},{"not_picked":["Dagger Spray","Slice"],"picked":"Noxious Fumes","floor":13},{"not_picked":["Doppelganger","A Thousand Cuts"],"picked":"Corpse Explosion","floor":16},{"not_picked":["Underhanded Strike","Bane","Deadly Poison"],"picked":"SKIP","floor":18},{"not_picked":["Setup","Underhanded Strike"],"picked":"Concentrate","floor":20},{"not_picked":["Sucker Punch","PiercingWail","Acrobatics"],"picked":"SKIP","floor":22},{"not_picked":["Tactician","Dagger Throw"],"picked":"Catalyst","floor":24},{"not_picked":["Dagger Throw","Slice"],"picked":"Leg Sweep","floor":25},{"not_picked":["Distraction","PiercingWail","Slice"],"picked":"SKIP","floor":27},{"not_picked":["Deadly Poison","Backflip"],"picked":"Cloak And Dagger","floor":28}],"player_experience":986191,"relics_obtained":[{"floor":6,"key":"Boot"},{"floor":8,"key":"The Courier"},{"floor":9,"key":"Ornamental Fan"},{"floor":19,"key":"Meat on the Bone"},{"floor":24,"key":"Anchor"},{"floor":27,"key":"Peace Pipe"}],"event_choices":[{"cards_removed":["Strike_G"],"damage_healed":0,"gold_gain":0,"player_choice":"Card Removal","damage_taken":7,"max_hp_gain":0,"max_hp_loss":0,"event_name":"Golden Wing","floor":2,"gold_loss":0},{"damage_healed":0,"gold_gain":175,"player_choice":"AGREE","damage_taken":0,"max_hp_gain":0,"max_hp_loss":0,"event_name":"Liars Game","floor":3,"gold_loss":0,"cards_obtained":["Doubt"]},{"damage_healed":0,"gold_gain":0,"player_choice":"Bought 2 Potions","damage_taken":0,"max_hp_gain":0,"max_hp_loss":0,"event_name":"The Woman in Blue","floor":10,"gold_loss":0},{"damage_healed":0,"gold_gain":0,"player_choice":"0 cards matched","damage_taken":0,"max_hp_gain":0,"max_hp_loss":0,"event_name":"Match and Keep!","floor":14,"gold_loss":0,"cards_obtained":[]},{"damage_healed":0,"gold_gain":0,"player_choice":"Ignored","damage_taken":0,"max_hp_gain":0,"max_hp_loss":0,"event_name":"Vampires","floor":21,"gold_loss":0},{"damage_healed":0,"gold_gain":0,"player_choice":"Shed Blood","damage_taken":18,"max_hp_gain":5,"max_hp_loss":0,"event_name":"Forgotten Altar","floor":29,"gold_loss":0}],"is_beta":false,"boss_relics":[{"not_picked":["Ring of the Serpent","Empty Cage"],"picked":"Snecko Eye"}],"items_purged_floors":[5,30],"is_endless":false,"potions_floor_spawned":[12,13,18,20,27],"killed_by":"Snake Plant","ascension_level":12}