{"gold_per_floor":[110,110,61,61,77,77,110,210,210,253,253,206,224,224,224,349,349,364,364,384,384,309,309,134,134,134,165,178,217,217,217],"floor_reached":31,"playtime":1029,"items_purged":["Injury"],"score":316,"play_id":"8e94f3df-493e-4741-973d-4afe8ef2e89d","local_time":"20190418143006","is_ascension_mode":true,"campfire_choices":[{"data":"Dagger Spray","floor":6,"key":"SMITH"},{"data":"Storm of Steel","floor":11,"key":"SMITH"},{"floor":15,"key":"REST"},{"data":"Storm of Steel","floor":23,"key":"SMITH"},{"data":"Cloak And Dagger","floor":25,"key":"SMITH"}],"neow_cost":"NONE","seed_source_timestamp":567579698313000,"circlet_count":0,"master_deck":["Defend_G","Defend_G","Defend_G","Defend_G","Defend_G","Survivor","Neutralize","Dodge and Roll","Backflip","Dagger Spray+1","Storm of Steel+1","Well Laid Plans","Dagger Throw","Storm of Steel+1","Endless Agony","RitualDagger","Cloak And Dagger+1","Bite","Bite","Bite","Bite","Bite","Slice","Blade Dance","Endless Agony","Underhanded Strike"],"relics":["Runic Pyramid","Golden Idol","Shuriken","Juzu Bracelet","Bag of Marbles","Vajra","Gremlin Horn","Boot","Du-Vu Doll"],"potions_floor_usage":[7,20],"damage_taken":[{"damage":0,"enemies":"Jaw Worm","floor":1,"turns":5},{"damage":8,"enemies":"Small Slimes","floor":5,"turns":6},{"damage":6,"enemies":"Gremlin Nob","floor":7,"turns":4},{"damage":17,"enemies":"3 Sentries","floor":10,"turns":6},{"damage":0,"enemies":"Cultist","floor":13,"turns":2},{"damage":34,"enemies":"Slime Boss","floor":16,"turns":9},{"damage":3,"enemies":"3 Byrds","floor":18,"turns":4},{"damage":20,"enemies":"2 Thieves","floor":20,"turns":3},{"damage":32,"enemies":"Book of Stabbing","floor":27,"turns":4},{"damage":5,"enemies":"Cultist and Chosen","floor":28,"turns":3},{"damage":7,"enemies":"Gremlin Leader","floor":29,"turns":5},{"damage":18,"enemies":"Sentry and Sphere","floor":31,"turns":3}],"seed_played":"5719258296450554579","potions_obtained":[{"floor":1,"key":"Fire Potion"},{"floor":13,"key":"PowerPotion"},{"floor":20,"key":"GamblersBrew"},{"floor":27,"key":"Poison Potion"},{"floor":28,"key":"Energy Potion"}],"is_trial":false,"path_per_floor":["M","?","$","?","M","R","E","?","T","E","R","$","M","?","R","B",null,"M","?","M","?","$","R","$","R","T","E","M","E","?","M"],"character_chosen":"THE_SILENT","items_purchased":["Backflip","Dagger Throw","Vajra","Slice"],"campfire_rested":1,"item_purchase_floors":[3,12,24,24],"current_hp_per_floor":[70,70,70,70,62,62,56,56,56,39,39,39,39,39,60,26,70,67,61,41,41,41,41,41,41,41,13,10,11,11,0],"gold":217,"neow_bonus":"BOSS_RELIC","is_prod":false,"is_daily":false,"chose_seed":false,"campfire_upgraded":4,"win_rate":0,"timestamp":1555612206,"path_taken":["M","?","?","?","M","R","E","?","T","E","R","$","M","?","R","BOSS","M","?","M","?","$","R","$","R","T","E","M","E","?","M"],"build_version":"2019-01-23","purchased_purges":1,"victory":false,"max_hp_per_floor":[70,70,70,70,70,70,70,70,70,70,70,70,70,70,70,70,70,70,70,70,49,49,49,49,49,49,49,49,49,49,49],"card_choices":[{"not_picked":["Finisher","Endless Agony"],"picked":"Dodge and Roll","floor":1},{"not_picked":["Sucker Punch","Outmaneuver"],"picked":"Dagger Spray","floor":5},{"not_picked":["PiercingWail","Backstab"],"picked":"Storm of Steel","floor":7},{"not_picked":["Acrobatics","Reflex"],"picked":"Well Laid Plans","floor":10},{"not_picked":["Outmaneuver","Sucker Punch","Finisher"],"picked":"SKIP","floor":13},{"not_picked":["After Image","Tools of the Trade"],"picked":"Storm of Steel","floor":16},{"not_picked":["Leg Sweep","Blur"],"picked":"Endless Agony","floor":18},{"not_picked":["Dagger Spray","Infinite Blades"],"picked":"Cloak And Dagger","floor":20},{"not_picked":["Tools of the Trade","Expertise"],"picked":"Blade Dance","floor":27},{"not_picked":["Quick Slash","Well Laid Plans"],"picked":"Endless Agony","floor":28},{"not_picked":["Backflip","Setup"],"picked":"Underhanded Strike","floor":29}],"player_experience":102150,"relics_obtained":[{"floor":7,"key":"Shuriken"},{"floor":9,"key":"Juzu Bracelet"},{"floor":10,"key":"Bag of Marbles"},{"floor":26,"key":"Gremlin Horn"},{"floor":27,"key":"Boot"},{"floor":29,"key":"Du-Vu Doll"}],"event_choices":[{"damage_healed":0,"gold_gain":0,"player_choice":"Leave","damage_taken":0,"max_hp_gain":0,"max_hp_loss":0,"event_name":"The Cleric","floor":2,"gold_loss":0},{"damage_healed":0,"gold_gain":0,"player_choice":"Take Wound","damage_taken":0,"relics_obtained":["Golden Idol"],"max_hp_gain":0,"max_hp_loss":0,"event_name":"Golden Idol","floor":4,"gold_loss":0,"cards_obtained":["Injury"]},{"damage_healed":0,"gold_gain":100,"player_choice":"Pray","damage_taken":0,"max_hp_gain":0,"max_hp_loss":0,"event_name":"Golden Shrine","floor":8,"gold_loss":0},{"damage_healed":0,"gold_gain":0,"player_choice":"Ignored","damage_taken":0,"max_hp_gain":0,"max_hp_loss":0,"event_name":"Golden Wing","floor":14,"gold_loss":0},{"damage_healed":0,"gold_gain":0,"player_choice":"Joined the Cult","damage_taken":6,"max_hp_gain":0,"max_hp_loss":0,"event_name":"Nest","floor":19,"gold_loss":0,"cards_obtained":["RitualDagger"]},{"damage_healed":0,"gold_gain":0,"player_choice":"Became a vampire","damage_taken":0,"max_hp_gain":0,"max_hp_loss":21,"event_name":"Vampires","floor":21,"gold_loss":0,"cards_obtained":["Bite","Bite","Bite","Bite","Bite"]},{"damage_healed":0,"gold_gain":0,"player_choice":"Ignored","damage_taken":0,"max_hp_gain":0,"max_hp_loss":0,"event_name":"Beggar","floor":30,"gold_loss":0}],"is_beta":false,"boss_relics":[{"not_picked":["Snecko Eye","Fusion Hammer","Lizard Tail"]}],"items_purged_floors":[22],"is_endless":false,"potions_floor_spawned":[1,13,20,27,28],"killed_by":"Sentry and Sphere","ascension_level":1}