{"gold_per_floor":[111,111,111,111,128,159,174,203,229,229,258,274,284,284,284,387,387,400,400,400,92,104,139,54,66,66,66,66,77,29,58,58,58],"floor_reached":33,"playtime":1303,"items_purged":[],"score":337,"play_id":"e86e9a10-fd11-4d50-ab8c-e50b007d1d1d","local_time":"20190423123705","is_ascension_mode":true,"campfire_choices":[{"floor":10,"key":"REST"},{"floor":15,"key":"REST"},{"floor":27,"key":"REST"},{"floor":32,"key":"REST"}],"neow_cost":"NONE","seed_source_timestamp":941745339244100,"circlet_count":0,"master_deck":["Strike_R+1","Strike_R+1","Strike_R+1","Strike_R+1","Strike_R+1","Defend_R+1","Defend_R+1","Defend_R+1","Defend_R+1","Bash","Combust","Cleave","Rampage","Headbutt","Clash","Anger","Rupture","Iron Wave","Limit Break","Infernal Blade","Armaments","Inflame","Body Slam+1","Inflame+1","Rage"],"relics":["Burning Blood","Orichalcum","Odd Mushroom","Lantern","Dodecahedron","Charon\u0027s Ashes","Lizard Tail","Chemical X","Bottled Lightning","Blood Vial","Meat on the Bone"],"potions_floor_usage":[6,23,25,25,25,31,33],"damage_taken":[{"damage":5,"enemies":"2 Louse","floor":1,"turns":4},{"damage":6,"enemies":"Small Slimes","floor":5,"turns":3},{"damage":29,"enemies":"Gremlin Nob","floor":6,"turns":4},{"damage":7,"enemies":"Jaw Worm","floor":7,"turns":3},{"damage":19,"enemies":"The Mushroom Lair","floor":8,"turns":3},{"damage":23,"enemies":"3 Sentries","floor":11,"turns":4},{"damage":12,"enemies":"Large Slime","floor":12,"turns":2},{"damage":7,"enemies":"Exordium Thugs","floor":13,"turns":3},{"damage":12,"enemies":"Slime Boss","floor":16,"turns":8},{"damage":28,"enemies":"2 Thieves","floor":18,"turns":4},{"damage":1,"enemies":"3 Byrds","floor":22,"turns":5},{"damage":46,"enemies":"Gremlin Leader","floor":23,"turns":7},{"damage":26,"enemies":"Cultist and Chosen","floor":25,"turns":6},{"damage":39,"enemies":"Colosseum Slavers","floor":28,"turns":4},{"damage":12,"enemies":"Chosen and Byrds","floor":29,"turns":5},{"damage":23,"enemies":"Slavers","floor":31,"turns":4},{"damage":62,"enemies":"Collector","floor":33,"turns":6}],"seed_played":"-6615743772934312663","potions_obtained":[{"floor":1,"key":"AttackPotion"},{"floor":6,"key":"Strength Potion"},{"floor":8,"key":"SteroidPotion"},{"floor":13,"key":"Fire Potion"},{"floor":23,"key":"SteroidPotion"},{"floor":31,"key":"PowerPotion"}],"is_trial":false,"path_per_floor":["M","?","?","?","M","E","M","?","T","R","E","M","M","?","R","B",null,"M","?","?","$","M","E","?","M","T","R","?","M","$","E","R","B"],"character_chosen":"IRONCLAD","items_purchased":["Chemical X","Armaments","Inflame","Fire Potion"],"campfire_rested":4,"item_purchase_floors":[21,21,21,30],"current_hp_per_floor":[88,88,88,88,88,65,64,51,51,77,60,54,53,35,61,55,88,66,49,49,49,54,14,14,51,51,78,47,43,43,28,55,0],"gold":58,"neow_bonus":"TEN_PERCENT_HP_BONUS","is_prod":false,"is_daily":false,"chose_seed":false,"campfire_upgraded":0,"win_rate":0,"timestamp":1556037425,"path_taken":["M","?","?","?","M","E","M","?","T","R","E","M","M","?","R","BOSS","M","?","?","$","M","E","?","M","T","R","?","M","?","E","R","BOSS"],"build_version":"2019-01-23","purchased_purges":0,"victory":false,"max_hp_per_floor":[88,88,88,88,88,88,88,88,88,88,88,88,88,88,88,88,88,88,93,93,93,93,93,93,93,93,93,93,93,93,93,93,93],"card_choices":[{"not_picked":["Entrench","Corruption"],"picked":"Combust","floor":1},{"not_picked":["Pommel Strike","True Grit"],"picked":"Cleave","floor":5},{"not_picked":["Heavy Blade","Warcry"],"picked":"Rampage","floor":6},{"not_picked":["Burning Pact","Pommel Strike"],"picked":"Headbutt","floor":7},{"not_picked":["Sword Boomerang","Feel No Pain"],"picked":"Clash","floor":8},{"not_picked":["Heavy Blade","Clash"],"picked":"Anger","floor":11},{"not_picked":["Sword Boomerang","Dark Embrace"],"picked":"Rupture","floor":12},{"not_picked":["Pummel","Corruption"],"picked":"Iron Wave","floor":13},{"not_picked":["Double Tap","Demon Form"],"picked":"Limit Break","floor":16},{"not_picked":["Rampage","Warcry+1"],"picked":"Infernal Blade","floor":18},{"not_picked":["Shrug It Off","Dual Wield"],"picked":"Body Slam+1","floor":22},{"not_picked":["Barricade","Evolve","Warcry"],"picked":"SKIP","floor":23},{"not_picked":["Burning Pact","Armaments+1"],"picked":"Inflame+1","floor":25},{"not_picked":["Clothesline","Anger+1"],"picked":"Rage","floor":29},{"not_picked":["Reckless Charge","Bludgeon","Infernal Blade"],"picked":"SKIP","floor":31}],"player_experience":98392,"relics_obtained":[{"floor":6,"key":"Orichalcum"},{"floor":8,"key":"Odd Mushroom"},{"floor":9,"key":"Lantern"},{"floor":11,"key":"Dodecahedron"},{"floor":23,"key":"Bottled Lightning"},{"floor":31,"key":"Meat on the Bone"}],"event_choices":[{"damage_healed":0,"gold_gain":0,"player_choice":"Ignored","damage_taken":0,"max_hp_gain":0,"max_hp_loss":0,"event_name":"Liars Game","floor":2,"gold_loss":0},{"damage_healed":0,"gold_gain":0,"player_choice":"Ignored","damage_taken":0,"max_hp_gain":0,"max_hp_loss":0,"event_name":"Golden Wing","floor":3,"gold_loss":0},{"damage_healed":0,"gold_gain":0,"player_choice":"Leave","damage_taken":0,"max_hp_gain":0,"max_hp_loss":0,"event_name":"The Cleric","floor":4,"gold_loss":0},{"damage_healed":0,"gold_gain":0,"player_choice":"Fought Mushrooms","damage_taken":0,"max_hp_gain":0,"max_hp_loss":0,"event_name":"Mushrooms","floor":8,"gold_loss":0},{"damage_healed":0,"gold_gain":0,"player_choice":"Success","damage_taken":18,"relics_obtained":["Charon\u0027s Ashes"],"max_hp_gain":0,"max_hp_loss":0,"event_name":"Scrap Ooze","floor":14,"gold_loss":0},{"damage_healed":0,"gold_gain":0,"player_choice":"Shed Blood","damage_taken":22,"max_hp_gain":5,"max_hp_loss":0,"event_name":"Forgotten Altar","floor":19,"gold_loss":0},{"damage_healed":0,"gold_gain":0,"player_choice":"Simplicity","damage_taken":0,"max_hp_gain":0,"max_hp_loss":0,"event_name":"Back to Basics","floor":20,"gold_loss":0,"cards_upgraded":["Strike_R","Strike_R","Strike_R","Strike_R","Strike_R","Defend_R","Defend_R","Defend_R","Defend_R"]},{"damage_healed":0,"gold_gain":0,"player_choice":"Obtained Relic","damage_taken":0,"relics_obtained":["Blood Vial"],"max_hp_gain":0,"max_hp_loss":0,"event_name":"Addict","floor":24,"gold_loss":85},{"damage_healed":0,"gold_gain":0,"player_choice":"Fight","damage_taken":0,"max_hp_gain":0,"max_hp_loss":0,"event_name":"Colosseum","floor":28,"gold_loss":0},{"damage_healed":0,"gold_gain":0,"player_choice":"Fled From Nobs","damage_taken":0,"max_hp_gain":0,"max_hp_loss":0,"event_name":"Colosseum","floor":28,"gold_loss":0}],"is_beta":false,"boss_relics":[{"not_picked":["Pandora\u0027s Box","Velvet Choker"],"picked":"Lizard Tail"}],"items_purged_floors":[],"is_endless":false,"potions_floor_spawned":[1,6,8,13,16,23,28,31],"killed_by":"Collector","ascension_level":3}