{"gold_per_floor":[113,132,146,161,161,161,175,175,175,175,94,109,109,28,28,28],"floor_reached":16,"playtime":379,"items_purged":[],"score":166,"play_id":"d61e62eb-3c96-4805-a38f-4b6e669e5e57","local_time":"20190513020528","is_ascension_mode":true,"campfire_choices":[{"data":"Redo","floor":6,"key":"SMITH"},{"data":"Zap","floor":8,"key":"SMITH"},{"data":"Ball Lightning","floor":10,"key":"SMITH"},{"floor":15,"key":"REST"}],"neow_cost":"NONE","seed_source_timestamp":2722870634450611,"circlet_count":0,"master_deck":["AscendersBane","Strike_B","Strike_B","Strike_B","Strike_B","Defend_B","Defend_B","Defend_B","Defend_B+1","Zap+1","Dualcast","Ball Lightning+1","Redo+1","Rebound","Consume+1","Cold Snap","Self Repair","Loop"],"relics":["Cracked Core","Gremlin Horn","Darkstone Periapt"],"potions_floor_usage":[12],"damage_taken":[{"damage":1,"enemies":"Cultist","floor":1,"turns":4},{"damage":1,"enemies":"2 Louse","floor":2,"turns":3},{"damage":2,"enemies":"Jaw Worm","floor":3,"turns":3},{"damage":6,"enemies":"Blue Slaver","floor":4,"turns":3},{"damage":6,"enemies":"Looter","floor":7,"turns":3},{"damage":7,"enemies":"Lots of Slimes","floor":12,"turns":2},{"damage":50,"enemies":"Hexaghost","floor":16,"turns":9}],"seed_played":"-253597006869065713","potions_obtained":[{"floor":2,"key":"SkillPotion"},{"floor":12,"key":"Ancient Potion"}],"is_trial":false,"path_per_floor":["M","M","M","M","?","R","M","R","T","R","$","M","?","$","R","B"],"character_chosen":"DEFECT","items_purchased":["Self Repair","Loop"],"campfire_rested":1,"item_purchase_floors":[11,14],"current_hp_per_floor":[70,69,67,61,38,38,32,32,32,32,32,32,27,27,50,0],"gold":28,"neow_bonus":"TEN_PERCENT_HP_BONUS","is_prod":false,"is_daily":false,"chose_seed":false,"campfire_upgraded":3,"win_rate":0,"timestamp":1557723928,"path_taken":["M","M","?","?","?","R","M","R","T","R","?","M","?","$","R","BOSS"],"build_version":"2019-01-23","purchased_purges":0,"victory":false,"max_hp_per_floor":[78,78,78,78,78,78,78,78,78,78,78,78,78,78,78,78],"card_choices":[{"not_picked":["Barrage","Steam"],"picked":"Ball Lightning","floor":1},{"not_picked":["Rip and Tear","Go for the Eyes"],"picked":"Redo","floor":2},{"not_picked":["Stack","Multi-Cast"],"picked":"Rebound","floor":3},{"not_picked":["Steam","Scrape"],"picked":"Consume","floor":4},{"not_picked":["Barrage","White Noise"],"picked":"Cold Snap","floor":7},{"not_picked":["Go for the Eyes","Rebound","Steam"],"picked":"SKIP","floor":12}],"player_experience":1334641,"relics_obtained":[{"floor":9,"key":"Gremlin Horn"}],"event_choices":[{"damage_healed":0,"gold_gain":0,"player_choice":"Entered Light","damage_taken":23,"max_hp_gain":0,"max_hp_loss":0,"event_name":"Shining Light","floor":5,"gold_loss":0,"cards_upgraded":["Defend_B","Consume"]},{"damage_healed":0,"gold_gain":0,"player_choice":"Success","damage_taken":5,"relics_obtained":["Darkstone Periapt"],"max_hp_gain":0,"max_hp_loss":0,"event_name":"Scrap Ooze","floor":13,"gold_loss":0}],"is_beta":false,"boss_relics":[],"items_purged_floors":[],"is_endless":false,"potions_floor_spawned":[2,12],"killed_by":"Hexaghost","ascension_level":16}