{"gold_per_floor":[115,127,140,140,150,150,161,161,161,14,32,32,44,44,44,140,140,155,155,155,167,92,92,105,20,20,20,20,51,63,2,2,2],"floor_reached":33,"playtime":1513,"items_purged":["Strike_G"],"score":237,"play_id":"b3ef0e9e-5a91-49e0-a5d5-b0a8a3630bc4","local_time":"20190327224716","is_ascension_mode":false,"campfire_choices":[{"data":"Bouncing Flask","floor":6,"key":"SMITH"},{"data":"Well Laid Plans","floor":8,"key":"SMITH"},{"data":"Deadly Poison","floor":12,"key":"SMITH"},{"data":"Discovery","floor":15,"key":"SMITH"},{"data":"Bane","floor":23,"key":"SMITH"},{"data":"Venomology","floor":27,"key":"SMITH"},{"data":"Distraction","floor":32,"key":"SMITH"}],"neow_cost":"NONE","seed_source_timestamp":391738680404400,"circlet_count":0,"master_deck":["Defend_G","Defend_G","Defend_G","Defend_G","Strike_G","Strike_G","Strike_G","Strike_G","Survivor","Neutralize","Doppelganger","Bouncing Flask+1","Dagger Throw","Predator","Discovery+1","Phantasmal Killer","PiercingWail","Well Laid Plans+1","Prepared","Backflip","Deadly Poison+1","Adrenaline","Venomology+1","Masterful Stab","Bane+1","Expertise","Flying Knee","Choke","Distraction+1"],"relics":["Ring of the Snake","Sundial","Busted Crown","Dodecahedron","Strawberry","MawBank"],"potions_floor_usage":[18,18,21,24,24,33,33,33],"damage_taken":[{"damage":0,"enemies":"Small Slimes","floor":1,"turns":4},{"damage":1,"enemies":"Cultist","floor":2,"turns":4},{"damage":2,"enemies":"2 Louse","floor":3,"turns":3},{"damage":8,"enemies":"Blue Slaver","floor":5,"turns":3},{"damage":10,"enemies":"Large Slime","floor":7,"turns":7},{"damage":0,"enemies":"2 Fungi Beasts","floor":11,"turns":3},{"damage":2,"enemies":"Blue Slaver","floor":13,"turns":3},{"damage":25,"enemies":"The Guardian","floor":16,"turns":8},{"damage":19,"enemies":"3 Byrds","floor":18,"turns":5},{"damage":4,"enemies":"Spheric Guardian","floor":21,"turns":3},{"damage":0,"enemies":"Centurion and Healer","floor":24,"turns":5},{"damage":8,"enemies":"Snecko","floor":29,"turns":4},{"damage":60,"enemies":"Collector","floor":33,"turns":6}],"seed_played":"8941450836921077642","potions_obtained":[{"floor":1,"key":"Regen Potion"},{"floor":11,"key":"SkillPotion"},{"floor":13,"key":"PowerPotion"},{"floor":21,"key":"GamblersBrew"}],"is_trial":false,"path_per_floor":["M","M","M","?","M","R","M","R","T","$","M","R","M","?","R","B",null,"M","?","?","M","?","R","M","?","T","R","T","M","?","$","R","B"],"character_chosen":"THE_SILENT","items_purchased":["Prepared","Backflip","Distraction"],"campfire_rested":0,"item_purchase_floors":[10,10,31],"current_hp_per_floor":[70,69,67,67,59,59,49,49,49,49,49,49,47,47,47,22,70,51,38,38,34,34,34,49,49,56,56,56,48,48,48,48,0],"gold":2,"neow_bonus":"ONE_RANDOM_RARE_CARD","is_prod":false,"is_daily":false,"chose_seed":false,"campfire_upgraded":7,"win_rate":0.0,"timestamp":1553741236,"path_taken":["M","M","M","?","?","R","M","R","T","$","M","R","?","?","R","BOSS","M","?","?","M","?","R","?","?","T","R","?","M","?","$","R","BOSS"],"build_version":"2019-01-23","purchased_purges":1,"victory":false,"max_hp_per_floor":[70,70,70,70,70,70,70,70,70,70,70,70,70,70,70,70,70,70,75,75,75,75,75,75,75,82,82,82,82,82,82,82,82],"card_choices":[{"not_picked":["Caltrops","Skewer"],"picked":"Bouncing Flask","floor":1},{"not_picked":["Choke","Flying Knee"],"picked":"Dagger Throw","floor":2},{"not_picked":["Distraction","Backstab"],"picked":"Predator","floor":3},{"not_picked":["Dagger Spray","Blade Dance"],"picked":"PiercingWail","floor":5},{"not_picked":["Prepared","Deflect"],"picked":"Well Laid Plans","floor":7},{"not_picked":["Slice","Expertise"],"picked":"Deadly Poison","floor":11},{"not_picked":["Footwork","Underhanded Strike"],"picked":"Adrenaline","floor":13},{"not_picked":["Night Terror","A Thousand Cuts"],"picked":"Venomology","floor":16},{"not_picked":[],"picked":"Masterful Stab","floor":18},{"not_picked":[],"picked":"Expertise","floor":21},{"not_picked":[],"picked":"Flying Knee","floor":24},{"not_picked":[],"picked":"Choke","floor":29}],"player_experience":12131,"relics_obtained":[{"floor":9,"key":"Sundial"},{"floor":26,"key":"Strawberry"},{"floor":28,"key":"MawBank"}],"event_choices":[{"damage_healed":0,"gold_gain":0,"player_choice":"2 cards matched","damage_taken":0,"max_hp_gain":0,"max_hp_loss":0,"event_name":"Match and Keep!","floor":4,"gold_loss":0,"cards_obtained":["Discovery","Phantasmal Killer"]},{"damage_healed":0,"gold_gain":0,"player_choice":"Got Potions","damage_taken":0,"max_hp_gain":0,"max_hp_loss":0,"event_name":"Lab","floor":14,"gold_loss":0},{"damage_healed":0,"gold_gain":0,"player_choice":"Shed Blood","damage_taken":18,"max_hp_gain":5,"max_hp_loss":0,"event_name":"Forgotten Altar","floor":19,"gold_loss":0},{"damage_healed":0,"gold_gain":0,"player_choice":"Read","damage_taken":0,"max_hp_gain":0,"max_hp_loss":0,"event_name":"The Library","floor":20,"gold_loss":0,"cards_obtained":["Bane"]},{"cards_removed":["Defend_G"],"damage_healed":0,"gold_gain":0,"player_choice":"Gave Gold","damage_taken":0,"max_hp_gain":0,"max_hp_loss":0,"event_name":"Beggar","floor":22,"gold_loss":75},{"damage_healed":0,"gold_gain":0,"player_choice":"Obtained Relic","damage_taken":0,"relics_obtained":["Dodecahedron"],"max_hp_gain":0,"max_hp_loss":0,"event_name":"Addict","floor":25,"gold_loss":85},{"damage_healed":0,"gold_gain":0,"player_choice":"Ignored","damage_taken":0,"max_hp_gain":0,"max_hp_loss":0,"event_name":"Vampires","floor":30,"gold_loss":0}],"is_beta":false,"boss_relics":[{"not_picked":["Eternal Feather","Empty Cage"],"picked":"Busted Crown"}],"items_purged_floors":[10],"is_endless":false,"potions_floor_spawned":[1,11,13,21],"killed_by":"Collector","ascension_level":0}