{"gold_per_floor":[119,119,133,146,111,145,145,160,187,20,20],"floor_reached":11,"playtime":328,"items_purged":[],"score":117,"play_id":"ffe5c83e-0329-4d8d-a057-da413ab29e98","local_time":"20190403235523","is_ascension_mode":true,"campfire_choices":[],"neow_cost":"NONE","seed_source_timestamp":216268017511787,"circlet_count":0,"master_deck":["AscendersBane","Defend_G","Defend_G","Defend_G","Defend_G","Defend_G","Strike_G","Strike_G","Strike_G","Strike_G","Strike_G","Survivor","Neutralize","Endless Agony","Footwork+1","Dodge and Roll","Footwork","Dodge and Roll","Apotheosis"],"relics":["Ring of the Snake","Bag of Marbles","NlothsMask","Strawberry"],"potions_floor_usage":[6,11],"damage_taken":[{"damage":0,"enemies":"2 Louse","floor":1,"turns":2},{"damage":2,"enemies":"Cultist","floor":3,"turns":5},{"damage":7,"enemies":"Small Slimes","floor":4,"turns":5},{"damage":65,"enemies":"Gremlin Nob","floor":6,"turns":7},{"damage":2,"enemies":"2 Fungi Beasts","floor":8,"turns":4},{"damage":14,"enemies":"Gremlin Gang","floor":11,"turns":3}],"seed_played":"-4029304799514402097","potions_obtained":[{"floor":4,"key":"Energy Potion"},{"floor":6,"key":"Block Potion"}],"is_trial":false,"path_per_floor":["M","?","M","M","?","E","?","M","T","$","M"],"character_chosen":"THE_SILENT","items_purchased":["Apotheosis"],"campfire_rested":0,"item_purchase_floors":[10],"current_hp_per_floor":[63,63,61,54,70,12,12,10,10,10,0],"gold":20,"neow_bonus":"RANDOM_COMMON_RELIC","is_prod":false,"is_daily":false,"chose_seed":false,"campfire_upgraded":0,"win_rate":0,"timestamp":1554346523,"path_taken":["M","?","?","M","?","E","?","?","T","$","M"],"build_version":"2019-01-23","purchased_purges":0,"victory":false,"max_hp_per_floor":[70,70,70,70,70,77,77,77,77,77,77],"card_choices":[{"not_picked":["Bane","Blade Dance"],"picked":"Endless Agony","floor":1},{"not_picked":["Flying Knee","Bane"],"picked":"Footwork","floor":3},{"not_picked":["Bane","Quick Slash"],"picked":"Dodge and Roll","floor":4},{"not_picked":["Storm of Steel","Dash"],"picked":"Footwork","floor":6},{"not_picked":["Bouncing Flask","Dagger Spray"],"picked":"Dodge and Roll","floor":8}],"player_experience":1034715,"relics_obtained":[{"floor":6,"key":"Strawberry"}],"event_choices":[{"damage_healed":0,"gold_gain":0,"player_choice":"Trade","damage_taken":0,"relics_obtained":["NlothsMask"],"max_hp_gain":0,"max_hp_loss":0,"event_name":"FaceTrader","floor":2,"gold_loss":0},{"damage_healed":17,"gold_gain":0,"player_choice":"Healed","damage_taken":0,"max_hp_gain":0,"max_hp_loss":0,"event_name":"The Cleric","floor":5,"gold_loss":35},{"damage_healed":0,"gold_gain":0,"player_choice":"Upgraded","damage_taken":0,"max_hp_gain":0,"max_hp_loss":0,"event_name":"Upgrade Shrine","floor":7,"gold_loss":0,"cards_upgraded":["Footwork"]}],"is_beta":false,"boss_relics":[],"items_purged_floors":[],"is_endless":false,"potions_floor_spawned":[4,6],"killed_by":"Gremlin Gang","ascension_level":12}