{"gold_per_floor":[114,114,289,67,67,99,110,141,141,141,156,184,202,237,237,342,342,282,282,282,282,282,282,282,282,282,282,282,282,282,282,282,282,282,282,282,282,282,282,282,282,28,28,28,28,28,28,28,28,28,28,28,28,28,28],"floor_reached":56,"playtime":3232,"items_purged":["Doubt","Strike_R"],"score":1632,"play_id":"417ba818-5aec-4bf0-a610-02deda49ad4d","local_time":"20190414131947","is_ascension_mode":true,"campfire_choices":[{"data":"Inflame","floor":10,"key":"SMITH"},{"data":"Limit Break","floor":15,"key":"SMITH"},{"data":"Immolate","floor":24,"key":"SMITH"},{"data":"Dual Wield","floor":30,"key":"SMITH"},{"data":"Metallicize","floor":32,"key":"SMITH"},{"floor":40,"key":"RECALL"},{"data":"Inflame","floor":49,"key":"SMITH"},{"data":"Burning Pact","floor":52,"key":"SMITH"}],"neow_cost":"NONE","seed_source_timestamp":2915310294361107,"circlet_count":0,"master_deck":["Strike_R+1","Strike_R","Strike_R+1","Defend_R","Defend_R","Defend_R","Defend_R","Bash","Clash","Immolate+1","Battle Trance","Inflame+1","Limit Break+1","Anger+1","Ghostly Armor","Shrug It Off","Impervious","Reaper+1","Sword Boomerang+1","Corruption","Metallicize+1","Headbutt+1","True Grit+1","Warcry+1","Dual Wield+1","Sentinel","Feed+1","Pommel Strike+1","Thunderclap+1","Spot Weakness+1","Offering","Burning Pact+1","Inflame+1","Heavy Blade+1","Clothesline+1","Feel No Pain+1","Pommel Strike+1","Uppercut+1"],"relics":["Burning Blood","NeowsBlessing","Mummified Hand","Molten Egg 2","Kunai","Omamori","Centennial Puzzle","Ectoplasm","Blue Candle","Whetstone","Gremlin Horn","PreservedInsect","Red Mask","Oddly Smooth Stone","Necronomicon","Coffee Dripper","Charon\u0027s Ashes","Happy Flower","Bottled Flame","Bag of Preparation","Vajra"],"potions_floor_usage":[14,21,23,25,33,55,55,55],"damage_taken":[{"damage":0,"enemies":"Small Slimes","floor":1,"turns":1},{"damage":0,"enemies":"3 Sentries","floor":6,"turns":2},{"damage":0,"enemies":"Jaw Worm","floor":7,"turns":1},{"damage":30,"enemies":"Lagavulin","floor":8,"turns":6},{"damage":0,"enemies":"Cultist","floor":11,"turns":3},{"damage":0,"enemies":"Gremlin Nob","floor":12,"turns":2},{"damage":4,"enemies":"Blue Slaver","floor":13,"turns":3},{"damage":18,"enemies":"Lagavulin","floor":14,"turns":5},{"damage":32,"enemies":"The Guardian","floor":16,"turns":7},{"damage":5,"enemies":"2 Thieves","floor":18,"turns":4},{"damage":0,"enemies":"Shell Parasite","floor":20,"turns":3},{"damage":4,"enemies":"3 Cultists","floor":21,"turns":4},{"damage":2,"enemies":"Sentry and Sphere","floor":22,"turns":4},{"damage":0,"enemies":"Gremlin Leader","floor":23,"turns":4},{"damage":3,"enemies":"Book of Stabbing","floor":25,"turns":4},{"damage":14,"enemies":"Slavers","floor":27,"turns":4},{"damage":0,"enemies":"Masked Bandits","floor":28,"turns":2},{"damage":1,"enemies":"Collector","floor":33,"turns":3},{"damage":19,"enemies":"3 Darklings","floor":35,"turns":3},{"damage":2,"enemies":"Mind Bloom Boss Battle","floor":36,"turns":7},{"damage":0,"enemies":"3 Shapes","floor":39,"turns":4},{"damage":13,"enemies":"Giant Head","floor":41,"turns":6},{"damage":20,"enemies":"Writhing Mass","floor":44,"turns":4},{"damage":6,"enemies":"Reptomancer","floor":45,"turns":3},{"damage":6,"enemies":"Spire Growth","floor":46,"turns":3},{"damage":6,"enemies":"Giant Head","floor":47,"turns":5},{"damage":6,"enemies":"Jaw Worm Horde","floor":48,"turns":7},{"damage":9,"enemies":"Awakened One","floor":50,"turns":5},{"damage":6,"enemies":"Shield and Spear","floor":54,"turns":2},{"damage":6,"enemies":"The Heart","floor":55,"turns":8}],"seed_played":"182923711540250719","potions_obtained":[{"floor":6,"key":"Fire Potion"},{"floor":7,"key":"Swift Potion"},{"floor":11,"key":"SpeedPotion"},{"floor":14,"key":"Ancient Potion"},{"floor":21,"key":"Fruit Juice"},{"floor":22,"key":"Explosive Potion"},{"floor":25,"key":"PowerPotion"},{"floor":28,"key":"Swift Potion"},{"floor":36,"key":"AttackPotion"}],"is_trial":false,"path_per_floor":["M","?","?","$","?","E","M","E","T","R","M","E","M","E","R","B",null,"M","?","M","M","M","E","R","E","T","E","?","T","R","?","R","B",null,"M","?","?","?","M","R","E","$","T","M","E","M","E","M","R","B",null,"R","$","E","B",null],"character_chosen":"IRONCLAD","items_purchased":["Immolate","Burning Pact","Inflame","PowerPotion"],"campfire_rested":0,"item_purchase_floors":[4,42,42,42],"current_hp_per_floor":[80,85,85,85,85,85,85,61,61,61,67,73,75,63,63,37,85,85,85,85,90,90,90,90,90,90,90,90,90,90,74,74,79,90,94,98,98,93,93,93,93,93,93,97,101,105,109,113,113,117,117,117,117,121,121],"gold":28,"neow_bonus":"THREE_ENEMY_KILL","is_prod":false,"is_daily":false,"chose_seed":false,"campfire_upgraded":7,"win_rate":0,"timestamp":1555262387,"path_taken":["M","?","?","?","?","E","M","E","T","R","M","E","?","E","R","BOSS","M","?","M","M","M","E","R","E","T","E","?","?","R","?","R","BOSS","M","?","?","?","M","R","E","$","T","?","E","M","E","M","R","BOSS","R","$","E","BOSS"],"build_version":"2019-04-04","purchased_purges":2,"victory":true,"max_hp_per_floor":[80,85,85,85,85,85,85,85,85,85,85,85,85,85,85,85,85,85,85,85,90,90,90,90,90,90,90,90,90,90,90,90,90,90,94,98,98,93,93,93,93,93,93,97,101,105,109,113,113,117,117,117,117,121,121],"card_choices":[{"not_picked":["Iron Wave","Twin Strike"],"picked":"Clash","floor":1},{"not_picked":["Anger","Burning Pact"],"picked":"Battle Trance","floor":6},{"not_picked":["Iron Wave","Wild Strike"],"picked":"Inflame","floor":7},{"not_picked":["Blood for Blood","Disarm"],"picked":"Limit Break","floor":8},{"not_picked":["Entrench","Thunderclap+1"],"picked":"Anger+1","floor":11},{"not_picked":["Twin Strike+1","Feel No Pain"],"picked":"Ghostly Armor","floor":12},{"not_picked":["Dual Wield","Cleave+1"],"picked":"Shrug It Off","floor":13},{"not_picked":["Wild Strike+1","Pommel Strike+1"],"picked":"Impervious","floor":14},{"not_picked":["Berserk","Feed+1"],"picked":"Reaper+1","floor":16},{"not_picked":["Second Wind","Combust"],"picked":"Sword Boomerang+1","floor":18},{"not_picked":["Armaments","Headbutt+1"],"picked":"Metallicize","floor":20},{"not_picked":["Wild Strike+1","True Grit"],"picked":"Headbutt+1","floor":21},{"not_picked":["Twin Strike+1","Body Slam+1"],"picked":"True Grit+1","floor":22},{"not_picked":["Reckless Charge+1","Flame Barrier"],"picked":"Warcry+1","floor":23},{"not_picked":["Entrench","Clothesline+1"],"picked":"Dual Wield","floor":25},{"not_picked":["Searing Blow+1","Perfected Strike+1"],"picked":"Sentinel","floor":27},{"not_picked":["Berserk","Barricade"],"picked":"Feed+1","floor":33},{"not_picked":["Havoc+1","Rampage+1"],"picked":"Pommel Strike+1","floor":35},{"not_picked":["Anger+1","Flex"],"picked":"Thunderclap+1","floor":36},{"not_picked":["Battle Trance+1","Iron Wave+1"],"picked":"Spot Weakness+1","floor":39},{"not_picked":["Wild Strike+1","Thunderclap+1"],"picked":"Offering","floor":41},{"not_picked":["Flex+1","Anger+1"],"picked":"Heavy Blade+1","floor":44},{"not_picked":["Heavy Blade+1","Metallicize"],"picked":"Clothesline+1","floor":45},{"not_picked":["Carnage+1","Flex","Spot Weakness"],"picked":"SKIP","floor":46},{"not_picked":["Sentinel+1","Reaper+1"],"picked":"Feel No Pain+1","floor":47},{"not_picked":["Sword Boomerang+1","Anger+1"],"picked":"Pommel Strike+1","floor":48},{"not_picked":["Thunderclap+1","Perfected Strike+1"],"picked":"Uppercut+1","floor":54}],"player_experience":5323516,"relics_obtained":[{"floor":6,"key":"Mummified Hand"},{"floor":8,"key":"Molten Egg 2"},{"floor":9,"key":"Kunai"},{"floor":12,"key":"Omamori"},{"floor":14,"key":"Centennial Puzzle"},{"floor":23,"key":"Blue Candle"},{"floor":25,"key":"Whetstone"},{"floor":26,"key":"Gremlin Horn"},{"floor":27,"key":"PreservedInsect"},{"floor":28,"key":"Red Mask"},{"floor":29,"key":"Oddly Smooth Stone"},{"floor":31,"key":"Necronomicon"},{"floor":36,"key":"Charon\u0027s Ashes"},{"floor":41,"key":"Happy Flower"},{"floor":45,"key":"Bottled Flame"},{"floor":47,"key":"Bag of Preparation"},{"floor":54,"key":"Vajra"}],"event_choices":[{"damage_healed":0,"gold_gain":0,"player_choice":"Donut","damage_taken":0,"max_hp_gain":5,"max_hp_loss":0,"event_name":"Big Fish","floor":2,"gold_loss":0},{"damage_healed":0,"gold_gain":175,"player_choice":"AGREE","damage_taken":0,"max_hp_gain":0,"max_hp_loss":0,"event_name":"Liars Game","floor":3,"gold_loss":0,"cards_obtained":["Doubt"]},{"cards_removed":["Strike_R"],"damage_healed":0,"gold_gain":0,"player_choice":"Purged","damage_taken":0,"max_hp_gain":0,"max_hp_loss":0,"event_name":"Purifier","floor":5,"gold_loss":0},{"damage_healed":0,"gold_gain":0,"player_choice":"Read","damage_taken":0,"max_hp_gain":0,"max_hp_loss":0,"event_name":"The Library","floor":19,"gold_loss":0,"cards_obtained":["Corruption"]},{"damage_healed":0,"gold_gain":0,"player_choice":"Fought Bandits","damage_taken":0,"max_hp_gain":0,"max_hp_loss":0,"event_name":"Masked Bandits","floor":28,"gold_loss":0},{"damage_healed":0,"gold_gain":0,"player_choice":"Obtained Book","damage_taken":16,"max_hp_gain":0,"max_hp_loss":0,"event_name":"Cursed Tome","floor":31,"gold_loss":0},{"damage_healed":0,"gold_gain":0,"player_choice":"Fight","damage_taken":0,"max_hp_gain":0,"max_hp_loss":0,"event_name":"MindBloom","floor":36,"gold_loss":0},{"damage_healed":0,"gold_gain":222,"player_choice":"Wore Mask","damage_taken":0,"max_hp_gain":0,"max_hp_loss":0,"event_name":"Tomb of Lord Red Mask","floor":37,"gold_loss":0},{"damage_healed":0,"gold_gain":0,"player_choice":"Max HP","damage_taken":0,"max_hp_gain":0,"max_hp_loss":5,"event_name":"Winding Halls","floor":38,"gold_loss":0}],"is_beta":true,"boss_relics":[{"not_picked":["Astrolabe","Orrery"],"picked":"Ectoplasm"},{"not_picked":["Fusion Hammer","Lizard Tail"],"picked":"Coffee Dripper"}],"items_purged_floors":[4,42],"is_endless":false,"potions_floor_spawned":[6,7,11,13,14,18,21,22,25,28,36,46,47,48,54],"ascension_level":1}