{"gold_per_floor":[118,13,13,25,42,42,42,42,42,70,70,99,99,114,114,191,191,209,209,222,239,44,44,77,77,377,377,388,418,418,418,418,494,494,511,103,115,115,127,127,2,2,2,2,19,19,30,61,61,61],"floor_reached":51,"playtime":3288,"items_purged":["Strike_B","Strike_B","Strike_B"],"score":1278,"play_id":"d53bdf8a-ffee-48ef-9636-0cc6b9a0f748","local_time":"20190207181356","is_ascension_mode":true,"campfire_choices":[{"data":"Zap","floor":6,"key":"SMITH"},{"data":"Doom and Gloom","floor":8,"key":"SMITH"},{"data":"Sweeping Beam","floor":11,"key":"SMITH"},{"data":"Melter","floor":13,"key":"SMITH"},{"data":"Coolheaded","floor":15,"key":"SMITH"},{"floor":23,"key":"REST"},{"data":"Leap","floor":25,"key":"SMITH"},{"floor":27,"key":"REST"},{"floor":32,"key":"REST"},{"data":"Capacitor","floor":40,"key":"SMITH"},{"data":"Chill","floor":42,"key":"SMITH"},{"data":"FTL","floor":44,"key":"SMITH"},{"floor":49,"key":"REST"}],"neow_cost":"NONE","seed_source_timestamp":285664946928679,"circlet_count":0,"master_deck":["AscendersBane","Defend_B","Defend_B","Zap+1","Dualcast","Sweeping Beam+1","Coolheaded+1","Chill+1","Doom and Gloom+1","Melter+1","Compile Driver","Leap+1","Sweeping Beam+1","Leap","Core Surge","Ball Lightning","Capacitor+1","FTL+1","Capacitor","FTL","Hello World"],"relics":["FrozenCore","Ornamental Fan","Ancient Tea Set","Vajra","Cursed Key","PreservedInsect","Omamori","Old Coin","Turnip","Nilry\u0027s Codex","Frozen Eye","StoneCalendar","Lantern"],"potions_floor_usage":[16,16,24,33,37,48,48,50],"damage_taken":[{"damage":7,"enemies":"Jaw Worm","floor":1,"turns":3},{"damage":0,"enemies":"Cultist","floor":4,"turns":3},{"damage":6,"enemies":"Small Slimes","floor":5,"turns":3},{"damage":11,"enemies":"Lagavulin","floor":10,"turns":6},{"damage":10,"enemies":"Gremlin Nob","floor":12,"turns":3},{"damage":0,"enemies":"2 Fungi Beasts","floor":14,"turns":2},{"damage":5,"enemies":"The Guardian","floor":16,"turns":9},{"damage":0,"enemies":"Spheric Guardian","floor":18,"turns":1},{"damage":10,"enemies":"2 Thieves","floor":20,"turns":3},{"damage":9,"enemies":"Snecko","floor":21,"turns":6},{"damage":4,"enemies":"Book of Stabbing","floor":24,"turns":3},{"damage":9,"enemies":"Centurion and Healer","floor":28,"turns":6},{"damage":8,"enemies":"Slavers","floor":29,"turns":4},{"damage":31,"enemies":"Champ","floor":33,"turns":17},{"damage":0,"enemies":"Orb Walker","floor":35,"turns":4},{"damage":1,"enemies":"3 Shapes","floor":37,"turns":3},{"damage":0,"enemies":"Spire Growth","floor":39,"turns":7},{"damage":11,"enemies":"3 Darklings","floor":45,"turns":6},{"damage":3,"enemies":"Sphere and 2 Shapes","floor":47,"turns":5},{"damage":24,"enemies":"Giant Head","floor":48,"turns":9},{"damage":28,"enemies":"Awakened One","floor":50,"turns":17}],"seed_played":"2216205325555143289","potions_obtained":[{"floor":1,"key":"FocusPotion"},{"floor":14,"key":"Strength Potion"},{"floor":16,"key":"Strength Potion"},{"floor":24,"key":"Explosive Potion"},{"floor":29,"key":"Regen Potion"},{"floor":35,"key":"Regen Potion"},{"floor":39,"key":"GamblersBrew"},{"floor":48,"key":"Weak Potion"}],"is_trial":false,"path_per_floor":["M","$","?","M","M","R","$","R","T","E","R","E","R","M","R","B",null,"M","?","M","M","$","R","E","R","T","R","M","E","?","?","R","B",null,"M","$","M","?","M","R","$","R","T","R","M","?","M","E","R","B",null],"character_chosen":"DEFECT","items_purchased":["Coolheaded","Leap","PreservedInsect","FTL","Frozen Eye"],"campfire_rested":4,"item_purchase_floors":[2,22,22,36,36],"current_hp_per_floor":[57,57,57,57,51,51,51,51,51,40,40,30,30,30,30,25,60,60,40,30,21,21,43,39,39,39,61,52,44,44,23,45,29,64,64,64,63,63,63,63,63,63,63,63,52,52,49,40,62,34],"gold":61,"neow_bonus":"REMOVE_CARD","is_prod":false,"is_daily":false,"chose_seed":false,"campfire_upgraded":9,"win_rate":0,"timestamp":1549563236,"path_taken":["M","$","?","M","M","R","?","R","T","E","R","E","R","M","R","BOSS","M","?","M","M","$","R","E","R","T","R","M","E","?","?","R","BOSS","M","$","M","?","M","R","$","R","T","R","M","?","M","E","R","BOSS"],"build_version":"2019-02-06","purchased_purges":3,"victory":true,"max_hp_per_floor":[71,71,71,71,71,71,71,71,71,71,71,71,71,71,71,71,71,71,76,76,76,76,76,76,76,76,76,76,76,76,76,76,76,76,76,76,76,76,76,76,76,76,76,76,76,76,76,76,76,76],"card_choices":[{"not_picked":["Barrage","Gash"],"picked":"Sweeping Beam","floor":1},{"not_picked":["Hologram","Turbo"],"picked":"Chill","floor":4},{"not_picked":["Beam Cell","Rebound"],"picked":"Doom and Gloom","floor":5},{"not_picked":["Recycle","Rip and Tear"],"picked":"Melter","floor":10},{"not_picked":["Stack","BootSequence","Turbo"],"picked":"SKIP","floor":12},{"not_picked":["Stack","Cold Snap"],"picked":"Compile Driver","floor":14},{"not_picked":["Go for the Eyes","Barrage"],"picked":"Leap","floor":18},{"not_picked":["Beam Cell+1","Steam"],"picked":"FTL","floor":20},{"not_picked":["White Noise","Streamline"],"picked":"Sweeping Beam+1","floor":21},{"not_picked":["Stack","Reprogram"],"picked":"Core Surge","floor":24},{"not_picked":["Leap","Redo","Stack"],"picked":"SKIP","floor":28},{"not_picked":["Go for the Eyes","Hologram"],"picked":"Ball Lightning","floor":29},{"not_picked":["Coolheaded","Skim"],"picked":"Capacitor","floor":35},{"not_picked":["Barrage","Redo","Go for the Eyes"],"picked":"SKIP","floor":37},{"not_picked":["Turbo","Hello World"],"picked":"Capacitor","floor":39},{"not_picked":["Redo","Blizzard"],"picked":"FTL","floor":45},{"not_picked":["Chaos","Steam Power+1","Storm"],"picked":"SKIP","floor":47},{"not_picked":["Conserve Battery","Darkness","Hologram"],"picked":"SKIP","floor":48}],"player_experience":860442,"relics_obtained":[{"floor":9,"key":"Ornamental Fan"},{"floor":10,"key":"Ancient Tea Set"},{"floor":12,"key":"Vajra"},{"floor":24,"key":"Omamori"},{"floor":26,"key":"Old Coin"},{"floor":29,"key":"Turnip"},{"floor":31,"key":"Nilry\u0027s Codex"},{"floor":43,"key":"StoneCalendar"},{"floor":48,"key":"Lantern"}],"event_choices":[{"cards_removed":["Defend_B"],"damage_healed":0,"gold_gain":0,"player_choice":"Offered Basic","damage_taken":0,"max_hp_gain":0,"max_hp_loss":0,"event_name":"Bonfire Elementals","floor":3,"gold_loss":0},{"damage_healed":0,"gold_gain":0,"player_choice":"Shed Blood","damage_taken":25,"max_hp_gain":5,"max_hp_loss":0,"event_name":"Forgotten Altar","floor":19,"gold_loss":0},{"damage_healed":0,"gold_gain":0,"player_choice":"Ignored","damage_taken":0,"max_hp_gain":0,"max_hp_loss":0,"event_name":"Vampires","floor":30,"gold_loss":0},{"damage_healed":0,"gold_gain":0,"player_choice":"Obtained Book","damage_taken":21,"max_hp_gain":0,"max_hp_loss":0,"event_name":"Cursed Tome","floor":31,"gold_loss":0},{"cards_removed":["FTL"],"damage_healed":0,"gold_gain":0,"player_choice":"Removed Attack","damage_taken":0,"max_hp_gain":0,"max_hp_loss":0,"event_name":"Falling","floor":38,"gold_loss":0},{"damage_healed":0,"gold_gain":0,"cards_transformed":["Defend_B"],"player_choice":"Transformed","damage_taken":0,"max_hp_gain":0,"max_hp_loss":0,"event_name":"Transmorgrifier","floor":46,"gold_loss":0,"cards_obtained":["Hello World"]}],"is_beta":true,"boss_relics":[{"not_picked":["Sozu","Eternal Feather"],"picked":"Cursed Key"},{"not_picked":["White Beast Statue","Coffee Dripper"],"picked":"FrozenCore"}],"items_purged_floors":[2,36,41],"is_endless":false,"potions_floor_spawned":[1,14,16,24,29,35,39,48],"ascension_level":16}