{"gold_per_floor":[18,33,33,53,64,64,82,82,82,82,113,113,139,151,151,246,246,265,280,280,293,79,110,126,126,204,236,255,287,287,307,307,411,411,422,422,148,163,208,208,208,208,208,208,221,255,255,273,273,273,273,273,109,134,134],"floor_reached":56,"playtime":3239,"items_purged":["Writhe","Streamline+1"],"score":1347,"play_id":"87b12b75-5f5b-40e0-9128-35df486a2c10","local_time":"20190320145820","is_ascension_mode":false,"campfire_choices":[{"data":"Ball Lightning","floor":6,"key":"SMITH"},{"data":"Zap","floor":8,"key":"SMITH"},{"data":"Genetic Algorithm","floor":10,"key":"SMITH"},{"data":"Cold Snap","floor":12,"key":"SMITH"},{"data":"Dualcast","floor":15,"key":"SMITH"},{"floor":30,"key":"REST"},{"floor":32,"key":"REST"},{"data":"Seek","floor":40,"key":"SMITH"},{"floor":42,"key":"RECALL"},{"data":"Recycle","floor":44,"key":"SMITH"},{"data":"Fission","floor":49,"key":"SMITH"},{"data":"Turbo","floor":52,"key":"SMITH"}],"neow_cost":"NO_GOLD","seed_source_timestamp":344221871945501,"circlet_count":0,"master_deck":["Zap+1","Dualcast+1","Leap","Cold Snap+1","Genetic Algorithm+1","Ball Lightning+1","Glacier","Lockon+1","Creative AI+1","Ball Lightning+1","Coolheaded","Coolheaded","Ball Lightning+1","Compile Driver+1","Turbo+1","Seek+1","Skim+1","Doom and Gloom+1","Beam Cell+1","Heatsinks+1","Defragment+1","Biased Cognition+1","Go for the Eyes+1","Fission+1","Genetic Algorithm","Chill","Machine Learning+1","Recycle+1","Ball Lightning+1","Go for the Eyes+1","Mind Blast+1","Conserve Battery+1","Echo Form+1"],"relics":["Cracked Core","Molten Egg 2","Letter Opener","Potion Belt","Orrery","Darkstone Periapt","Strawberry","Frozen Egg 2","Bag of Preparation","The Courier","Pandora\u0027s Box","Meat on the Bone","Mango","Mummified Hand","Sundial","Art of War","Thread and Needle"],"potions_floor_usage":[5,16,23,23,29,29,39,48,55,55,55],"damage_taken":[{"damage":1,"enemies":"Jaw Worm","floor":1,"turns":4},{"damage":0,"enemies":"Cultist","floor":2,"turns":3},{"damage":0,"enemies":"2 Louse","floor":4,"turns":1},{"damage":9,"enemies":"Red Slaver","floor":5,"turns":5},{"damage":0,"enemies":"3 Louse","floor":7,"turns":3},{"damage":6,"enemies":"3 Sentries","floor":11,"turns":8},{"damage":4,"enemies":"Gremlin Nob","floor":13,"turns":5},{"damage":0,"enemies":"2 Fungi Beasts","floor":14,"turns":3},{"damage":0,"enemies":"Slime Boss","floor":16,"turns":10},{"damage":0,"enemies":"Shell Parasite","floor":18,"turns":6},{"damage":2,"enemies":"3 Byrds","floor":19,"turns":5},{"damage":0,"enemies":"Centurion and Healer","floor":21,"turns":5},{"damage":5,"enemies":"Book of Stabbing","floor":23,"turns":7},{"damage":11,"enemies":"Snake Plant","floor":24,"turns":4},{"damage":34,"enemies":"Slavers","floor":27,"turns":5},{"damage":11,"enemies":"Shelled Parasite and Fungi","floor":28,"turns":7},{"damage":19,"enemies":"Book of Stabbing","floor":29,"turns":5},{"damage":8,"enemies":"Chosen and Byrds","floor":31,"turns":5},{"damage":39,"enemies":"Automaton","floor":33,"turns":12},{"damage":0,"enemies":"3 Darklings","floor":35,"turns":3},{"damage":7,"enemies":"3 Shapes","floor":38,"turns":4},{"damage":0,"enemies":"2 Orb Walkers","floor":39,"turns":3},{"damage":9,"enemies":"Spire Growth","floor":45,"turns":3},{"damage":0,"enemies":"Giant Head","floor":46,"turns":5},{"damage":1,"enemies":"Jaw Worm Horde","floor":48,"turns":2},{"damage":42,"enemies":"Time Eater","floor":50,"turns":7},{"damage":20,"enemies":"Shield and Spear","floor":54,"turns":5},{"damage":59,"enemies":"The Heart","floor":55,"turns":7}],"seed_played":"-7124957151622808522","potions_obtained":[{"floor":3,"key":"Energy Potion"},{"floor":3,"key":"SkillPotion"},{"floor":3,"key":"Swift Potion"},{"floor":5,"key":"Energy Potion"},{"floor":14,"key":"SpeedPotion"},{"floor":16,"key":"Weak Potion"},{"floor":18,"key":"EssenceOfSteel"},{"floor":23,"key":"SteroidPotion"},{"floor":27,"key":"Explosive Potion"},{"floor":28,"key":"Regen Potion"},{"floor":33,"key":"Energy Potion"},{"floor":35,"key":"FearPotion"},{"floor":48,"key":"Explosive Potion"}],"is_trial":false,"path_per_floor":["M","M","?","M","M","R","M","R","T","R","E","R","E","M","R","B",null,"M","M","?","M","$","E","M","?","T","E","M","E","R","M","R","B",null,"M","?","$","M","?","R","?","R","T","R","M","E","T","M","R","B",null,"R","$","E","B",null],"character_chosen":"DEFECT","items_purchased":["Seek","Meat on the Bone","Art of War","Dexterity Potion"],"campfire_rested":2,"item_purchase_floors":[22,37,53,53],"current_hp_per_floor":[88,88,88,88,79,79,79,79,79,79,73,73,69,69,69,69,89,89,87,93,93,93,95,84,84,84,50,39,20,50,42,72,33,102,102,102,102,95,109,109,99,99,99,99,90,90,90,89,89,59,116,116,116,96,64],"gold":134,"neow_bonus":"TWENTY_PERCENT_HP_BONUS","is_prod":false,"is_daily":false,"chose_seed":false,"campfire_upgraded":9,"win_rate":0,"timestamp":1553093900,"path_taken":["M","M","?","M","M","R","M","R","T","R","E","R","E","M","R","BOSS","M","M","?","M","$","E","M","?","T","E","M","E","R","?","R","BOSS","M","?","$","M","?","R","?","R","T","R","M","E","?","M","R","BOSS","R","$","E","BOSS"],"build_version":"2019-03-15","purchased_purges":2,"victory":true,"max_hp_per_floor":[89,89,89,89,89,89,89,89,89,89,89,89,89,89,89,89,89,89,89,95,95,95,102,102,102,102,102,102,102,102,102,102,102,102,102,102,102,102,116,116,116,116,116,116,116,116,116,116,116,116,116,116,116,116,116],"card_choices":[{"not_picked":["Barrage","Chill"],"picked":"Leap","floor":1},{"not_picked":["Darkness","Turbo"],"picked":"Cold Snap","floor":2},{"not_picked":["Rip and Tear","Go for the Eyes"],"picked":"Genetic Algorithm","floor":4},{"not_picked":["Stack","Defragment"],"picked":"Ball Lightning","floor":5},{"not_picked":["Storm","Leap"],"picked":"Glacier","floor":7},{"not_picked":["Double Energy","Hello World","Auto Shields"],"picked":"SKIP","floor":11},{"not_picked":["Steam","Hello World","Gash+1"],"picked":"SKIP","floor":13},{"not_picked":["Stack","Redo"],"picked":"Lockon+1","floor":14},{"not_picked":["Rainbow","Fission"],"picked":"Creative AI","floor":16},{"not_picked":["Stack","Darkness"],"picked":"Ball Lightning+1","floor":17},{"not_picked":["Recycle","Stack"],"picked":"Coolheaded","floor":17},{"not_picked":["Ball Lightning+1","Rainbow"],"picked":"Coolheaded","floor":17},{"not_picked":["Auto Shields","Turbo"],"picked":"Ball Lightning+1","floor":17},{"not_picked":["White Noise","Rebound+1"],"picked":"Compile Driver+1","floor":18},{"not_picked":["Reprogram","Darkness+1","Scrape+1"],"picked":"SKIP","floor":19},{"not_picked":["Static Discharge","Redo"],"picked":"Turbo","floor":21},{"not_picked":["Leap","Melter+1"],"picked":"Skim+1","floor":23},{"not_picked":["Cold Snap+1","Compile Driver+1","Loop"],"picked":"SKIP","floor":24},{"not_picked":["Static Discharge+1","Ball Lightning+1"],"picked":"Doom and Gloom+1","floor":27},{"not_picked":["Heatsinks+1","Hologram"],"picked":"Beam Cell+1","floor":28},{"not_picked":["Compile Driver+1","Scrape+1"],"picked":"Heatsinks+1","floor":29},{"not_picked":["Turbo","Chill"],"picked":"Defragment+1","floor":31},{"not_picked":["Echo Form+1","Thunder Strike+1"],"picked":"Biased Cognition+1","floor":33},{"not_picked":["Cold Snap+1","Undo+1"],"picked":"Go for the Eyes+1","floor":35},{"not_picked":["Compile Driver+1","Stack","Beam Cell+1"],"picked":"SKIP","floor":38},{"not_picked":["Deep Breath","Magnetism+1"],"picked":"Mind Blast+1","floor":41},{"not_picked":["Self Repair+1","Sunder+1","Auto Shields+1"],"picked":"SKIP","floor":45},{"not_picked":["Chaos","Coolheaded"],"picked":"Conserve Battery+1","floor":46},{"not_picked":["Compile Driver+1","Reinforced Body+1","Gash+1"],"picked":"SKIP","floor":48},{"not_picked":["Barrage+1","BootSequence"],"picked":"Echo Form+1","floor":54}],"player_experience":1113565,"relics_obtained":[{"floor":9,"key":"Molten Egg 2"},{"floor":11,"key":"Letter Opener"},{"floor":13,"key":"Potion Belt"},{"floor":23,"key":"Strawberry"},{"floor":26,"key":"Frozen Egg 2"},{"floor":27,"key":"Bag of Preparation"},{"floor":29,"key":"The Courier"},{"floor":39,"key":"Mango"},{"floor":43,"key":"Mummified Hand"},{"floor":46,"key":"Sundial"},{"floor":54,"key":"Thread and Needle"}],"event_choices":[{"damage_healed":0,"gold_gain":0,"player_choice":"Got Potions","damage_taken":0,"max_hp_gain":0,"max_hp_loss":0,"event_name":"Lab","floor":3,"gold_loss":0},{"damage_healed":0,"gold_gain":0,"player_choice":"Opened","damage_taken":0,"relics_obtained":["Darkstone Periapt"],"max_hp_gain":0,"max_hp_loss":0,"event_name":"The Mausoleum","floor":20,"gold_loss":0,"cards_obtained":["Writhe"]},{"damage_healed":0,"gold_gain":0,"player_choice":"Forge","damage_taken":0,"max_hp_gain":0,"max_hp_loss":0,"event_name":"Accursed Blacksmith","floor":25,"gold_loss":0,"cards_upgraded":["Creative AI"]},{"damage_healed":0,"gold_gain":0,"player_choice":"Ignored","damage_taken":0,"max_hp_gain":0,"max_hp_loss":0,"event_name":"Tomb of Lord Red Mask","floor":36,"gold_loss":0},{"damage_healed":0,"gold_gain":0,"player_choice":"Fight","damage_taken":0,"max_hp_gain":0,"max_hp_loss":0,"event_name":"Mysterious Sphere","floor":39,"gold_loss":0},{"damage_healed":0,"gold_gain":0,"player_choice":"Memory 3","damage_taken":10,"max_hp_gain":0,"max_hp_loss":0,"event_name":"SensoryStone","floor":41,"gold_loss":0}],"is_beta":true,"boss_relics":[{"not_picked":["Sozu","Lizard Tail"],"picked":"Orrery"},{"not_picked":["Eternal Feather","Coffee Dripper"],"picked":"Pandora\u0027s Box"}],"items_purged_floors":[22,37],"is_endless":false,"potions_floor_spawned":[5,14,16,18,23,27,28,33,35,48],"ascension_level":0}