{"gold_per_floor":[119,135,135,310,328,354,354,374,374,394,423,423,451,464,464,561,561,576,491,491,60,74,74,74,104,116,146,158,170,62,76,76,175,175,187,204,1203,1218,783,783,810,810,810,810,830,855,874,908,908,908,908,908,8,43,43],"floor_reached":56,"playtime":3917,"items_purged":["Doubt","Normality","Normality"],"score":1555,"play_id":"a71cf777-6411-4883-96ca-db4b234e311b","local_time":"20190515055614","is_ascension_mode":true,"campfire_choices":[{"data":"Dualcast","floor":7,"key":"SMITH"},{"data":"Loop","floor":12,"key":"SMITH"},{"data":"Coolheaded","floor":15,"key":"SMITH"},{"floor":28,"key":"REST"},{"floor":32,"key":"REST"},{"floor":40,"key":"RECALL"},{"floor":42,"key":"REST"},{"data":"Fission","floor":49,"key":"SMITH"},{"data":"Biased Cognition","floor":52,"key":"SMITH"}],"neow_cost":"NONE","seed_source_timestamp":982554801601294,"circlet_count":0,"master_deck":["Strike_B","Strike_B","Defend_B","Defend_B+1","Defend_B+1","Defend_B","Zap+1","Dualcast+1","Ball Lightning","Undo","Leap","Auto Shields","Sweeping Beam","FTL","Loop+1","Electrodynamics","Coolheaded+1","Seek","Capacitor","Conserve Battery","Conserve Battery","Steam Power","Beam Cell","Static Discharge","Coolheaded","Storm","Biased Cognition+1","Conserve Battery+1","Go for the Eyes","Cold Snap","Rainbow","Decay","Writhe","Conserve Battery+1","Fission+1","Coolheaded","Steam Power","White Noise+1"],"relics":["Cracked Core","The Courier","Pear","Ornamental Fan","Juzu Bracelet","Black Star","Symbiotic Virus","Anchor","Runic Capacitor","Nilry\u0027s Codex","MawBank","Blue Candle","Bronze Scales","Cursed Key","Mummified Hand","Potion Belt","Letter Opener","Bottled Lightning","Pantograph","Orichalcum","StoneCalendar","Dodecahedron","Gremlin Horn","Ice Cream","OrangePellets","Gambling Chip","Blood Vial","Calipers"],"potions_floor_usage":[11,16,31,31,31,35,38,41,47,48,50,55,55,55],"damage_taken":[{"damage":0,"enemies":"Small Slimes","floor":1,"turns":3},{"damage":1,"enemies":"Jaw Worm","floor":2,"turns":3},{"damage":0,"enemies":"Cultist","floor":5,"turns":3},{"damage":0,"enemies":"Lagavulin","floor":6,"turns":8},{"damage":0,"enemies":"Large Slime","floor":8,"turns":5},{"damage":0,"enemies":"Blue Slaver","floor":10,"turns":4},{"damage":16,"enemies":"Gremlin Nob","floor":11,"turns":4},{"damage":5,"enemies":"3 Sentries","floor":13,"turns":5},{"damage":0,"enemies":"2 Fungi Beasts","floor":14,"turns":2},{"damage":22,"enemies":"Hexaghost","floor":16,"turns":9},{"damage":3,"enemies":"Spheric Guardian","floor":18,"turns":5},{"damage":4,"enemies":"Shell Parasite","floor":22,"turns":5},{"damage":17,"enemies":"Slavers","floor":25,"turns":3},{"damage":11,"enemies":"Snecko","floor":27,"turns":4},{"damage":13,"enemies":"Chosen and Byrds","floor":31,"turns":7},{"damage":24,"enemies":"Collector","floor":33,"turns":9},{"damage":0,"enemies":"3 Darklings","floor":35,"turns":7},{"damage":0,"enemies":"3 Shapes","floor":36,"turns":3},{"damage":1,"enemies":"Sphere and 2 Shapes","floor":38,"turns":4},{"damage":83,"enemies":"Reptomancer","floor":41,"turns":6},{"damage":5,"enemies":"3 Darklings","floor":45,"turns":3},{"damage":25,"enemies":"Giant Head","floor":46,"turns":8},{"damage":0,"enemies":"Maw","floor":47,"turns":6},{"damage":16,"enemies":"Reptomancer","floor":48,"turns":5},{"damage":38,"enemies":"Time Eater","floor":50,"turns":10},{"damage":0,"enemies":"Shield and Spear","floor":54,"turns":4},{"damage":0,"enemies":"The Heart","floor":55,"turns":9}],"seed_played":"-8841340958045619008","potions_obtained":[{"floor":1,"key":"PowerPotion"},{"floor":6,"key":"FocusPotion"},{"floor":11,"key":"SpeedPotion"},{"floor":16,"key":"EntropicBrew"},{"floor":27,"key":"SpeedPotion"},{"floor":31,"key":"Swift Potion"},{"floor":38,"key":"Energy Potion"},{"floor":41,"key":"PowerPotion"},{"floor":46,"key":"Regen Potion"},{"floor":47,"key":"Fire Potion"}],"is_trial":false,"path_per_floor":["M","M","?","?","M","E","R","M","T","M","E","R","E","M","R","B",null,"M","?","?","$","M","?","?","E","T","M","R","?","$","M","R","B",null,"M","M","?","M","$","R","E","R","T","?","M","E","M","E","R","B",null,"R","$","E","B",null],"character_chosen":"DEFECT","items_purchased":["Anchor","Runic Capacitor","Conserve Battery","Conserve Battery","Bronze Scales","Mummified Hand","Potion Belt","Dexterity Potion","Ice Cream","OrangePellets","Swift Potion","Regen Potion","Weak Potion","Gambling Chip"],"campfire_rested":3,"item_purchase_floors":[21,21,21,21,30,39,39,39,53,53,53,53,53,53],"current_hp_per_floor":[75,74,59,59,59,59,59,59,69,69,53,53,48,48,48,26,85,82,82,66,66,62,62,46,29,29,18,45,45,45,32,59,35,90,90,90,90,89,89,89,6,33,33,56,51,26,41,25,25,12,90,90,90,90,90],"gold":43,"neow_bonus":"UPGRADE_CARD","is_prod":false,"is_daily":false,"chose_seed":false,"campfire_upgraded":5,"win_rate":0,"timestamp":1557914174,"path_taken":["M","M","?","?","M","E","R","M","T","M","E","R","E","M","R","BOSS","M","?","?","$","M","?","?","E","T","M","R","?","?","M","R","BOSS","M","M","?","M","$","R","E","R","T","?","M","E","M","E","R","BOSS","R","$","E","BOSS"],"build_version":"2019-05-07","purchased_purges":3,"victory":true,"max_hp_per_floor":[75,75,75,75,75,75,75,75,85,85,85,85,85,85,85,85,85,85,85,90,90,90,90,90,90,90,90,90,90,90,90,90,90,90,90,90,90,90,90,90,90,90,90,90,90,90,90,90,90,90,90,90,90,90,90],"card_choices":[{"not_picked":["Doom and Gloom","Barrage"],"picked":"Ball Lightning","floor":1},{"not_picked":["Beam Cell","Redo"],"picked":"Undo","floor":2},{"not_picked":["Go for the Eyes","Sweeping Beam"],"picked":"Leap","floor":5},{"not_picked":["Turbo","All For One"],"picked":"Auto Shields","floor":6},{"not_picked":["Lockon","Heatsinks"],"picked":"Sweeping Beam","floor":8},{"not_picked":["Gash","Steam"],"picked":"FTL","floor":10},{"not_picked":["Barrage","Go for the Eyes"],"picked":"Loop","floor":11},{"not_picked":["Machine Learning","Leap"],"picked":"Electrodynamics","floor":13},{"not_picked":["Streamline","Sunder"],"picked":"Coolheaded","floor":14},{"not_picked":["Meteor Strike","Hyperbeam"],"picked":"Seek","floor":16},{"not_picked":["Barrage","Redo"],"picked":"Capacitor","floor":18},{"not_picked":["Heatsinks","Ball Lightning"],"picked":"Steam Power","floor":22},{"not_picked":["Rebound","Stack"],"picked":"Coolheaded","floor":25},{"not_picked":["Capacitor+1","Sweeping Beam","Skim"],"picked":"SKIP","floor":27},{"not_picked":["Rip and Tear","Conserve Battery"],"picked":"Storm","floor":31},{"not_picked":["Amplify","Core Surge"],"picked":"Biased Cognition","floor":33},{"not_picked":["Double Energy","Auto Shields+1"],"picked":"Conserve Battery+1","floor":35},{"not_picked":["Static Discharge","Steam"],"picked":"Go for the Eyes","floor":36},{"not_picked":["Leap","Rebound+1"],"picked":"Cold Snap","floor":38},{"not_picked":["Scrape+1","Ball Lightning"],"picked":"Rainbow","floor":41},{"not_picked":["Redo+1","Leap+1"],"picked":"Conserve Battery+1","floor":45},{"not_picked":["Sweeping Beam","Fusion+1"],"picked":"Fission","floor":46},{"not_picked":["Gash","Skim+1"],"picked":"Coolheaded","floor":47},{"not_picked":["White Noise+1","Coolheaded"],"picked":"Steam Power","floor":48},{"not_picked":["Cold Snap","Fission"],"picked":"White Noise+1","floor":54}],"player_experience":5765666,"relics_obtained":[{"floor":6,"key":"The Courier"},{"floor":9,"key":"Pear"},{"floor":11,"key":"Ornamental Fan"},{"floor":13,"key":"Juzu Bracelet"},{"floor":24,"key":"Nilry\u0027s Codex"},{"floor":25,"key":"MawBank"},{"floor":25,"key":"Blue Candle"},{"floor":41,"key":"Letter Opener"},{"floor":41,"key":"Bottled Lightning"},{"floor":43,"key":"Pantograph"},{"floor":46,"key":"Orichalcum"},{"floor":46,"key":"StoneCalendar"},{"floor":48,"key":"Dodecahedron"},{"floor":48,"key":"Gremlin Horn"},{"floor":54,"key":"Blood Vial"},{"floor":54,"key":"Calipers"}],"event_choices":[{"damage_healed":0,"gold_gain":0,"player_choice":"Entered Light","damage_taken":15,"max_hp_gain":0,"max_hp_loss":0,"event_name":"Shining Light","floor":3,"gold_loss":0,"cards_upgraded":["Defend_B","Defend_B"]},{"damage_healed":0,"gold_gain":175,"player_choice":"AGREE","damage_taken":0,"max_hp_gain":0,"max_hp_loss":0,"event_name":"Liars Game","floor":4,"gold_loss":0,"cards_obtained":["Doubt"]},{"damage_healed":0,"gold_gain":0,"player_choice":"Obtained Relic","damage_taken":0,"relics_obtained":["Symbiotic Virus"],"max_hp_gain":0,"max_hp_loss":0,"event_name":"Addict","floor":19,"gold_loss":85},{"damage_healed":0,"gold_gain":0,"player_choice":"Shed Blood","damage_taken":21,"max_hp_gain":5,"max_hp_loss":0,"event_name":"Forgotten Altar","floor":20,"gold_loss":0},{"damage_healed":0,"gold_gain":0,"cards_transformed":["Strike_B","Strike_B"],"player_choice":"Became Test Subject","damage_taken":0,"max_hp_gain":0,"max_hp_loss":0,"event_name":"Drug Dealer","floor":23,"gold_loss":0,"cards_obtained":["Beam Cell","Static Discharge"]},{"damage_healed":0,"gold_gain":0,"player_choice":"Obtained Book","damage_taken":16,"max_hp_gain":0,"max_hp_loss":0,"event_name":"Cursed Tome","floor":24,"gold_loss":0},{"damage_healed":0,"gold_gain":0,"player_choice":"Bought 0 Potions","damage_taken":0,"max_hp_gain":0,"max_hp_loss":0,"event_name":"The Woman in Blue","floor":29,"gold_loss":0},{"damage_healed":0,"gold_gain":999,"player_choice":"Gold","damage_taken":0,"max_hp_gain":0,"max_hp_loss":0,"event_name":"MindBloom","floor":37,"gold_loss":0,"cards_obtained":["Normality","Normality"]},{"damage_healed":23,"gold_gain":0,"player_choice":"Writhe","damage_taken":0,"max_hp_gain":0,"max_hp_loss":0,"event_name":"Winding Halls","floor":44,"gold_loss":0,"cards_obtained":["Writhe"]}],"is_beta":true,"boss_relics":[{"not_picked":["Calling Bell","Orrery"],"picked":"Black Star"},{"not_picked":["Lizard Tail","Sozu"],"picked":"Cursed Key"}],"items_purged_floors":[21,39,53],"is_endless":false,"potions_floor_spawned":[1,6,11,16,27,31,38,41,46,47],"ascension_level":1}