{"gold_per_floor":[112,132,132,147,100,100,118,118,118,72,72,88,88,88,88,189,189,203,203,216,236,236],"floor_reached":22,"playtime":845,"items_purged":[],"score":176,"play_id":"d9ad0599-4983-422f-939f-c26d693302f3","local_time":"20190514184202","is_ascension_mode":false,"campfire_choices":[{"data":"Strike_R","floor":6,"key":"SMITH"},{"data":"Pommel Strike","floor":13,"key":"SMITH"},{"data":"Pommel Strike","floor":15,"key":"SMITH"}],"neow_cost":"NONE","seed_source_timestamp":115510389308900,"circlet_count":0,"master_deck":["Strike_R+1","Strike_R","Strike_R","Strike_R","Strike_R","Defend_R","Defend_R","Defend_R","Bash+1","Pommel Strike+1","Perfected Strike+1","Pommel Strike","Pommel Strike+1","Twin Strike+1","Power Through","Thunderclap+1","Cleave+1"],"relics":["Burning Blood","Molten Egg 2","Darkstone Periapt","Enchiridion"],"potions_floor_usage":[16,16],"damage_taken":[{"damage":5,"enemies":"Small Slimes","floor":1,"turns":3},{"damage":11,"enemies":"Jaw Worm","floor":2,"turns":3},{"damage":0,"enemies":"2 Louse","floor":4,"turns":2},{"damage":18,"enemies":"Exordium Thugs","floor":7,"turns":4},{"damage":10,"enemies":"Large Slime","floor":12,"turns":4},{"damage":61,"enemies":"The Guardian","floor":16,"turns":8},{"damage":10,"enemies":"Chosen","floor":18,"turns":4},{"damage":31,"enemies":"2 Thieves","floor":20,"turns":4},{"damage":32,"enemies":"Snake Plant","floor":21,"turns":4},{"damage":15,"enemies":"Shelled Parasite and Fungi","floor":22,"turns":1}],"seed_played":"-3081253714919867254","potions_obtained":[{"floor":2,"key":"Strength Potion"},{"floor":7,"key":"Dexterity Potion"},{"floor":12,"key":"Ancient Potion"},{"floor":21,"key":"Weak Potion"}],"is_trial":false,"path_per_floor":["M","M","?","M","$","R","M","T","T","$","?","M","R","?","R","B",null,"M","?","M","M","M"],"character_chosen":"IRONCLAD","items_purchased":["Pommel Strike","Twin Strike+1"],"campfire_rested":0,"item_purchase_floors":[5,10],"current_hp_per_floor":[80,75,75,80,80,80,68,68,68,68,68,64,64,69,69,14,85,81,65,40,14,0],"gold":236,"neow_bonus":"UPGRADE_CARD","is_prod":false,"is_daily":false,"chose_seed":false,"campfire_upgraded":3,"win_rate":0.0,"timestamp":1557830522,"path_taken":["M","M","?","M","$","R","M","?","T","$","?","?","R","?","R","BOSS","M","?","M","M","M"],"build_version":"2019-01-23","purchased_purges":0,"victory":false,"max_hp_per_floor":[80,80,80,80,80,80,80,80,80,80,80,80,80,85,85,85,85,85,85,85,85,85],"card_choices":[{"not_picked":["Armaments","Dropkick"],"picked":"Pommel Strike","floor":1},{"not_picked":["Combust","Clothesline"],"picked":"Perfected Strike","floor":2},{"not_picked":["Entrench","Dropkick","Second Wind"],"picked":"SKIP","floor":4},{"not_picked":["Body Slam","Reckless Charge"],"picked":"Pommel Strike","floor":7},{"not_picked":["Anger+1","Clash+1","Pummel+1"],"picked":"SKIP","floor":12},{"not_picked":["Flex","Heavy Blade+1"],"picked":"Thunderclap+1","floor":18},{"not_picked":["Iron Wave+1","Blood for Blood+1"],"picked":"Cleave+1","floor":20},{"not_picked":["Headbutt+1","Iron Wave+1","Warcry"],"picked":"SKIP","floor":21}],"player_experience":4908,"relics_obtained":[{"floor":8,"key":"Molten Egg 2"},{"floor":9,"key":"Darkstone Periapt"},{"floor":19,"key":"Enchiridion"}],"event_choices":[{"damage_healed":0,"gold_gain":0,"player_choice":"Grow","damage_taken":0,"max_hp_gain":0,"max_hp_loss":0,"event_name":"Living Wall","floor":3,"gold_loss":0,"cards_upgraded":["Perfected Strike"]},{"damage_healed":0,"gold_gain":0,"cards_transformed":["Defend_R"],"player_choice":"Transformed","damage_taken":0,"max_hp_gain":0,"max_hp_loss":0,"event_name":"Transmorgrifier","floor":11,"gold_loss":0,"cards_obtained":["Power Through"]},{"damage_healed":0,"gold_gain":0,"player_choice":"Donut","damage_taken":0,"max_hp_gain":5,"max_hp_loss":0,"event_name":"Big Fish","floor":14,"gold_loss":0},{"damage_healed":0,"gold_gain":0,"player_choice":"Obtained Book","damage_taken":16,"max_hp_gain":0,"max_hp_loss":0,"event_name":"Cursed Tome","floor":19,"gold_loss":0}],"is_beta":false,"boss_relics":[{"not_picked":["Ectoplasm","Philosopher\u0027s Stone","Fusion Hammer"]}],"items_purged_floors":[],"is_endless":false,"potions_floor_spawned":[2,7,12,21],"killed_by":"Shelled Parasite and Fungi","ascension_level":0}