{"gold_per_floor":[209,229,73,248,261,290,290,290,315,315,333,367,380,380,380,476,476,490,589,589,602,617,644,644,86,113,141,141,173,173,187,187,287,287,307,323,323,376,396,423,423,458,524,536,558,570,136,170,170,170,170,170,4,32,32],"floor_reached":56,"playtime":4625,"items_purged":["Doubt","Strike_G"],"score":1535,"play_id":"f695ab99-b7ff-4ded-bc22-3dec08d74e1d","local_time":"20190414035102","is_ascension_mode":true,"campfire_choices":[{"floor":8,"key":"REST"},{"data":"Deadly Poison","floor":10,"key":"SMITH"},{"data":"Neutralize","floor":15,"key":"SMITH"},{"data":"Catalyst","floor":24,"key":"SMITH"},{"data":"Sucker Punch","floor":30,"key":"SMITH"},{"data":"Bouncing Flask","floor":32,"key":"SMITH"},{"floor":44,"key":"RECALL"},{"floor":46,"key":"REST"},{"floor":49,"key":"REST"},{"floor":52,"key":"REST"}],"neow_cost":"NONE","seed_source_timestamp":2879709357757310,"circlet_count":0,"master_deck":["Defend_G","Defend_G","Defend_G","Defend_G","Defend_G","Strike_G","Strike_G","Strike_G","Strike_G","Survivor","Neutralize+1","Deadly Poison+1","PiercingWail","Sucker Punch+1","Noxious Fumes+1","Acrobatics","Dagger Throw","After Image+1","Backstab","Deadly Poison+1","Bane+1","Catalyst+1","Corpse Explosion","Bouncing Flask+1","After Image+1","Master of Strategy","Leg Sweep+1","Parasite","Blur+1","Distraction","After Image","Backflip","Backflip+1","Well Laid Plans+1","Leg Sweep+1","Backflip","Acrobatics","Deadly Poison","Master of Strategy"],"relics":["Ring of the Snake","Bag of Preparation","Art of War","Oddly Smooth Stone","Omamori","Matryoshka","Runic Dome","The Courier","DollysMirror","Pen Nib","Snake Skull","PreservedInsect","Fusion Hammer","Tiny Chest","Happy Flower","Nunchaku","MawBank","Lantern","Paper Crane","Anchor","ClockworkSouvenir","Bronze Scales"],"potions_floor_usage":[12,23,27,29,29,55,55,55],"damage_taken":[{"damage":0,"enemies":"2 Louse","floor":1,"turns":2},{"damage":0,"enemies":"Small Slimes","floor":2,"turns":5},{"damage":0,"enemies":"Jaw Worm","floor":5,"turns":3},{"damage":58,"enemies":"Gremlin Nob","floor":6,"turns":6},{"damage":0,"enemies":"Blue Slaver","floor":11,"turns":4},{"damage":2,"enemies":"Lagavulin","floor":12,"turns":6},{"damage":1,"enemies":"Gremlin Gang","floor":13,"turns":5},{"damage":0,"enemies":"Hexaghost","floor":16,"turns":9},{"damage":0,"enemies":"Shell Parasite","floor":18,"turns":8},{"damage":0,"enemies":"3 Byrds","floor":21,"turns":5},{"damage":2,"enemies":"Snake Plant","floor":22,"turns":5},{"damage":2,"enemies":"Gremlin Leader","floor":23,"turns":7},{"damage":4,"enemies":"Slavers","floor":27,"turns":4},{"damage":14,"enemies":"Gremlin Leader","floor":29,"turns":5},{"damage":1,"enemies":"Centurion and Healer","floor":31,"turns":5},{"damage":2,"enemies":"Champ","floor":33,"turns":7},{"damage":0,"enemies":"Orb Walker","floor":35,"turns":3},{"damage":0,"enemies":"3 Shapes","floor":36,"turns":6},{"damage":2,"enemies":"Jaw Worm Horde","floor":39,"turns":4},{"damage":4,"enemies":"Reptomancer","floor":40,"turns":4},{"damage":0,"enemies":"Giant Head","floor":42,"turns":7},{"damage":0,"enemies":"3 Darklings","floor":45,"turns":2},{"damage":0,"enemies":"Nemesis","floor":48,"turns":3},{"damage":0,"enemies":"Donu and Deca","floor":50,"turns":5},{"damage":0,"enemies":"Shield and Spear","floor":54,"turns":8},{"damage":2,"enemies":"The Heart","floor":55,"turns":7}],"seed_played":"-5735086287613364841","potions_obtained":[{"floor":2,"key":"SmokeBomb"},{"floor":5,"key":"SkillPotion"},{"floor":11,"key":"PowerPotion"},{"floor":21,"key":"Fire Potion"},{"floor":27,"key":"Poison Potion"},{"floor":29,"key":"Fruit Juice"},{"floor":33,"key":"PowerPotion"},{"floor":36,"key":"Swift Potion"},{"floor":45,"key":"PowerPotion"}],"is_trial":false,"path_per_floor":["M","M","$","?","M","E","?","R","T","R","M","E","M","?","R","B",null,"M","?","?","M","M","E","R","$","T","E","?","E","R","M","R","B",null,"M","M","?","T","M","E","?","E","T","R","M","R","$","E","R","B",null,"R","$","E","B",null],"character_chosen":"THE_SILENT","items_purchased":["Bag of Preparation","Corpse Explosion","Bouncing Flask","DollysMirror","GhostInAJar","Master of Strategy","Paper Crane","Deadly Poison","Master of Strategy","ClockworkSouvenir"],"campfire_rested":4,"item_purchase_floors":[3,25,25,25,25,25,47,47,47,53],"current_hp_per_floor":[70,70,70,70,70,12,12,33,33,33,33,31,30,30,30,30,70,70,70,70,70,68,66,66,66,66,62,62,53,53,52,52,50,75,75,75,71,71,69,65,65,65,65,65,65,71,71,71,71,71,71,71,71,71,69],"gold":32,"neow_bonus":"HUNDRED_GOLD","is_prod":false,"is_daily":false,"chose_seed":false,"campfire_upgraded":5,"win_rate":0,"timestamp":1555228262,"path_taken":["M","M","$","?","M","E","?","R","T","R","M","E","M","?","R","BOSS","M","?","?","M","?","E","R","$","T","E","?","E","R","M","R","BOSS","M","M","?","?","?","E","?","E","T","R","M","R","$","E","R","BOSS","R","$","E","BOSS"],"build_version":"2019-04-04","purchased_purges":2,"victory":true,"max_hp_per_floor":[70,70,70,70,70,70,70,70,70,70,70,70,70,70,70,70,70,70,70,70,70,70,70,70,70,70,70,70,75,75,75,75,75,75,75,75,71,71,71,71,71,71,71,71,71,71,71,71,71,71,71,71,71,71,71],"card_choices":[{"not_picked":["Quick Slash","Acrobatics"],"picked":"Deadly Poison","floor":1},{"not_picked":["Quick Slash","Choke"],"picked":"PiercingWail","floor":2},{"not_picked":["Skewer","Concentrate"],"picked":"Sucker Punch","floor":5},{"not_picked":["Flying Knee","Poisoned Stab"],"picked":"Noxious Fumes","floor":6},{"not_picked":["Expertise","Underhanded Strike"],"picked":"Acrobatics","floor":11},{"not_picked":["Outmaneuver","Accuracy"],"picked":"Dash","floor":12},{"not_picked":["Endless Agony","Phantasmal Killer"],"picked":"Dagger Throw","floor":13},{"not_picked":["A Thousand Cuts","Venomology"],"picked":"After Image","floor":16},{"not_picked":["Concentrate+1","Sucker Punch"],"picked":"Backstab","floor":18},{"not_picked":["Bane+1","Backflip"],"picked":"Deadly Poison+1","floor":21},{"not_picked":["Blade Dance","Quick Slash"],"picked":"Bane+1","floor":22},{"not_picked":["Infinite Blades","Deadly Poison"],"picked":"Catalyst","floor":23},{"not_picked":["Catalyst","Acrobatics"],"picked":"Leg Sweep+1","floor":27},{"not_picked":["All Out Attack+1","Quick Slash"],"picked":"Blur+1","floor":29},{"not_picked":["Dodge and Roll","Flying Knee+1"],"picked":"Distraction","floor":31},{"not_picked":["Storm of Steel","Adrenaline"],"picked":"After Image","floor":33},{"not_picked":["Concentrate+1","Setup+1"],"picked":"Backflip","floor":35},{"not_picked":["Concentrate+1","Acrobatics+1"],"picked":"Backflip+1","floor":36},{"not_picked":["Backflip+1","Dash"],"picked":"Well Laid Plans+1","floor":39},{"not_picked":["Quick Slash","Eviscerate+1"],"picked":"Leg Sweep+1","floor":40},{"not_picked":["Riddle With Holes+1","Dagger Throw"],"picked":"Backflip","floor":42},{"not_picked":["Heel Hook","Slice"],"picked":"Acrobatics","floor":45},{"not_picked":["Infinite Blades","Dagger Throw","Quick Slash"],"picked":"SKIP","floor":48},{"not_picked":["Terror+1","Heel Hook+1","Predator"],"picked":"SKIP","floor":54}],"player_experience":5314819,"relics_obtained":[{"floor":6,"key":"Art of War"},{"floor":9,"key":"Oddly Smooth Stone"},{"floor":12,"key":"Omamori"},{"floor":23,"key":"The Courier"},{"floor":26,"key":"Pen Nib"},{"floor":27,"key":"Snake Skull"},{"floor":29,"key":"PreservedInsect"},{"floor":38,"key":"Tiny Chest"},{"floor":38,"key":"Happy Flower"},{"floor":40,"key":"Nunchaku"},{"floor":42,"key":"MawBank"},{"floor":43,"key":"Lantern"},{"floor":48,"key":"Anchor"},{"floor":54,"key":"Bronze Scales"}],"event_choices":[{"damage_healed":0,"gold_gain":175,"player_choice":"AGREE","damage_taken":0,"max_hp_gain":0,"max_hp_loss":0,"event_name":"Liars Game","floor":4,"gold_loss":0,"cards_obtained":["Doubt"]},{"damage_healed":0,"gold_gain":0,"player_choice":"Grow","damage_taken":0,"max_hp_gain":0,"max_hp_loss":0,"event_name":"Living Wall","floor":7,"gold_loss":0,"cards_upgraded":["Noxious Fumes"]},{"damage_healed":0,"gold_gain":0,"player_choice":"Box","damage_taken":0,"relics_obtained":["Matryoshka"],"max_hp_gain":0,"max_hp_loss":0,"event_name":"Big Fish","floor":14,"gold_loss":0,"cards_obtained":["Regret"]},{"damage_healed":0,"gold_gain":99,"player_choice":"Stole From Cult","damage_taken":0,"max_hp_gain":0,"max_hp_loss":0,"event_name":"Nest","floor":19,"gold_loss":0},{"damage_healed":0,"gold_gain":0,"player_choice":"Upgraded","damage_taken":0,"max_hp_gain":0,"max_hp_loss":0,"event_name":"Upgrade Shrine","floor":20,"gold_loss":0,"cards_upgraded":["After Image"]},{"cards_removed":["Dash"],"damage_healed":0,"gold_gain":0,"player_choice":"Took Card","damage_taken":0,"max_hp_gain":0,"max_hp_loss":0,"event_name":"NoteForYourself","floor":28,"gold_loss":0,"cards_obtained":["Parasite"]},{"damage_healed":0,"gold_gain":0,"player_choice":"Max HP","damage_taken":0,"max_hp_gain":0,"max_hp_loss":4,"event_name":"Winding Halls","floor":37,"gold_loss":0},{"damage_healed":0,"gold_gain":0,"player_choice":"Ignored","damage_taken":0,"max_hp_gain":0,"max_hp_loss":0,"event_name":"Tomb of Lord Red Mask","floor":41,"gold_loss":0}],"is_beta":true,"boss_relics":[{"not_picked":["Runic Pyramid","Orrery"],"picked":"Runic Dome"},{"not_picked":["WristBlade","White Beast Statue"],"picked":"Fusion Hammer"}],"items_purged_floors":[25,47],"is_endless":false,"potions_floor_spawned":[2,5,11,21,27,29,33,36,45,54],"ascension_level":1}