{"gold_per_floor":[117,130,130,148,161,161,12,31,31,47,62,62,162,180,180,180],"floor_reached":16,"playtime":204,"items_purged":[],"score":96,"play_id":"69d4d4cd-f099-4346-a557-613f4966e7bf","local_time":"20190405213153","is_ascension_mode":false,"campfire_choices":[{"data":"Bash","floor":6,"key":"SMITH"},{"floor":12,"key":"REST"},{"data":"Flex","floor":15,"key":"SMITH"}],"neow_cost":"NONE","seed_source_timestamp":50875929592600,"circlet_count":0,"master_deck":["Strike_R","Strike_R","Strike_R","Strike_R","Strike_R","Defend_R","Defend_R","Defend_R","Defend_R","Bash+1","Sword Boomerang","Sword Boomerang","Flex+1"],"relics":["Burning Blood","NeowsBlessing","Juzu Bracelet","Turnip"],"potions_floor_usage":[11],"damage_taken":[{"damage":0,"enemies":"2 Louse","floor":1,"turns":1},{"damage":0,"enemies":"Cultist","floor":2,"turns":1},{"damage":0,"enemies":"Small Slimes","floor":4,"turns":1},{"damage":19,"enemies":"Exordium Wildlife","floor":5,"turns":3},{"damage":21,"enemies":"2 Fungi Beasts","floor":8,"turns":3},{"damage":19,"enemies":"Blue Slaver","floor":10,"turns":3},{"damage":28,"enemies":"Gremlin Gang","floor":11,"turns":4},{"damage":0,"enemies":"Large Slime","floor":14,"turns":3},{"damage":50,"enemies":"The Guardian","floor":16,"turns":5}],"seed_played":"-3433600110347837030","potions_obtained":[{"floor":2,"key":"Fire Potion"},{"floor":10,"key":"Poison Potion"},{"floor":11,"key":"Swift Potion"}],"is_trial":false,"path_per_floor":["M","M","?","M","M","R","$","M","T","M","M","R","?","M","R","B"],"character_chosen":"IRONCLAD","items_purchased":["Juzu Bracelet"],"campfire_rested":1,"item_purchase_floors":[7],"current_hp_per_floor":[80,80,80,80,67,67,67,52,52,39,17,41,41,47,47,0],"gold":180,"neow_bonus":"THREE_ENEMY_KILL","is_prod":false,"is_daily":false,"chose_seed":false,"campfire_upgraded":2,"win_rate":0,"timestamp":1554492713,"path_taken":["M","M","?","M","M","R","?","M","T","M","M","R","?","M","R","BOSS"],"build_version":"2019-01-23","purchased_purges":0,"victory":false,"max_hp_per_floor":[80,80,80,80,80,80,80,80,80,80,80,80,80,80,80,80],"card_choices":[{"not_picked":["Warcry","True Grit"],"picked":"Sword Boomerang","floor":1},{"not_picked":["Heavy Blade","Inflame","Rampage"],"picked":"SKIP","floor":2},{"not_picked":["Body Slam","Iron Wave","Feel No Pain"],"picked":"SKIP","floor":4},{"not_picked":["Pommel Strike","Combust","Metallicize"],"picked":"SKIP","floor":5},{"not_picked":["Heavy Blade","Juggernaut","Carnage"],"picked":"SKIP","floor":8},{"not_picked":["Carnage","Cleave"],"picked":"Sword Boomerang","floor":10},{"not_picked":["Entrench","Wild Strike"],"picked":"Flex","floor":11},{"not_picked":["Cleave","Clothesline","Warcry"],"picked":"SKIP","floor":14}],"player_experience":580462,"relics_obtained":[{"floor":9,"key":"Turnip"}],"event_choices":[{"damage_healed":0,"gold_gain":0,"player_choice":"Ignored","damage_taken":0,"max_hp_gain":0,"max_hp_loss":0,"event_name":"NoteForYourself","floor":3,"gold_loss":0},{"damage_healed":0,"gold_gain":100,"player_choice":"Pray","damage_taken":0,"max_hp_gain":0,"max_hp_loss":0,"event_name":"Golden Shrine","floor":13,"gold_loss":0}],"is_beta":false,"boss_relics":[],"items_purged_floors":[],"is_endless":false,"potions_floor_spawned":[2,10,11],"killed_by":"The Guardian","ascension_level":0}