{"gold_per_floor":[109,128,53,53,73,73,89,89,173,173,185,202,264,114,114,114],"floor_reached":16,"playtime":519,"items_purged":["Regret"],"score":146,"play_id":"6121f81b-12f5-4712-a9c7-da5ee6185165","local_time":"20190314230503","is_ascension_mode":true,"campfire_choices":[{"data":"Defragment","floor":6,"key":"SMITH"},{"data":"Electrodynamics","floor":8,"key":"SMITH"},{"floor":15,"key":"REST"}],"neow_cost":"CURSE","seed_source_timestamp":164151375552358,"circlet_count":0,"master_deck":["AscendersBane","Strike_B","Strike_B","Strike_B","Strike_B","Defend_B","Defend_B","Defend_B","Defend_B","Zap","Dualcast","Electrodynamics+1","Defragment+1","Conserve Battery","Redo","Ball Lightning","Loop","Self Repair"],"relics":["Cracked Core","Potion Belt","Tiny Chest","SsserpentHead","Omamori"],"potions_floor_usage":[12,13,13],"damage_taken":[{"damage":4,"enemies":"Cultist","floor":1,"turns":3},{"damage":10,"enemies":"Jaw Worm","floor":2,"turns":4},{"damage":10,"enemies":"Small Slimes","floor":5,"turns":3},{"damage":2,"enemies":"Red Slaver","floor":7,"turns":3},{"damage":2,"enemies":"Exordium Thugs","floor":11,"turns":3},{"damage":23,"enemies":"Gremlin Gang","floor":12,"turns":4},{"damage":8,"enemies":"3 Louse","floor":13,"turns":3},{"damage":25,"enemies":"Hexaghost","floor":16,"turns":7}],"seed_played":"-8653671402899515724","potions_obtained":[{"floor":2,"key":"Fire Potion"},{"floor":5,"key":"EssenceOfSteel"},{"floor":7,"key":"Swift Potion"}],"is_trial":false,"path_per_floor":["M","M","$","?","M","R","M","R","T","?","M","M","M","$","R","B"],"character_chosen":"DEFECT","items_purchased":["Omamori"],"campfire_rested":1,"item_purchase_floors":[14],"current_hp_per_floor":[64,54,54,47,37,37,35,35,35,35,33,10,2,2,24,0],"gold":114,"neow_bonus":"THREE_RARE_CARDS","is_prod":false,"is_daily":false,"chose_seed":false,"campfire_upgraded":2,"win_rate":0,"timestamp":1552615503,"path_taken":["M","?","$","?","M","R","M","R","T","?","M","M","?","$","R","BOSS"],"build_version":"2019-01-23","purchased_purges":1,"victory":false,"max_hp_per_floor":[75,75,75,75,75,75,75,75,75,75,75,75,75,75,75,75],"card_choices":[{"not_picked":["Core Surge","Rainbow"],"picked":"Electrodynamics","floor":0},{"not_picked":["Streamline","Doom and Gloom"],"picked":"Defragment","floor":1},{"not_picked":["Rebound","Sweeping Beam"],"picked":"Conserve Battery","floor":2},{"not_picked":["Rip and Tear","Rebound"],"picked":"Redo","floor":5},{"not_picked":["White Noise","Cold Snap"],"picked":"Ball Lightning","floor":7},{"not_picked":["Melter","Stack"],"picked":"Loop","floor":11},{"not_picked":["Steam","Cold Snap","Thunder Strike"],"picked":"SKIP","floor":12},{"not_picked":["Cold Snap","Stack"],"picked":"Self Repair","floor":13}],"player_experience":963806,"relics_obtained":[{"floor":9,"key":"Tiny Chest"}],"event_choices":[{"damage_healed":0,"gold_gain":0,"player_choice":"Success","damage_taken":7,"relics_obtained":["Potion Belt"],"max_hp_gain":0,"max_hp_loss":0,"event_name":"Scrap Ooze","floor":4,"gold_loss":0},{"damage_healed":0,"gold_gain":0,"player_choice":"Trade","damage_taken":0,"relics_obtained":["SsserpentHead"],"max_hp_gain":0,"max_hp_loss":0,"event_name":"FaceTrader","floor":10,"gold_loss":0}],"is_beta":false,"boss_relics":[],"items_purged_floors":[3],"is_endless":false,"potions_floor_spawned":[2,5,7],"killed_by":"Hexaghost","ascension_level":11}