{"gold_per_floor":[112,187,31,31,47,78,92,92,92,121,121,156,167,186,186,261,261,280,280,104,82,182,182,198,227,227,239,573,589,614,1,1,75,75,95,95,108,108,208,243,243,260,283,283,283,315,315,8,8,8,8,8,8,8,8],"floor_reached":55,"playtime":5446,"items_purged":["Strike_G","Strike_G","Strike_G","Strike_G"],"score":2177,"play_id":"172370dc-2362-4cb8-ab28-f56eb235fe27","local_time":"20181124121859","is_ascension_mode":true,"campfire_choices":[{"data":"Dagger Spray","floor":8,"key":"SMITH"},{"data":"Finisher","floor":11,"key":"SMITH"},{"data":"Envenom","floor":15,"key":"SMITH"},{"floor":23,"key":"REST"},{"floor":32,"key":"RECALL"},{"floor":41,"key":"REST"},{"floor":44,"key":"REST"},{"floor":47,"key":"REST"},{"floor":49,"key":"REST"},{"floor":53,"key":"REST"}],"neow_cost":"NONE","seed_source_timestamp":833482369384667,"circlet_count":0,"master_deck":["AscendersBane","Defend_G","Defend_G","Defend_G+1","Defend_G","Defend_G","Strike_G","Survivor+1","Neutralize+1","Dagger Throw","Dagger Spray+1","Finisher+1","Dash","Backstab","Dash","Envenom+1","Caltrops","PiercingWail","Footwork","Backflip","Cloak And Dagger","Well Laid Plans","Caltrops","Night Terror","Dodge and Roll","Noxious Fumes+1","After Image+1","Malaise","Cloak And Dagger+1","Acrobatics","PiercingWail+1","Caltrops+1","Dodge and Roll"],"relics":["Ring of the Serpent","War Paint","Pear","Pantograph","Anchor","Bronze Scales","Fusion Hammer","Incense Burner","Sundial","Meat on the Bone","Turnip","Old Coin","Frozen Egg 2","Bird Faced Urn","Prayer Wheel","Blue Candle","Nunchaku"],"potions_floor_usage":[6,16,22,25,25,42,46,51],"damage_taken":[{"damage":4,"enemies":"Small Slimes","floor":1,"turns":6},{"damage":4,"enemies":"Jaw Worm","floor":5,"turns":4},{"damage":3,"enemies":"Gremlin Nob","floor":6,"turns":3},{"damage":0,"enemies":"Cultist","floor":7,"turns":3},{"damage":0,"enemies":"3 Sentries","floor":10,"turns":8},{"damage":7,"enemies":"Lagavulin","floor":12,"turns":5},{"damage":0,"enemies":"Large Slime","floor":13,"turns":3},{"damage":0,"enemies":"Looter","floor":14,"turns":2},{"damage":34,"enemies":"Slime Boss","floor":16,"turns":10},{"damage":0,"enemies":"3 Byrds","floor":18,"turns":3},{"damage":0,"enemies":"2 Thieves","floor":21,"turns":4},{"damage":0,"enemies":"Colosseum Slavers","floor":22,"turns":2},{"damage":24,"enemies":"Colosseum Nobs","floor":22,"turns":5},{"damage":0,"enemies":"Snecko","floor":24,"turns":5},{"damage":6,"enemies":"Gremlin Leader","floor":25,"turns":10},{"damage":0,"enemies":"Chosen and Byrds","floor":27,"turns":5},{"damage":38,"enemies":"Slavers","floor":28,"turns":7},{"damage":0,"enemies":"Sentry and Sphere","floor":29,"turns":6},{"damage":5,"enemies":"Gremlin Leader","floor":30,"turns":7},{"damage":0,"enemies":"Champ","floor":33,"turns":16},{"damage":1,"enemies":"3 Shapes","floor":35,"turns":6},{"damage":17,"enemies":"3 Darklings","floor":37,"turns":11},{"damage":9,"enemies":"Mind Bloom Boss Battle","floor":39,"turns":11},{"damage":16,"enemies":"Nemesis","floor":40,"turns":11},{"damage":29,"enemies":"Transient","floor":42,"turns":6},{"damage":21,"enemies":"Giant Head","floor":46,"turns":15},{"damage":0,"enemies":"Time Eater","floor":50,"turns":19},{"damage":80,"enemies":"Awakened One","floor":51,"turns":44},{"damage":90,"enemies":"Shield and Spear","floor":55,"turns":5}],"seed_played":"-3738993484271630338","potions_obtained":[{"floor":1,"key":"Energy Potion"},{"floor":10,"key":"Strength Potion"},{"floor":12,"key":"SteroidPotion"},{"floor":18,"key":"GhostInAJar"},{"floor":24,"key":"Block Potion"},{"floor":28,"key":"AttackPotion"},{"floor":29,"key":"AttackPotion"},{"floor":30,"key":"Swift Potion"},{"floor":46,"key":"Swift Potion"}],"is_trial":false,"path_per_floor":["M","?","$","?","M","E","M","R","T","E","R","E","M","M","R","B",null,"M","?","$","M","?","R","M","E","T","M","E","M","E","$","R","B",null,"M","?","M","?","?","E","R","M","T","R","$","E","R","$","R","B","B",null,"R","$","E"],"character_chosen":"THE_SILENT","items_purchased":["Dagger Spray","FearPotion","Footwork","After Image+1","Bird Faced Urn","Caltrops+1","Dexterity Potion","Dodge and Roll"],"campfire_rested":6,"item_purchase_floors":[3,3,20,31,31,48,48,48],"current_hp_per_floor":[55,44,44,44,40,47,47,47,47,47,47,40,40,40,40,31,65,65,65,65,65,41,63,63,57,57,57,31,43,50,50,50,76,76,76,72,70,70,72,72,72,47,47,68,68,63,72,72,72,72,18,59,72,72,0],"gold":8,"neow_bonus":"RANDOM_COMMON_RELIC","is_prod":false,"is_daily":false,"chose_seed":false,"campfire_upgraded":3,"win_rate":0,"timestamp":1543079939,"path_taken":["M","?","$","?","M","E","M","R","T","E","R","E","?","M","R","BOSS","M","?","$","M","?","R","M","E","T","M","E","M","E","?","R","BOSS","M","?","M","?","?","E","R","M","T","R","$","E","R","$","R","BOSS","BOSS","R","$","E"],"build_version":"2018-11-15","purchased_purges":4,"victory":false,"max_hp_per_floor":[66,66,66,66,66,76,76,76,76,76,76,76,76,76,76,76,76,76,76,76,76,76,76,76,76,76,76,76,76,76,76,76,76,76,76,72,72,72,72,72,72,72,72,72,72,72,72,72,72,72,72,72,72,72,72],"card_choices":[{"not_picked":["Accuracy","Slice"],"picked":"Dagger Throw","floor":1},{"not_picked":["Riddle With Holes","Crippling Poison"],"picked":"Finisher","floor":5},{"not_picked":["Blade Dance","Expertise"],"picked":"Dash","floor":6},{"not_picked":["Distraction","Deflect"],"picked":"Backstab","floor":7},{"not_picked":["Bane","Venomology","Flying Knee"],"picked":"SKIP","floor":10},{"not_picked":["Acrobatics","Poisoned Stab"],"picked":"Dash","floor":12},{"not_picked":["Escape Plan","Blade Dance"],"picked":"Envenom","floor":13},{"not_picked":["Sucker Punch","Dash"],"picked":"Caltrops","floor":14},{"not_picked":["Finisher","Sucker Punch","Deflect"],"picked":"SKIP","floor":18},{"not_picked":["Finisher","Sucker Punch","Deflect"],"picked":"SKIP","floor":18},{"not_picked":["Flechettes","Eviscerate"],"picked":"Backflip","floor":21},{"not_picked":["PiercingWail","Skewer"],"picked":"Cloak And Dagger","floor":22},{"not_picked":["Riddle With Holes","Prepared","Acrobatics"],"picked":"SKIP","floor":24},{"not_picked":["Infinite Blades","Outmaneuver"],"picked":"Well Laid Plans","floor":25},{"not_picked":["Sucker Punch","Prepared"],"picked":"Caltrops","floor":27},{"not_picked":["Bane","Heel Hook"],"picked":"Night Terror","floor":28},{"not_picked":["Backflip","Terror"],"picked":"Dodge and Roll","floor":29},{"not_picked":["Backstab","Acrobatics"],"picked":"Noxious Fumes","floor":30},{"not_picked":["A Thousand Cuts+1","Die Die Die"],"picked":"Malaise","floor":33},{"not_picked":["Blade Dance+1","Bane","Dash"],"picked":"SKIP","floor":35},{"not_picked":["Bane","Sucker Punch","Endless Agony+1"],"picked":"SKIP","floor":37},{"not_picked":["Tactician","Skewer+1"],"picked":"Cloak And Dagger+1","floor":39},{"not_picked":["Dash+1","Backstab","Underhanded Strike"],"picked":"SKIP","floor":40},{"not_picked":["PiercingWail","Dagger Spray"],"picked":"Acrobatics","floor":42},{"not_picked":["Bane","Heel Hook","Distraction"],"picked":"SKIP","floor":42},{"not_picked":["Quick Slash","Bouncing Flask"],"picked":"PiercingWail+1","floor":46}],"player_experience":1015702,"relics_obtained":[{"floor":6,"key":"Pear"},{"floor":9,"key":"Pantograph"},{"floor":10,"key":"Anchor"},{"floor":12,"key":"Bronze Scales"},{"floor":22,"key":"Incense Burner"},{"floor":22,"key":"Sundial"},{"floor":25,"key":"Meat on the Bone"},{"floor":26,"key":"Turnip"},{"floor":28,"key":"Old Coin"},{"floor":30,"key":"Frozen Egg 2"},{"floor":39,"key":"Prayer Wheel"},{"floor":40,"key":"Blue Candle"},{"floor":46,"key":"Nunchaku"}],"event_choices":[{"damage_healed":0,"gold_gain":75,"player_choice":"Gather Gold","damage_taken":11,"max_hp_gain":0,"max_hp_loss":0,"event_name":"World of Goop","floor":2,"gold_loss":0},{"damage_healed":0,"gold_gain":0,"player_choice":"Upgraded","damage_taken":0,"max_hp_gain":0,"max_hp_loss":0,"event_name":"Upgrade Shrine","floor":4,"gold_loss":0,"cards_upgraded":["Neutralize"]},{"damage_healed":0,"gold_gain":0,"player_choice":"Read","damage_taken":0,"max_hp_gain":0,"max_hp_loss":0,"event_name":"The Library","floor":19,"gold_loss":0,"cards_obtained":["PiercingWail"]},{"damage_healed":0,"gold_gain":0,"player_choice":"Fight","damage_taken":0,"max_hp_gain":0,"max_hp_loss":0,"event_name":"Colosseum","floor":22,"gold_loss":0},{"damage_healed":0,"gold_gain":0,"player_choice":"Fought Nobs","damage_taken":0,"max_hp_gain":0,"max_hp_loss":0,"event_name":"Colosseum","floor":22,"gold_loss":0},{"damage_healed":0,"gold_gain":0,"player_choice":"Max HP","damage_taken":0,"max_hp_gain":0,"max_hp_loss":4,"event_name":"Winding Halls","floor":36,"gold_loss":0},{"damage_healed":0,"gold_gain":0,"player_choice":"Ignored","damage_taken":0,"max_hp_gain":0,"max_hp_loss":0,"event_name":"Tomb of Lord Red Mask","floor":38,"gold_loss":0},{"damage_healed":0,"gold_gain":0,"player_choice":"Fight","damage_taken":0,"max_hp_gain":0,"max_hp_loss":0,"event_name":"MindBloom","floor":39,"gold_loss":0}],"is_beta":true,"boss_relics":[{"not_picked":["Runic Dome","HoveringKite"],"picked":"Fusion Hammer"},{"not_picked":["Velvet Choker","Calling Bell"],"picked":"Ring of the Serpent"}],"items_purged_floors":[3,20,31,48],"is_endless":false,"potions_floor_spawned":[1,10,12,13,18,24,28,29,30,39,40,46],"killed_by":"Shield and Spear","ascension_level":20}