{"gold_per_floor":[115,115,115,130,130,130,161,181,227,262,280,280,292,319,319,422,472,488,366,366,379,397,397,424,424],"floor_reached":25,"playtime":1092,"items_purged":["Strike_G"],"score":290,"play_id":"be981622-0b06-4667-ba50-60237049725b","local_time":"20190507145107","is_ascension_mode":true,"campfire_choices":[{"data":"Infinite Blades","floor":6,"key":"SMITH"},{"data":"Neutralize","floor":12,"key":"SMITH"},{"floor":15,"key":"REST"},{"floor":23,"key":"REST"}],"neow_cost":"NONE","seed_source_timestamp":139443671831299,"circlet_count":0,"master_deck":["Defend_G","Defend_G","Defend_G","Defend_G","Defend_G","Strike_G","Strike_G","Strike_G","Strike_G+1","Survivor","Neutralize+1","Bullet Time+1","Terror+1","Infinite Blades+1","Dodge and Roll","Distraction","Dagger Spray","Well Laid Plans","Dagger Spray","Sucker Punch","Phantasmal Killer","All Out Attack","Outmaneuver+1","PiercingWail","Blade Dance","Backstab","Cloak And Dagger","Deflect+1"],"relics":["Ring of the Snake","Bag of Preparation","Mercury Hourglass","Regal Pillow","Pear","Dream Catcher","Tiny House","Nilry\u0027s Codex","Art of War"],"potions_floor_usage":[10],"damage_taken":[{"damage":4,"enemies":"Jaw Worm","floor":1,"turns":7},{"damage":1,"enemies":"2 Louse","floor":4,"turns":3},{"damage":5,"enemies":"Gremlin Nob","floor":7,"turns":4},{"damage":0,"enemies":"Cultist","floor":8,"turns":4},{"damage":19,"enemies":"Lagavulin","floor":10,"turns":4},{"damage":0,"enemies":"Exordium Thugs","floor":11,"turns":3},{"damage":3,"enemies":"Looter","floor":13,"turns":3},{"damage":24,"enemies":"Gremlin Nob","floor":14,"turns":4},{"damage":28,"enemies":"Hexaghost","floor":16,"turns":9},{"damage":3,"enemies":"2 Thieves","floor":18,"turns":2},{"damage":14,"enemies":"Spheric Guardian","floor":21,"turns":4},{"damage":51,"enemies":"Shelled Parasite and Fungi","floor":22,"turns":5},{"damage":40,"enemies":"Gremlin Leader","floor":24,"turns":8},{"damage":4,"enemies":"Centurion and Healer","floor":25,"turns":1}],"seed_played":"4313228364458915838","potions_obtained":[{"floor":1,"key":"Poison Potion"},{"floor":7,"key":"Ancient Potion"},{"floor":8,"key":"Energy Potion"},{"floor":11,"key":"SpeedPotion"},{"floor":17,"key":"PowerPotion"}],"is_trial":false,"path_per_floor":["M","?","?","M","T","R","E","M","T","E","M","R","M","E","R","B",null,"M","$","?","M","M","R","E","M"],"character_chosen":"THE_SILENT","items_purchased":["PiercingWail"],"campfire_rested":2,"item_purchase_floors":[19],"current_hp_per_floor":[66,66,66,65,65,65,60,60,60,51,51,51,48,24,63,35,85,82,82,66,52,1,41,1,0],"gold":424,"neow_bonus":"ONE_RANDOM_RARE_CARD","is_prod":false,"is_daily":false,"chose_seed":false,"campfire_upgraded":2,"win_rate":0,"timestamp":1557255067,"path_taken":["M","?","?","?","?","R","E","M","T","E","M","R","M","E","R","BOSS","M","$","?","M","M","R","E","M"],"build_version":"2019-01-23","purchased_purges":1,"victory":false,"max_hp_per_floor":[70,70,70,70,70,70,70,70,70,80,80,80,80,80,80,80,85,85,85,85,85,85,85,85,85],"card_choices":[{"not_picked":["Tactician","Eviscerate"],"picked":"Terror","floor":1},{"not_picked":["Bouncing Flask","Finisher"],"picked":"Infinite Blades","floor":4},{"not_picked":["Infinite Blades","Noxious Fumes"],"picked":"Dodge and Roll","floor":7},{"not_picked":["Slice","Bane"],"picked":"Distraction","floor":8},{"not_picked":["Dodge and Roll","Night Terror"],"picked":"Dagger Spray","floor":10},{"not_picked":["Prepared","Noxious Fumes"],"picked":"Well Laid Plans","floor":11},{"not_picked":["Terror","Slice"],"picked":"Dagger Spray","floor":13},{"not_picked":["Outmaneuver","Bouncing Flask","Prepared"],"picked":"SKIP","floor":14},{"not_picked":["Malaise","Prepared"],"picked":"Sucker Punch","floor":15},{"not_picked":["Burst","Corpse Explosion"],"picked":"Phantasmal Killer","floor":16},{"not_picked":["Flechettes","Poisoned Stab"],"picked":"All Out Attack","floor":17},{"not_picked":["Setup","Bouncing Flask"],"picked":"Outmaneuver+1","floor":18},{"not_picked":["Sucker Punch","Bouncing Flask+1"],"picked":"Blade Dance","floor":21},{"not_picked":["Sucker Punch","Finisher"],"picked":"Backstab","floor":22},{"not_picked":["Choke","Dodge and Roll"],"picked":"Cloak And Dagger","floor":23},{"not_picked":["Catalyst","Outmaneuver"],"picked":"Deflect+1","floor":24}],"player_experience":142065,"relics_obtained":[{"floor":5,"key":"Bag of Preparation"},{"floor":7,"key":"Mercury Hourglass"},{"floor":9,"key":"Regal Pillow"},{"floor":10,"key":"Pear"},{"floor":14,"key":"Dream Catcher"},{"floor":20,"key":"Nilry\u0027s Codex"},{"floor":24,"key":"Art of War"}],"event_choices":[{"damage_healed":0,"gold_gain":0,"player_choice":"Grow","damage_taken":0,"max_hp_gain":0,"max_hp_loss":0,"event_name":"Living Wall","floor":2,"gold_loss":0,"cards_upgraded":["Bullet Time"]},{"damage_healed":0,"gold_gain":0,"player_choice":"Forge","damage_taken":0,"max_hp_gain":0,"max_hp_loss":0,"event_name":"Accursed Blacksmith","floor":3,"gold_loss":0,"cards_upgraded":["Terror"]},{"damage_healed":0,"gold_gain":0,"player_choice":"Obtained Book","damage_taken":16,"max_hp_gain":0,"max_hp_loss":0,"event_name":"Cursed Tome","floor":20,"gold_loss":0}],"is_beta":false,"boss_relics":[{"not_picked":["Orrery","Philosopher\u0027s Stone"],"picked":"Tiny House"}],"items_purged_floors":[19],"is_endless":false,"potions_floor_spawned":[1,7,8,11,18,22],"killed_by":"Centurion and Healer","ascension_level":2}