{"gold_per_floor":[113,113,113,136,155,183,196,213,240,267,21,21,21,33,33,134,184,197,59,77,3,3,3,3,29,29,41,83,95],"floor_reached":29,"playtime":1121,"items_purged":[],"score":363,"play_id":"9624448a-9360-4116-8d6c-d1be174e46ab","local_time":"20190514154551","is_ascension_mode":true,"campfire_choices":[{"data":"Accuracy","floor":12.0,"key":"SMITH"},{"data":"Blade Dance","floor":15,"key":"SMITH"},{"data":"Adrenaline","floor":23,"key":"SMITH"}],"neow_cost":"NONE","seed_source_timestamp":0,"circlet_count":0,"master_deck":["Defend_G","Defend_G","Defend_G","Defend_G","Defend_G","Strike_G","Strike_G+1","Strike_G","Strike_G","Survivor","Neutralize","Blade Dance","Unload","Accuracy+1","Dodge and Roll","Tactician","Reflex","Die Die Die","Accuracy","Blade Dance+1","Escape Plan","Adrenaline+1","Blade Dance","Cloak And Dagger+1","Underhanded Strike","Deflect","Sucker Punch","Quick Slash","Heel Hook","Well Laid Plans","Blade Dance","Infinite Blades"],"special_seed":0,"relics":["Ring of the Snake","NeowsBlessing","Oddly Smooth Stone","Strawberry","Question Card","Dream Catcher","Membership Card","Tiny House","PreservedInsect","Lantern","Molten Egg 2","The Courier","MawBank","Happy Flower"],"potions_floor_usage":[16,16,16,16,16,28],"damage_taken":[{"damage":0.0,"enemies":"Cultist","floor":1.0,"turns":1.0},{"damage":0.0,"enemies":"2 Louse","floor":5.0,"turns":1.0},{"damage":0.0,"enemies":"Gremlin Nob","floor":6.0,"turns":1.0},{"damage":10.0,"enemies":"Jaw Worm","floor":7.0,"turns":4.0},{"damage":3.0,"enemies":"Blue Slaver","floor":8.0,"turns":4.0},{"damage":29.0,"enemies":"3 Sentries","floor":10.0,"turns":11.0},{"damage":0,"enemies":"2 Fungi Beasts","floor":14,"turns":2},{"damage":33,"enemies":"Slime Boss","floor":16,"turns":11},{"damage":20,"enemies":"Shell Parasite","floor":18,"turns":3},{"damage":2,"enemies":"3 Byrds","floor":20,"turns":5},{"damage":32,"enemies":"Book of Stabbing","floor":25,"turns":5},{"damage":19,"enemies":"Gremlin Leader","floor":28,"turns":5},{"damage":10,"enemies":"Snecko","floor":29,"turns":2}],"seed_played":"2164006250691739602","potions_obtained":[{"floor":5.0,"key":"AttackPotion"},{"floor":7.0,"key":"SkillPotion"},{"floor":8.0,"key":"AttackPotion"},{"floor":13,"key":"EntropicBrew"},{"floor":13,"key":"Fire Potion"},{"floor":16,"key":"SteroidPotion"},{"floor":17,"key":"SneckoOil"},{"floor":18,"key":"Dexterity Potion"}],"is_trial":false,"path_per_floor":["M","T","?","T","M","E","M","M","T","E","$","R","?","M","R","B",null,"M","$","M","$","?","R","T","E","T","?","E","M"],"character_chosen":"THE_SILENT","items_purchased":["Membership Card","Accuracy","Blade Dance","PreservedInsect","Underhanded Strike","Deflect","Sucker Punch","Heel Hook","Well Laid Plans"],"campfire_rested":0,"item_purchase_floors":[11,11,11,19,19,19,19,21,21],"current_hp_per_floor":[70,70,70,77,77,77,67,64,64,35,35,35,35,35,35,2,82,62,62,60,60,60,60,60,28,28,28,9,0],"gold":95,"neow_bonus":"THREE_ENEMY_KILL","is_prod":false,"is_daily":false,"chose_seed":false,"campfire_upgraded":3,"win_rate":0,"timestamp":1557863151,"path_taken":["M","?","?","?","M","E","M","M","T","E","?","R","?","M","R","BOSS","M","?","M","$","?","R","?","E","T","?","E","?"],"build_version":"2019-01-23","purchased_purges":0,"victory":false,"max_hp_per_floor":[70,70,70,77,77,77,77,77,77,77,77,77,77,77,77,77,82,82,82,82,82,82,82,82,82,82,82,82,82],"card_choices":[{"not_picked":["Dagger Spray","Bane"],"picked":"Blade Dance","floor":1.0},{"not_picked":["Sucker Punch","Catalyst"],"picked":"Accuracy","floor":5.0},{"not_picked":["Expertise","Prepared"],"picked":"Dodge and Roll","floor":6.0},{"not_picked":["Dagger Spray","All Out Attack","Sucker Punch"],"picked":"Tactician","floor":7.0},{"not_picked":["Deflect","Noxious Fumes","Bane"],"picked":"Reflex","floor":8.0},{"not_picked":["Finisher","Dagger Spray","Outmaneuver"],"picked":"Die Die Die","floor":10.0},{"not_picked":["Acrobatics","Dash","Heel Hook"],"picked":"Escape Plan","floor":14},{"not_picked":["Glass Knife","Burst","Bullet Time"],"picked":"Adrenaline","floor":16},{"not_picked":["Dagger Spray","Sucker Punch","Flying Knee"],"picked":"Blade Dance","floor":17},{"not_picked":["Terror","Blur","Prepared+1"],"picked":"Cloak And Dagger+1","floor":18},{"not_picked":["Sucker Punch","Flying Knee+1","Skewer"],"picked":"Quick Slash","floor":20},{"not_picked":["Poisoned Stab+1","Underhanded Strike+1","Flying Knee+1"],"picked":"Blade Dance","floor":25},{"not_picked":["Accuracy+1","Bane+1","Venomology"],"picked":"Infinite Blades","floor":28}],"player_experience":188458,"relics_obtained":[{"floor":2.0,"key":"Oddly Smooth Stone"},{"floor":4.0,"key":"Strawberry"},{"floor":6.0,"key":"Question Card"},{"floor":10.0,"key":"Dream Catcher"},{"floor":24,"key":"Molten Egg 2"},{"floor":25,"key":"The Courier"},{"floor":26,"key":"MawBank"},{"floor":28,"key":"Happy Flower"}],"event_choices":[{"damage_healed":0.0,"max_hp_gain":0.0,"max_hp_loss":0.0,"gold_gain":0.0,"cards_transformed":["Strike_G"],"event_name":"Living Wall","player_choice":"Change","floor":3.0,"gold_loss":0.0,"damage_taken":0.0,"cards_obtained":["Unload"]},{"damage_healed":0,"gold_gain":0,"player_choice":"Got Potions","damage_taken":0,"max_hp_gain":0,"max_hp_loss":0,"event_name":"Lab","floor":13,"gold_loss":0},{"damage_healed":0,"gold_gain":0,"player_choice":"Opened","damage_taken":0,"relics_obtained":["Lantern"],"max_hp_gain":0,"max_hp_loss":0,"event_name":"The Mausoleum","floor":22,"gold_loss":0},{"damage_healed":0,"gold_gain":0,"player_choice":"Ignored","damage_taken":0,"max_hp_gain":0,"max_hp_loss":0,"event_name":"Ghosts","floor":27,"gold_loss":0}],"is_beta":false,"boss_relics":[{"not_picked":["Black Star","Lizard Tail"],"picked":"Tiny House"}],"items_purged_floors":[],"is_endless":false,"potions_floor_spawned":[5,7,8,16,18,20],"killed_by":"Snecko","ascension_level":3}