{"gold_per_floor":[10,26,45,61,61,61,87,107,137,137,149,149,74,105,105,183,183,199,216,216],"floor_reached":20,"playtime":2159,"items_purged":["Strike_B"],"score":372,"play_id":"4f5dcc7d-7a33-466b-b757-d4188d58a30f","local_time":"20181115183553","is_ascension_mode":true,"campfire_choices":[{"data":"Zap","floor":6,"key":"SMITH"},{"floor":12,"key":"REST"},{"floor":15,"key":"REST"}],"neow_cost":"NO_GOLD","seed_source_timestamp":82030527945097,"circlet_count":0,"master_deck":["AscendersBane","Strike_B","Strike_B","Strike_B","Defend_B","Defend_B","Defend_B","Defend_B","Zap+1","Dualcast","Echo Form","Sweeping Beam","Cold Snap","Compile Driver","Undo","Parasite","Conserve Battery","FTL","All For One","Consume"],"relics":["Cracked Core","Matryoshka","Tiny Chest","Shuriken","Nuclear Battery"],"potions_floor_usage":[8,14,14,19],"damage_taken":[{"damage":0,"enemies":"Cultist","floor":1,"turns":4},{"damage":2,"enemies":"Jaw Worm","floor":2,"turns":3},{"damage":7,"enemies":"Small Slimes","floor":3,"turns":3},{"damage":12,"enemies":"Exordium Wildlife","floor":4,"turns":4},{"damage":26,"enemies":"3 Sentries","floor":7,"turns":7},{"damage":7,"enemies":"Gremlin Gang","floor":8,"turns":3},{"damage":6,"enemies":"Lots of Slimes","floor":11,"turns":3},{"damage":29,"enemies":"Gremlin Nob","floor":14,"turns":4},{"damage":32,"enemies":"The Guardian","floor":16,"turns":15},{"damage":5,"enemies":"3 Byrds","floor":18,"turns":5},{"damage":18,"enemies":"2 Thieves","floor":19,"turns":4},{"damage":38,"enemies":"Shelled Parasite and Fungi","floor":20,"turns":3}],"seed_played":"8106367044504020812","potions_obtained":[{"floor":4,"key":"Strength Potion"},{"floor":7,"key":"GamblersBrew"},{"floor":8,"key":"FearPotion"},{"floor":16,"key":"GamblersBrew"}],"is_trial":false,"path_per_floor":["M","M","M","M","?","R","E","M","T","?","M","R","$","E","R","B",null,"M","M","M"],"character_chosen":"DEFECT","items_purchased":[],"campfire_rested":2,"item_purchase_floors":[],"current_hp_per_floor":[64,62,55,43,43,43,17,10,10,27,21,42,42,13,34,2,54,49,31,0],"gold":216,"neow_bonus":"THREE_RARE_CARDS","is_prod":false,"is_daily":false,"chose_seed":false,"campfire_upgraded":1,"win_rate":0,"timestamp":1542324953,"path_taken":["M","?","M","M","?","R","E","M","T","?","M","R","?","E","R","BOSS","M","M","M"],"build_version":"2018-11-14","purchased_purges":1,"victory":false,"max_hp_per_floor":[71,71,71,71,71,71,71,71,71,71,71,71,71,71,71,71,71,71,71,71],"card_choices":[{"not_picked":["All For One","Seek"],"picked":"Echo Form","floor":0},{"not_picked":["Streamline","White Noise"],"picked":"Sweeping Beam","floor":1},{"not_picked":["Leap","Reinforced Body"],"picked":"Cold Snap","floor":2},{"not_picked":["Doom and Gloom","Darkness"],"picked":"Compile Driver","floor":3},{"not_picked":["Redo","Barrage"],"picked":"Undo","floor":4},{"not_picked":["Streamline","Hologram","Blizzard"],"picked":"SKIP","floor":7},{"not_picked":["Coolheaded","Leap","Steam"],"picked":"SKIP","floor":8},{"not_picked":["Turbo","Consume"],"picked":"Conserve Battery","floor":11},{"not_picked":["Scrape","Core Surge"],"picked":"FTL","floor":14},{"not_picked":["Reboot","Fission"],"picked":"All For One","floor":16},{"not_picked":["Chaos","Reprogram+1","Redo"],"picked":"SKIP","floor":18},{"not_picked":["Steam","Leap"],"picked":"Consume","floor":19}],"player_experience":967019,"relics_obtained":[{"floor":7,"key":"Matryoshka"},{"floor":9,"key":"Tiny Chest"},{"floor":9,"key":"Shuriken"}],"event_choices":[{"damage_healed":0,"gold_gain":0,"player_choice":"Ignored","damage_taken":0,"max_hp_gain":0,"max_hp_loss":0,"event_name":"Golden Idol","floor":5,"gold_loss":0},{"damage_healed":17,"gold_gain":0,"player_choice":"Healed and dodged fight","damage_taken":0,"max_hp_gain":0,"max_hp_loss":0,"event_name":"Mushrooms","floor":10,"gold_loss":0,"cards_obtained":["Parasite"]}],"is_beta":true,"boss_relics":[{"not_picked":["Busted Crown","Fusion Hammer"],"picked":"Nuclear Battery"}],"items_purged_floors":[13],"is_endless":false,"potions_floor_spawned":[4,7,8,16],"killed_by":"Shelled Parasite and Fungi","ascension_level":20}