{"gold_per_floor":[365,40,55,55,55,55,81,97,173,173,173,21,48,60,60,163,163,174,194,98,98,197,228,228,256,256,287,307,307,321,340,340,445,445,457,457,469,488,500,525,525,551,551,566,13,13,66,93,93,93,93,93,43,78,78],"floor_reached":56,"playtime":3700,"items_purged":["Parasite"],"score":1484,"play_id":"947b3244-9e50-4168-8f93-751928587e7f","local_time":"20190225092437","is_ascension_mode":true,"campfire_choices":[{"data":"Zap","floor":6,"key":"SMITH"},{"data":"White Noise","floor":10,"key":"SMITH"},{"data":"Go for the Eyes","floor":15,"key":"SMITH"},{"data":"Electrodynamics","floor":29,"key":"SMITH"},{"data":"Conserve Battery","floor":32,"key":"SMITH"},{"data":"Dualcast","floor":41,"key":"SMITH"},{"floor":49,"key":"RECALL"},{"data":"Defend_B","floor":52,"key":"SMITH"}],"neow_cost":"CURSE","seed_source_timestamp":6123990207920613,"circlet_count":0,"master_deck":["Strike_B","Strike_B","Strike_B","Defend_B","Defend_B","Defend_B","Defend_B+1","Zap+1","Dualcast+1","Conserve Battery+1","Cold Snap","Loop+1","White Noise+1","Steam","Electrodynamics+1","Go for the Eyes+1","Rainbow+1","Echo Form+1","Self Repair+1","Hello World+1","Storm+1","Leap+1","Stack+1","Stack+1","Conserve Battery+1","Reboot+1","Ball Lightning+1","Hologram+1","Rainbow+1","Steam Power+1","Double Energy+1","Conserve Battery+1","Capacitor+1","Coolheaded+1","Doom and Gloom+1","Mayhem+1","Leap+1","Caltrops","Defragment+1","Steam Power+1","Turbo+1","Seek+1"],"relics":["Cracked Core","Oddly Smooth Stone","Centennial Puzzle","Toxic Egg 2","Frozen Egg 2","Coffee Dripper","Ice Cream","Pocketwatch","Gremlin Horn","Happy Flower","Letter Opener","Kunai","Runic Pyramid","Pen Nib","Juzu Bracelet","Incense Burner","Emotion Chip","Meat on the Bone","Turnip"],"potions_floor_usage":[7,18,33,33,55,55,55],"damage_taken":[{"damage":4,"enemies":"2 Louse","floor":1,"turns":2},{"damage":0,"enemies":"Jaw Worm","floor":3,"turns":3},{"damage":49,"enemies":"Gremlin Nob","floor":7,"turns":6},{"damage":6,"enemies":"Small Slimes","floor":8,"turns":3},{"damage":4,"enemies":"Lagavulin","floor":13,"turns":5},{"damage":0,"enemies":"3 Louse","floor":14,"turns":2},{"damage":0,"enemies":"The Guardian","floor":16,"turns":8},{"damage":0,"enemies":"Shell Parasite","floor":18,"turns":4},{"damage":16,"enemies":"2 Thieves","floor":19,"turns":3},{"damage":13,"enemies":"Book of Stabbing","floor":23,"turns":5},{"damage":16,"enemies":"Gremlin Leader","floor":25,"turns":4},{"damage":8,"enemies":"Book of Stabbing","floor":27,"turns":5},{"damage":0,"enemies":"3 Cultists","floor":28,"turns":3},{"damage":0,"enemies":"Sentry and Sphere","floor":30,"turns":3},{"damage":21,"enemies":"Snake Plant","floor":31,"turns":3},{"damage":0,"enemies":"Collector","floor":33,"turns":7},{"damage":11,"enemies":"Orb Walker","floor":35,"turns":3},{"damage":21,"enemies":"3 Shapes","floor":37,"turns":4},{"damage":4,"enemies":"Writhing Mass","floor":38,"turns":6},{"damage":10,"enemies":"Jaw Worm Horde","floor":39,"turns":5},{"damage":0,"enemies":"Nemesis","floor":40,"turns":7},{"damage":0,"enemies":"Giant Head","floor":42,"turns":9},{"damage":0,"enemies":"Spire Growth","floor":44,"turns":4},{"damage":12,"enemies":"2 Orb Walkers","floor":47,"turns":4},{"damage":5,"enemies":"Nemesis","floor":48,"turns":5},{"damage":8,"enemies":"Donu and Deca","floor":50,"turns":6},{"damage":3,"enemies":"Shield and Spear","floor":54,"turns":4},{"damage":17,"enemies":"The Heart","floor":55,"turns":8}],"seed_played":"-5196898541336088864","potions_obtained":[{"floor":3,"key":"SkillPotion"},{"floor":7,"key":"EssenceOfSteel"},{"floor":8,"key":"Explosive Potion"},{"floor":16,"key":"LiquidBronze"},{"floor":18,"key":"Explosive Potion"},{"floor":28,"key":"SpeedPotion"},{"floor":38,"key":"FairyPotion"},{"floor":39,"key":"LiquidBronze"},{"floor":40,"key":"FocusPotion"},{"floor":54,"key":"FocusPotion"}],"is_trial":false,"path_per_floor":["M","$","M","?","?","R","E","M","T","R","?","$","E","M","R","B",null,"M","M","$","?","?","E","T","E","T","E","M","R","M","M","R","B",null,"M","?","M","M","M","E","R","E","T","M","$","?","?","E","R","B",null,"R","$","E","B",null],"character_chosen":"DEFECT","items_purchased":["Oddly Smooth Stone","Cold Snap","Self Repair","Electrodynamics","Storm+1","Leap+1","Mayhem+1","Incense Burner","Leap+1","Turbo+1"],"campfire_rested":0,"item_purchase_floors":[2,2,2,12,20,20,45,45,45,53],"current_hp_per_floor":[71,71,72,65,65,65,23,24,24,24,72,72,68,68,68,68,72,72,66,66,66,66,63,63,57,57,59,72,72,72,51,51,71,72,71,71,60,72,72,72,72,72,72,72,72,69,67,62,62,64,69,69,69,69,62],"gold":78,"neow_bonus":"TWO_FIFTY_GOLD","is_prod":false,"is_daily":false,"chose_seed":false,"campfire_upgraded":7,"win_rate":0,"timestamp":1551104677,"path_taken":["M","$","M","?","?","R","E","M","T","R","?","$","E","M","R","BOSS","M","M","?","?","?","E","?","E","T","E","M","R","?","M","R","BOSS","M","?","?","M","M","E","R","E","T","M","$","?","?","E","R","BOSS","R","$","E","BOSS"],"build_version":"2019-02-06","purchased_purges":1,"victory":true,"max_hp_per_floor":[75,72,72,72,72,72,72,72,72,72,72,72,72,72,72,72,72,72,72,72,72,72,72,72,72,72,72,72,72,72,72,72,72,72,72,72,72,72,72,72,72,72,72,72,72,69,69,69,69,69,69,69,69,69,69],"card_choices":[{"not_picked":["Turbo","Chaos"],"picked":"Conserve Battery","floor":1},{"not_picked":["Gash","Streamline"],"picked":"Loop","floor":3},{"not_picked":["Hologram","Steam Power"],"picked":"White Noise","floor":7},{"not_picked":["Chaos","Turbo"],"picked":"Steam","floor":8},{"not_picked":["Rebound","Fusion+1"],"picked":"Go for the Eyes","floor":13},{"not_picked":["Rebound","Conserve Battery+1"],"picked":"Rainbow+1","floor":14},{"not_picked":["Core Surge","Amplify+1"],"picked":"Echo Form+1","floor":16},{"not_picked":["Hologram+1","Rebound"],"picked":"Self Repair+1","floor":18},{"not_picked":["Skim+1","Sweeping Beam"],"picked":"Hello World+1","floor":19},{"not_picked":["Sunder","Ball Lightning"],"picked":"Stack+1","floor":23},{"not_picked":["Compile Driver","Reprogram+1"],"picked":"Stack+1","floor":25},{"not_picked":["Force Field+1","Sunder"],"picked":"Conserve Battery+1","floor":27},{"not_picked":["Stack+1","Cold Snap"],"picked":"Reboot+1","floor":28},{"not_picked":["Gash","Beam Cell+1"],"picked":"Ball Lightning+1","floor":30},{"not_picked":["Rebound+1","Cold Snap"],"picked":"Hologram+1","floor":31},{"not_picked":["All For One","Amplify+1"],"picked":"Rainbow+1","floor":33},{"not_picked":["Rebound","Go for the Eyes"],"picked":"Steam Power+1","floor":35},{"not_picked":["Melter","Hello World+1"],"picked":"Double Energy+1","floor":37},{"not_picked":["Redo+1","Ball Lightning+1","Reprogram+1"],"picked":"SKIP","floor":38},{"not_picked":["Compile Driver+1","Go for the Eyes"],"picked":"Conserve Battery+1","floor":39},{"not_picked":["Coolheaded+1","Beam Cell"],"picked":"Capacitor+1","floor":40},{"not_picked":["Fusion+1","Redo+1"],"picked":"Coolheaded+1","floor":42},{"not_picked":["Leap+1","Auto Shields+1"],"picked":"Doom and Gloom+1","floor":44},{"not_picked":["Go for the Eyes","Leap+1"],"picked":"Defragment+1","floor":47},{"not_picked":["Lockon","Leap+1"],"picked":"Steam Power+1","floor":48},{"not_picked":["Aggregate+1","Turbo+1"],"picked":"Seek+1","floor":54}],"player_experience":4688534,"relics_obtained":[{"floor":7,"key":"Centennial Puzzle"},{"floor":9,"key":"Toxic Egg 2"},{"floor":13,"key":"Frozen Egg 2"},{"floor":23,"key":"Pocketwatch"},{"floor":24,"key":"Gremlin Horn"},{"floor":25,"key":"Happy Flower"},{"floor":26,"key":"Letter Opener"},{"floor":27,"key":"Kunai"},{"floor":40,"key":"Pen Nib"},{"floor":42,"key":"Juzu Bracelet"},{"floor":47,"key":"Emotion Chip"},{"floor":48,"key":"Meat on the Bone"},{"floor":54,"key":"Turnip"}],"event_choices":[{"cards_removed":["Strike_B"],"damage_healed":0,"gold_gain":0,"player_choice":"Card Removal","damage_taken":7,"max_hp_gain":0,"max_hp_loss":0,"event_name":"Golden Wing","floor":4,"gold_loss":0},{"damage_healed":0,"gold_gain":0,"player_choice":"Grow","damage_taken":0,"max_hp_gain":0,"max_hp_loss":0,"event_name":"Living Wall","floor":5,"gold_loss":0,"cards_upgraded":["Loop"]},{"cards_removed":["Self Repair"],"damage_healed":48,"gold_gain":0,"player_choice":"Offered Uncommon","damage_taken":0,"max_hp_gain":0,"max_hp_loss":0,"event_name":"Bonfire Elementals","floor":11,"gold_loss":0},{"damage_healed":0,"gold_gain":0,"player_choice":"Opened","damage_taken":0,"relics_obtained":["Ice Cream"],"max_hp_gain":0,"max_hp_loss":0,"event_name":"The Mausoleum","floor":21,"gold_loss":0},{"damage_healed":0,"gold_gain":99,"player_choice":"Stole From Cult","damage_taken":0,"max_hp_gain":0,"max_hp_loss":0,"event_name":"Nest","floor":22,"gold_loss":0},{"damage_healed":0,"gold_gain":0,"player_choice":"Ignored","damage_taken":0,"max_hp_gain":0,"max_hp_loss":0,"event_name":"SecretPortal","floor":36,"gold_loss":0},{"cards_removed":["Parasite"],"damage_healed":0,"gold_gain":0,"player_choice":"Took Card","damage_taken":0,"max_hp_gain":0,"max_hp_loss":0,"event_name":"NoteForYourself","floor":46,"gold_loss":0,"cards_obtained":["Caltrops"]},{"damage_healed":0,"gold_gain":0,"player_choice":"Fight","damage_taken":0,"max_hp_gain":0,"max_hp_loss":0,"event_name":"Mysterious Sphere","floor":47,"gold_loss":0}],"is_beta":true,"boss_relics":[{"not_picked":["Empty Cage","Philosopher\u0027s Stone"],"picked":"Coffee Dripper"},{"not_picked":["White Beast Statue","Snecko Eye"],"picked":"Runic Pyramid"}],"items_purged_floors":[2],"is_endless":false,"potions_floor_spawned":[3,7,8,16,18,25,28,38,39,40,54],"ascension_level":1}