{"gold_per_floor":[113,38,213,230,199,199,212,212,261,261,289,289,309,356,356,433,433,443,443,463,482,482,508,508,518,518,538,112,123,194,65,65,65],"floor_reached":33,"playtime":1073,"items_purged":["Defend_R","Doubt"],"score":451,"play_id":"e9e73cde-aff3-465d-80db-2a1d8d7b92ad","local_time":"20190331150303","is_ascension_mode":true,"campfire_choices":[{"data":"Uppercut","floor":6,"key":"SMITH"},{"data":"Iron Wave","floor":8,"key":"SMITH"},{"data":"Feed","floor":15,"key":"SMITH"},{"floor":24,"key":"REST"},{"floor":32,"key":"REST"}],"neow_cost":"TEN_PERCENT_HP_LOSS","seed_source_timestamp":917562721278359,"circlet_count":0,"master_deck":["AscendersBane","Strike_R","Strike_R+1","Defend_R+1","Defend_R","Defend_R","Bash","Iron Wave+1","Uppercut+1","Headbutt","Feed+1","Immolate","Iron Wave","Offering","Uppercut","True Grit","Reaper","Iron Wave+1","Inflame"],"relics":["Burning Blood","PreservedInsect","Dodecahedron","Happy Flower","Snecko Eye","Vajra","Self Forming Clay","Blue Candle","Blood Vial","Lantern","Molten Egg 2"],"potions_floor_usage":[16,21,21,23,33,33],"damage_taken":[{"damage":6,"enemies":"Jaw Worm","floor":1,"turns":5},{"damage":4,"enemies":"Small Slimes","floor":4,"turns":5},{"damage":2,"enemies":"Cultist","floor":7,"turns":4},{"damage":12,"enemies":"Gremlin Nob","floor":11,"turns":4},{"damage":6,"enemies":"Blue Slaver","floor":13,"turns":4},{"damage":45,"enemies":"The Guardian","floor":16,"turns":14},{"damage":0,"enemies":"Chosen","floor":18,"turns":4},{"damage":15,"enemies":"3 Byrds","floor":20,"turns":4},{"damage":30,"enemies":"Shelled Parasite and Fungi","floor":21,"turns":4},{"damage":23,"enemies":"Book of Stabbing","floor":23,"turns":6},{"damage":13,"enemies":"Chosen and Byrds","floor":25,"turns":2},{"damage":15,"enemies":"Cultist and Chosen","floor":27,"turns":4},{"damage":0,"enemies":"Centurion and Healer","floor":29,"turns":3},{"damage":99,"enemies":"Champ","floor":33,"turns":8}],"seed_played":"-3102472298212284848","potions_obtained":[{"floor":11,"key":"FearPotion"},{"floor":13,"key":"Weak Potion"},{"floor":19,"key":"EntropicBrew"},{"floor":21,"key":"Weak Potion"},{"floor":23,"key":"Fire Potion"},{"floor":27,"key":"Explosive Potion"},{"floor":29,"key":"Fire Potion"}],"is_trial":false,"path_per_floor":["M","$","?","M","?","R","M","R","T","?","E","?","M","T","R","B",null,"M","?","M","M","?","E","R","M","T","M","$","M","T","$","R","B"],"character_chosen":"IRONCLAD","items_purchased":["Blood Vial","True Grit","Lantern","Iron Wave+1","Inflame"],"campfire_rested":2,"item_purchase_floors":[28,28,28,31,31],"current_hp_per_floor":[68,68,68,68,68,68,68,68,68,54,48,48,48,48,48,9,53,59,59,54,34,34,17,39,32,32,27,27,39,39,39,64,0],"gold":65,"neow_bonus":"REMOVE_TWO","is_prod":false,"is_daily":false,"chose_seed":false,"campfire_upgraded":3,"win_rate":0,"timestamp":1554055383,"path_taken":["M","$","?","M","?","R","M","R","T","?","E","?","?","?","R","BOSS","M","?","?","?","?","E","R","M","T","?","$","M","?","?","R","BOSS"],"build_version":"2019-01-23","purchased_purges":2,"victory":false,"max_hp_per_floor":[68,68,68,68,68,68,68,68,68,68,68,68,68,68,68,68,68,68,68,72,76,76,76,76,76,76,80,80,84,84,84,84,84],"card_choices":[{"not_picked":["Sword Boomerang","Flame Barrier"],"picked":"Iron Wave","floor":1},{"not_picked":["Carnage","Flex"],"picked":"Uppercut","floor":4},{"not_picked":["Hemokinesis","Clash","Havoc"],"picked":"SKIP","floor":7},{"not_picked":["Heavy Blade","Second Wind","True Grit"],"picked":"SKIP","floor":11},{"not_picked":["Whirlwind","Clash"],"picked":"Feed","floor":13},{"not_picked":["Double Tap","Bludgeon"],"picked":"Immolate","floor":16},{"not_picked":["Sword Boomerang","Havoc"],"picked":"Iron Wave","floor":18},{"not_picked":["Flex+1","Clash","Headbutt"],"picked":"SKIP","floor":20},{"not_picked":["Rage","Anger","Sentinel"],"picked":"SKIP","floor":21},{"not_picked":["Warcry","Anger"],"picked":"Offering","floor":23},{"not_picked":["Cleave","Carnage","Clash"],"picked":"SKIP","floor":25},{"not_picked":["Twin Strike","Hemokinesis"],"picked":"Uppercut","floor":27},{"not_picked":["Armaments","Clash"],"picked":"Reaper","floor":29}],"player_experience":1022640,"relics_obtained":[{"floor":9,"key":"PreservedInsect"},{"floor":11,"key":"Dodecahedron"},{"floor":14,"key":"Happy Flower"},{"floor":23,"key":"Self Forming Clay"},{"floor":26,"key":"Blue Candle"},{"floor":30,"key":"Molten Egg 2"}],"event_choices":[{"damage_healed":0,"gold_gain":175,"player_choice":"AGREE","damage_taken":0,"max_hp_gain":0,"max_hp_loss":0,"event_name":"Liars Game","floor":3,"gold_loss":0,"cards_obtained":["Doubt"]},{"damage_healed":0,"gold_gain":0,"player_choice":"Left Gold","damage_taken":0,"max_hp_gain":0,"max_hp_loss":0,"event_name":"World of Goop","floor":5,"gold_loss":31},{"damage_healed":0,"gold_gain":0,"player_choice":"Entered Light","damage_taken":14,"max_hp_gain":0,"max_hp_loss":0,"event_name":"Shining Light","floor":10,"gold_loss":0,"cards_upgraded":["Strike_R","Defend_R"]},{"damage_healed":0,"gold_gain":0,"cards_transformed":["Strike_R"],"player_choice":"Transformed","damage_taken":0,"max_hp_gain":0,"max_hp_loss":0,"event_name":"Transmorgrifier","floor":12,"gold_loss":0,"cards_obtained":["Headbutt"]},{"damage_healed":0,"gold_gain":0,"player_choice":"Got Potions","damage_taken":0,"max_hp_gain":0,"max_hp_loss":0,"event_name":"Lab","floor":19,"gold_loss":0},{"damage_healed":0,"gold_gain":0,"player_choice":"Gave Potion","damage_taken":0,"relics_obtained":["Vajra"],"max_hp_gain":0,"max_hp_loss":0,"event_name":"WeMeetAgain","floor":22,"gold_loss":0}],"is_beta":false,"boss_relics":[{"not_picked":["Eternal Feather","Sozu"],"picked":"Snecko Eye"}],"items_purged_floors":[2,28],"is_endless":false,"potions_floor_spawned":[11,13,20,21,23,27,29],"killed_by":"Champ","ascension_level":14}