{"gold_per_floor":[119,135,210,385,385,414,414,442,442,442,455,455,469,479,479,574,574,594,608,608,608],"floor_reached":21,"playtime":532,"items_purged":[],"score":289,"play_id":"4de4ab67-c648-459f-9a2e-f054889bcf7e","local_time":"20181229234732","is_ascension_mode":true,"campfire_choices":[{"floor":10,"key":"REST"},{"floor":12,"key":"REST"},{"data":"Consume","floor":15,"key":"SMITH"}],"neow_cost":"NONE","seed_source_timestamp":703303408141705,"circlet_count":0,"master_deck":["Strike_B","Strike_B","Strike_B","Strike_B","Defend_B","Defend_B+1","Defend_B","Defend_B","Zap+1","Dualcast","Conserve Battery","Steam Power","Doubt","Sweeping Beam","Hyperbeam","Coolheaded","Machine Learning","Consume+1","Creative AI","Turbo","Sweeping Beam","Ball Lightning","Loop","White Noise","Sweeping Beam","Beam Cell+1"],"relics":["Cracked Core","NeowsBlessing","Torii","Blood Vial","Kunai","Orrery","GremlinMask"],"potions_floor_usage":[16,21],"damage_taken":[{"damage":0,"enemies":"Small Slimes","floor":1,"turns":1},{"damage":0,"enemies":"2 Louse","floor":2,"turns":1},{"damage":0,"enemies":"Gremlin Nob","floor":6,"turns":1},{"damage":36,"enemies":"Lagavulin","floor":8,"turns":8},{"damage":1,"enemies":"Jaw Worm","floor":11,"turns":3},{"damage":0,"enemies":"2 Fungi Beasts","floor":13,"turns":2},{"damage":17,"enemies":"Blue Slaver","floor":14,"turns":3},{"damage":54,"enemies":"The Guardian","floor":16,"turns":17},{"damage":6,"enemies":"Spheric Guardian","floor":18,"turns":3},{"damage":36,"enemies":"Chosen","floor":19,"turns":5},{"damage":24,"enemies":"Snake Plant","floor":21,"turns":1}],"seed_played":"4266864224969560717","potions_obtained":[{"floor":6,"key":"LiquidBronze"},{"floor":8,"key":"Regen Potion"}],"is_trial":false,"path_per_floor":["M","M","?","?","?","E","?","E","T","R","M","R","M","M","R","B",null,"M","M","?","M"],"character_chosen":"DEFECT","items_purchased":[],"campfire_rested":2,"item_purchase_floors":[],"current_hp_per_floor":[68,68,57,57,57,57,42,6,6,28,29,51,53,38,38,1,57,53,19,19,0],"gold":608,"neow_bonus":"THREE_ENEMY_KILL","is_prod":false,"is_daily":false,"chose_seed":false,"campfire_upgraded":1,"win_rate":0,"timestamp":1546138052,"path_taken":["M","M","?","?","?","E","?","E","T","R","M","R","M","M","R","BOSS","M","M","?","M"],"build_version":"2018-12-20","purchased_purges":0,"victory":false,"max_hp_per_floor":[75,75,75,75,75,75,75,75,75,75,75,75,75,75,75,75,75,75,75,75,75],"card_choices":[{"not_picked":["Streamline","BootSequence"],"picked":"Conserve Battery","floor":1},{"not_picked":["Go for the Eyes","Redo"],"picked":"Steam Power","floor":2},{"not_picked":["Stack","Undo"],"picked":"Sweeping Beam","floor":6},{"not_picked":["Stack","Beam Cell"],"picked":"Hyperbeam","floor":8},{"not_picked":["Ball Lightning","Fusion"],"picked":"Coolheaded","floor":11},{"not_picked":["Compile Driver","Redo"],"picked":"Machine Learning","floor":13},{"not_picked":["Lockon","Cold Snap"],"picked":"Consume","floor":14},{"not_picked":["Buffer","Machine Learning"],"picked":"Creative AI","floor":16},{"not_picked":["Aggregate","Redo"],"picked":"Turbo","floor":17},{"not_picked":["Streamline","Rainbow"],"picked":"Sweeping Beam","floor":17},{"not_picked":["Cold Snap","Rip and Tear"],"picked":"Ball Lightning","floor":17},{"not_picked":["Blizzard","Compile Driver"],"picked":"Loop","floor":17},{"not_picked":["Chill","Rebound"],"picked":"White Noise","floor":17},{"not_picked":["Blizzard","Tempest"],"picked":"Sweeping Beam","floor":18},{"not_picked":["Darkness","Scrape+1"],"picked":"Beam Cell+1","floor":19}],"player_experience":570384,"relics_obtained":[{"floor":6,"key":"Torii"},{"floor":8,"key":"Blood Vial"},{"floor":9,"key":"Kunai"}],"event_choices":[{"damage_healed":0,"gold_gain":75,"player_choice":"Gather Gold","damage_taken":11,"max_hp_gain":0,"max_hp_loss":0,"event_name":"World of Goop","floor":3,"gold_loss":0},{"damage_healed":0,"gold_gain":175,"player_choice":"AGREE","damage_taken":0,"max_hp_gain":0,"max_hp_loss":0,"event_name":"Liars Game","floor":4,"gold_loss":0,"cards_obtained":["Doubt"]},{"damage_healed":0,"gold_gain":0,"player_choice":"Ignored","damage_taken":0,"max_hp_gain":0,"max_hp_loss":0,"event_name":"Golden Wing","floor":5,"gold_loss":0},{"damage_healed":0,"gold_gain":0,"player_choice":"Entered Light","damage_taken":15,"max_hp_gain":0,"max_hp_loss":0,"event_name":"Shining Light","floor":7,"gold_loss":0,"cards_upgraded":["Zap","Defend_B"]},{"damage_healed":0,"gold_gain":0,"player_choice":"Trade","damage_taken":0,"relics_obtained":["GremlinMask"],"max_hp_gain":0,"max_hp_loss":0,"event_name":"FaceTrader","floor":20,"gold_loss":0}],"is_beta":false,"boss_relics":[{"not_picked":["Runic Dome","Runic Pyramid"],"picked":"Orrery"}],"items_purged_floors":[],"is_endless":false,"potions_floor_spawned":[6,8],"killed_by":"Snake Plant","ascension_level":7}