{"gold_per_floor":[111,286,22,33,51,51,151,170,196,196,196,196,240,260,260,381,381,396,311,329,9,32,75,75,175,175,206,216,245,257,47,47,147,147,159,170,184,196,208,208,242,259,259,288,3,3,33,0,0,0,0,0,0,28,28],"floor_reached":56,"playtime":3701,"items_purged":["Doubt","Strike_B","Strike_B","Strike_B"],"score":1495,"play_id":"b2f6ed7f-2dc4-4a74-821f-a2639d7cde39","local_time":"20190316153239","is_ascension_mode":false,"campfire_choices":[{"data":"Go for the Eyes","floor":6,"key":"SMITH"},{"data":"Sweeping Beam","floor":11,"key":"SMITH"},{"data":"Sunder","floor":15,"key":"SMITH"},{"data":"Seek","floor":30,"key":"SMITH"},{"floor":32,"key":"RECALL"},{"data":"Machine Learning","floor":40,"key":"SMITH"},{"data":"Storm","floor":46,"key":"SMITH"},{"data":"Hologram","floor":49,"key":"SMITH"},{"data":"Echo Form","floor":52,"key":"SMITH"}],"neow_cost":"NONE","seed_source_timestamp":212188787213,"circlet_count":0,"master_deck":["Defend_B","Defend_B","Zap+1","Dualcast","Steam","Echo Form+1","Go for the Eyes+1","Glacier","Sweeping Beam+1","Sunder+1","Hologram+1","Core Surge","Skim+1","Turbo+1","Recycle+1","Defragment+1","Genetic Algorithm","Seek+1","Beam Cell+1","Ball Lightning+1","Reinforced Body+1","Skim+1","Storm+1","Machine Learning+1","Compile Driver","Skim+1","Chill+1","Creative AI","Enlightenment+1","Fusion+1"],"relics":["Cracked Core","Centennial Puzzle","Bloody Idol","Blood Vial","Astrolabe","Ice Cream","Membership Card","Toxic Egg 2","Thread and Needle","Ornamental Fan","Dodecahedron","MawBank","Mummified Hand","Inserter","Vajra","Pen Nib","Bag of Preparation","Potion Belt","StoneCalendar","Red Mask","Pantograph"],"potions_floor_usage":[20,20,29,35,39,54,55,55,55,55],"damage_taken":[{"damage":2,"enemies":"Small Slimes","floor":1,"turns":3},{"damage":0,"enemies":"2 Louse","floor":4,"turns":2},{"damage":0,"enemies":"Cultist","floor":5,"turns":4},{"damage":0,"enemies":"3 Louse","floor":8,"turns":3},{"damage":20,"enemies":"3 Sentries","floor":13,"turns":4},{"damage":7,"enemies":"2 Fungi Beasts","floor":14,"turns":2},{"damage":0,"enemies":"The Guardian","floor":16,"turns":12},{"damage":0,"enemies":"Shell Parasite","floor":18,"turns":5},{"damage":0,"enemies":"3 Byrds","floor":20,"turns":3},{"damage":4,"enemies":"Centurion and Healer","floor":22,"turns":3},{"damage":10,"enemies":"Gremlin Leader","floor":23,"turns":8},{"damage":14,"enemies":"Colosseum Slavers","floor":25,"turns":2},{"damage":7,"enemies":"Colosseum Nobs","floor":25,"turns":3},{"damage":4,"enemies":"Book of Stabbing","floor":27,"turns":3},{"damage":0,"enemies":"Snake Plant","floor":28,"turns":4},{"damage":0,"enemies":"Gremlin Leader","floor":29,"turns":6},{"damage":10,"enemies":"Automaton","floor":33,"turns":8},{"damage":0,"enemies":"3 Darklings","floor":35,"turns":3},{"damage":0,"enemies":"Orb Walker","floor":36,"turns":2},{"damage":0,"enemies":"Sphere and 2 Shapes","floor":37,"turns":5},{"damage":0,"enemies":"Writhing Mass","floor":38,"turns":7},{"damage":0,"enemies":"Spire Growth","floor":39,"turns":4},{"damage":0,"enemies":"Reptomancer","floor":41,"turns":5},{"damage":0,"enemies":"Sphere and 2 Shapes","floor":42,"turns":4},{"damage":12,"enemies":"Nemesis","floor":44,"turns":5},{"damage":0,"enemies":"Reptomancer","floor":47,"turns":3},{"damage":0,"enemies":"Awakened One","floor":50,"turns":7},{"damage":0,"enemies":"Shield and Spear","floor":54,"turns":4},{"damage":42,"enemies":"The Heart","floor":55,"turns":9}],"seed_played":"8580099907584310540","potions_obtained":[{"floor":5,"key":"Fire Potion"},{"floor":8,"key":"Ancient Potion"},{"floor":13,"key":"Block Potion"},{"floor":23,"key":"Explosive Potion"},{"floor":27,"key":"FearPotion"},{"floor":28,"key":"Block Potion"},{"floor":33,"key":"AttackPotion"},{"floor":35,"key":"FearPotion"},{"floor":37,"key":"Energy Potion"},{"floor":39,"key":"Fruit Juice"},{"floor":47,"key":"Dexterity Potion"},{"floor":54,"key":"SteroidPotion"}],"is_trial":false,"path_per_floor":["M","?","$","M","M","R","?","M","T","?","R","?","E","M","R","B",null,"M","?","M","$","M","E","?","?","T","E","M","E","R","$","R","B",null,"M","M","M","M","M","R","E","M","T","E","$","R","E","?","R","B",null,"R","$","E","B",null],"character_chosen":"DEFECT","items_purchased":["Echo Form","Go for the Eyes","Membership Card","Seek","Mummified Hand","Storm","Enlightenment+1","Potion Belt","Swift Potion","Ancient Potion","Poison Potion"],"campfire_rested":0,"item_purchase_floors":[3,3,21,21,31,31,45,45,45,45,45],"current_hp_per_floor":[73,73,73,73,73,73,73,73,73,78,78,58,38,33,33,35,80,80,80,80,80,76,68,68,56,56,59,66,73,78,80,80,75,80,80,80,80,80,85,85,85,85,85,78,78,78,85,85,85,85,85,85,85,85,43],"gold":28,"neow_bonus":"UPGRADE_CARD","is_prod":false,"is_daily":false,"chose_seed":false,"campfire_upgraded":8,"win_rate":0,"timestamp":1552750359,"path_taken":["M","?","$","M","M","R","?","?","T","?","R","?","E","M","R","BOSS","M","?","M","$","M","E","?","?","T","E","M","E","R","?","R","BOSS","M","?","M","M","M","R","E","M","T","E","$","R","E","?","R","BOSS","R","$","E","BOSS"],"build_version":"2019-03-15","purchased_purges":4,"victory":true,"max_hp_per_floor":[75,75,75,75,75,75,75,75,75,80,80,80,80,80,80,80,80,80,80,80,80,80,80,80,80,80,80,80,80,80,80,80,80,80,80,80,80,80,85,85,85,85,85,85,85,85,85,85,85,85,85,85,85,85,85],"card_choices":[{"not_picked":["Fusion","Recycle"],"picked":"Steam","floor":1},{"not_picked":["Cold Snap","Blizzard"],"picked":"Glacier","floor":4},{"not_picked":["Turbo","Stack","Fusion"],"picked":"SKIP","floor":5},{"not_picked":["Rebound","Streamline"],"picked":"Sweeping Beam","floor":8},{"not_picked":["Conserve Battery","Storm"],"picked":"Sunder","floor":13},{"not_picked":["Beam Cell","BootSequence"],"picked":"Hologram","floor":14},{"not_picked":["Rainbow","Meteor Strike"],"picked":"Core Surge","floor":16},{"not_picked":["Skim+1","Hologram"],"picked":"Defragment+1","floor":18},{"not_picked":["Streamline","Barrage"],"picked":"Genetic Algorithm","floor":20},{"not_picked":["Leap","Chill"],"picked":"Beam Cell+1","floor":22},{"not_picked":["Sunder","Force Field"],"picked":"Ball Lightning+1","floor":23},{"not_picked":["Streamline","Gash","Scrape"],"picked":"SKIP","floor":27},{"not_picked":["Scrape","Sweeping Beam"],"picked":"Reinforced Body+1","floor":28},{"not_picked":["Leap+1","Recycle+1"],"picked":"Skim+1","floor":29},{"not_picked":["All For One","Seek+1"],"picked":"Machine Learning","floor":33},{"not_picked":["Redo+1","Ball Lightning"],"picked":"Compile Driver","floor":35},{"not_picked":["Barrage","Cold Snap","Go for the Eyes+1"],"picked":"SKIP","floor":36},{"not_picked":["Steam+1","Compile Driver","Aggregate+1"],"picked":"SKIP","floor":37},{"not_picked":["Hologram+1","Doom and Gloom+1"],"picked":"Skim+1","floor":38},{"not_picked":["Static Discharge","Core Surge","Sweeping Beam"],"picked":"SKIP","floor":39},{"not_picked":["Gash","Streamline+1"],"picked":"Chill+1","floor":41},{"not_picked":["Hologram+1","Barrage+1","Conserve Battery+1"],"picked":"SKIP","floor":42},{"not_picked":["Sweeping Beam","Gash+1"],"picked":"Creative AI","floor":44},{"not_picked":["Chill+1","Barrage"],"picked":"Fusion+1","floor":47},{"not_picked":["Cold Snap+1","Stack+1","Rebound+1"],"picked":"SKIP","floor":54}],"player_experience":1096353,"relics_obtained":[{"floor":9,"key":"Centennial Puzzle"},{"floor":13,"key":"Blood Vial"},{"floor":23,"key":"Toxic Egg 2"},{"floor":25,"key":"Thread and Needle"},{"floor":25,"key":"Ornamental Fan"},{"floor":27,"key":"Dodecahedron"},{"floor":29,"key":"MawBank"},{"floor":41,"key":"Vajra"},{"floor":43,"key":"Pen Nib"},{"floor":44,"key":"Bag of Preparation"},{"floor":47,"key":"StoneCalendar"},{"floor":54,"key":"Pantograph"}],"event_choices":[{"damage_healed":0,"gold_gain":175,"player_choice":"AGREE","damage_taken":0,"max_hp_gain":0,"max_hp_loss":0,"event_name":"Liars Game","floor":2,"gold_loss":0,"cards_obtained":["Doubt"]},{"damage_healed":0,"gold_gain":100,"player_choice":"Pray","damage_taken":0,"max_hp_gain":0,"max_hp_loss":0,"event_name":"Golden Shrine","floor":7,"gold_loss":0},{"damage_healed":0,"gold_gain":0,"player_choice":"Donut","damage_taken":0,"max_hp_gain":5,"max_hp_loss":0,"event_name":"Big Fish","floor":10,"gold_loss":0},{"damage_healed":0,"gold_gain":0,"player_choice":"Take Damage","damage_taken":20,"relics_obtained":["Golden Idol"],"max_hp_gain":0,"max_hp_loss":0,"event_name":"Golden Idol","floor":12,"gold_loss":0},{"damage_healed":0,"gold_gain":0,"player_choice":"Obtained Relic","damage_taken":0,"relics_obtained":["Ice Cream"],"max_hp_gain":0,"max_hp_loss":0,"event_name":"Addict","floor":19,"gold_loss":85},{"damage_healed":0,"gold_gain":0,"player_choice":"Gave Idol","damage_taken":0,"relics_obtained":["Bloody Idol"],"max_hp_gain":0,"max_hp_loss":0,"event_name":"Forgotten Altar","floor":24,"relics_lost":["Golden Idol"],"gold_loss":0},{"damage_healed":0,"gold_gain":0,"player_choice":"Fight","damage_taken":0,"max_hp_gain":0,"max_hp_loss":0,"event_name":"Colosseum","floor":25,"gold_loss":0},{"damage_healed":0,"gold_gain":0,"player_choice":"Fought Nobs","damage_taken":0,"max_hp_gain":0,"max_hp_loss":0,"event_name":"Colosseum","floor":25,"gold_loss":0},{"damage_healed":0,"gold_gain":0,"player_choice":"Paid","damage_taken":0,"relics_obtained":["Red Mask"],"max_hp_gain":0,"max_hp_loss":0,"event_name":"Tomb of Lord Red Mask","floor":48,"gold_loss":33}],"is_beta":true,"boss_relics":[{"not_picked":["Calling Bell","Black Star"],"picked":"Astrolabe"},{"not_picked":["Orrery","Nuclear Battery"],"picked":"Inserter"}],"items_purged_floors":[3,21,31,45],"is_endless":false,"potions_floor_spawned":[5,8,13,23,27,28,33,35,37,39,47,54],"ascension_level":0}