{"gold_per_floor":[111,23,37,37,37,37,51,51,101,157,168,185,185,220,220,341,341,364,378,378,378,503,544,544,575,575,610,610,623,637,308,308,439,439,452,473,0,16,16,16,16],"floor_reached":41,"playtime":2001,"items_purged":["Scrape+1"],"score":546,"play_id":"cfc81b8d-deae-4588-8772-7846f8616b38","local_time":"20190507153204","is_ascension_mode":true,"campfire_choices":[{"data":"Defragment","floor":6,"key":"SMITH"},{"data":"Chill","floor":8,"key":"SMITH"},{"floor":15,"key":"REST"},{"data":"Consume","floor":24,"key":"SMITH"},{"floor":32,"key":"REST"},{"data":"Rainbow","floor":40,"key":"SMITH"}],"neow_cost":"NONE","seed_source_timestamp":140555951325800,"circlet_count":0,"master_deck":["Strike_B","Strike_B","Defend_B","Defend_B","Defend_B","Zap+1","Dualcast","Loop","Defragment+1","Cold Snap","Chill+1","Sweeping Beam","Streamline","Consume+1","Redo","Electrodynamics","Rainbow+1","BootSequence+1","Coolheaded+1","Glacier","Loop+1","Auto Shields","Self Repair","Coolheaded+1","Machine Learning","Steam+1","Ball Lightning+1","Conserve Battery+1"],"relics":["Cracked Core","Potion Belt","Question Card","Golden Idol","Mango","Astrolabe","Dodecahedron","Incense Burner","Kunai","Matryoshka","Nunchaku","Toxic Egg 2","Shovel","FossilizedHelix","Pantograph","Black Star","Red Mask"],"potions_floor_usage":[16,33,33,33,38],"damage_taken":[{"damage":0,"enemies":"Small Slimes","floor":1,"turns":2},{"damage":4,"enemies":"Jaw Worm","floor":3,"turns":3},{"damage":8,"enemies":"2 Louse","floor":7,"turns":2},{"damage":15,"enemies":"Gremlin Nob","floor":10,"turns":5},{"damage":16,"enemies":"Large Slime","floor":11,"turns":4},{"damage":0,"enemies":"3 Louse","floor":12,"turns":2},{"damage":0,"enemies":"3 Sentries","floor":14,"turns":10},{"damage":37,"enemies":"Hexaghost","floor":16,"turns":8},{"damage":0,"enemies":"Spheric Guardian","floor":18,"turns":4},{"damage":2,"enemies":"Shell Parasite","floor":19,"turns":11},{"damage":0,"enemies":"Colosseum Slavers","floor":22,"turns":5},{"damage":24,"enemies":"Colosseum Nobs","floor":22,"turns":7},{"damage":16,"enemies":"Gremlin Leader","floor":23,"turns":9},{"damage":16,"enemies":"Slavers","floor":25,"turns":6},{"damage":30,"enemies":"Gremlin Leader","floor":27,"turns":9},{"damage":8,"enemies":"Centurion and Healer","floor":29,"turns":6},{"damage":0,"enemies":"Snecko","floor":30,"turns":5},{"damage":23,"enemies":"Collector","floor":33,"turns":9},{"damage":27,"enemies":"3 Shapes","floor":35,"turns":4},{"damage":12,"enemies":"Orb Walker","floor":36,"turns":6},{"damage":11,"enemies":"Sphere and 2 Shapes","floor":38,"turns":6},{"damage":89,"enemies":"Giant Head","floor":41,"turns":13}],"seed_played":"1699519350722159188","potions_obtained":[{"floor":7,"key":"PowerPotion"},{"floor":10,"key":"LiquidBronze"},{"floor":12,"key":"FocusPotion"},{"floor":16,"key":"SpeedPotion"},{"floor":18,"key":"Dexterity Potion"},{"floor":22,"key":"Weak Potion"},{"floor":33,"key":"Fire Potion"},{"floor":35,"key":"AttackPotion"}],"is_trial":false,"path_per_floor":["M","$","M","?","?","R","M","R","T","?","M","M","?","E","R","B",null,"M","M","?","?","?","E","R","E","T","E","?","M","M","$","R","B",null,"M","M","?","M","$","R","E"],"character_chosen":"DEFECT","items_purchased":["Defragment","Cold Snap","Pantograph"],"campfire_rested":2,"item_purchase_floors":[2,2,31],"current_hp_per_floor":[75,75,71,76,58,58,50,50,50,35,19,19,19,33,61,24,94,94,92,92,92,68,52,52,43,43,20,20,19,19,19,47,49,94,74,69,69,65,65,65,0],"gold":16,"neow_bonus":"UPGRADE_CARD","is_prod":false,"is_daily":false,"chose_seed":false,"campfire_upgraded":4,"win_rate":0,"timestamp":1557257524,"path_taken":["M","$","M","?","?","R","M","R","T","?","M","M","?","E","R","BOSS","M","M","?","?","?","E","R","E","T","E","?","?","M","?","R","BOSS","M","?","?","M","$","R","E"],"build_version":"2019-01-23","purchased_purges":1,"victory":false,"max_hp_per_floor":[75,75,75,80,80,80,80,80,80,80,80,80,80,94,94,94,94,94,94,94,94,94,94,94,94,94,94,94,94,94,94,94,94,94,94,94,94,94,94,94,94],"card_choices":[{"not_picked":["Compile Driver","Steam Power"],"picked":"Loop","floor":1},{"not_picked":["Hologram","Go for the Eyes"],"picked":"Chill","floor":3},{"not_picked":["Darkness","Go for the Eyes"],"picked":"Sweeping Beam","floor":7},{"not_picked":["BootSequence","Turbo"],"picked":"Streamline","floor":10},{"not_picked":["Compile Driver","Capacitor","Rebound"],"picked":"Consume","floor":11},{"not_picked":["Sweeping Beam","FTL","Consume"],"picked":"Redo","floor":12},{"not_picked":["Chill","Biased Cognition","Steam"],"picked":"Electrodynamics","floor":14},{"not_picked":["Seek","Core Surge","All For One"],"picked":"Rainbow","floor":16},{"not_picked":["Double Energy+1","Ball Lightning","Capacitor"],"picked":"Glacier","floor":18},{"not_picked":["Redo","Coolheaded","Barrage"],"picked":"Loop+1","floor":19},{"not_picked":["Skim","Beam Cell","Core Surge"],"picked":"Self Repair","floor":23},{"not_picked":["Heatsinks","Steam","Loop","Redo"],"picked":"SKIP","floor":25},{"not_picked":["Compile Driver","Hello World+1","Gash","Loop+1"],"picked":"SKIP","floor":27},{"not_picked":["Consume+1","Double Energy+1","Aggregate+1","Turbo+1"],"picked":"SKIP","floor":29},{"not_picked":["Aggregate+1","Leap+1","Glacier+1"],"picked":"Coolheaded+1","floor":30},{"not_picked":["Thunder Strike","Reboot+1","Biased Cognition"],"picked":"Machine Learning","floor":33},{"not_picked":["Sweeping Beam+1","Streamline","Cold Snap"],"picked":"Steam+1","floor":35},{"not_picked":["Streamline+1","Coolheaded+1","Seek+1"],"picked":"Ball Lightning+1","floor":36},{"not_picked":["Rebound+1","Stack+1","Double Energy+1"],"picked":"Conserve Battery+1","floor":38}],"player_experience":143157,"relics_obtained":[{"floor":10,"key":"Question Card"},{"floor":14,"key":"Mango"},{"floor":22,"key":"Incense Burner"},{"floor":22,"key":"Kunai"},{"floor":23,"key":"Matryoshka"},{"floor":25,"key":"Nunchaku"},{"floor":26,"key":"Toxic Egg 2"},{"floor":26,"key":"Shovel"},{"floor":27,"key":"FossilizedHelix"}],"event_choices":[{"damage_healed":0,"gold_gain":0,"player_choice":"Donut","damage_taken":0,"max_hp_gain":5,"max_hp_loss":0,"event_name":"Big Fish","floor":4,"gold_loss":0},{"damage_healed":0,"gold_gain":0,"player_choice":"Success","damage_taken":18,"relics_obtained":["Potion Belt"],"max_hp_gain":0,"max_hp_loss":0,"event_name":"Scrap Ooze","floor":5,"gold_loss":0},{"damage_healed":0,"gold_gain":0,"player_choice":"Searched \u00271\u0027 times","damage_taken":0,"max_hp_gain":0,"max_hp_loss":0,"event_name":"Dead Adventurer","floor":10,"gold_loss":0},{"damage_healed":0,"gold_gain":0,"player_choice":"Take Wound","damage_taken":0,"relics_obtained":["Golden Idol"],"max_hp_gain":0,"max_hp_loss":0,"event_name":"Golden Idol","floor":13,"gold_loss":0,"cards_obtained":["Injury"]},{"damage_healed":0,"gold_gain":0,"player_choice":"Opened","damage_taken":0,"relics_obtained":["Dodecahedron"],"max_hp_gain":0,"max_hp_loss":0,"event_name":"The Mausoleum","floor":20,"gold_loss":0},{"damage_healed":0,"gold_gain":0,"player_choice":"Read","damage_taken":0,"max_hp_gain":0,"max_hp_loss":0,"event_name":"The Library","floor":21,"gold_loss":0,"cards_obtained":["Auto Shields"]},{"damage_healed":0,"gold_gain":0,"player_choice":"Fight","damage_taken":0,"max_hp_gain":0,"max_hp_loss":0,"event_name":"Colosseum","floor":22,"gold_loss":0},{"damage_healed":0,"gold_gain":0,"player_choice":"Fought Nobs","damage_taken":0,"max_hp_gain":0,"max_hp_loss":0,"event_name":"Colosseum","floor":22,"gold_loss":0},{"cards_removed":["Injury"],"damage_healed":0,"gold_gain":0,"player_choice":"Purged","damage_taken":0,"max_hp_gain":0,"max_hp_loss":0,"event_name":"Purifier","floor":28,"gold_loss":0},{"damage_healed":0,"gold_gain":0,"player_choice":"Paid","damage_taken":0,"relics_obtained":["Red Mask"],"max_hp_gain":0,"max_hp_loss":0,"event_name":"Tomb of Lord Red Mask","floor":37,"gold_loss":473}],"is_beta":false,"boss_relics":[{"not_picked":["Empty Cage","Tiny House"],"picked":"Astrolabe"},{"not_picked":["White Beast Statue","Runic Pyramid"],"picked":"Black Star"}],"items_purged_floors":[31],"is_endless":false,"potions_floor_spawned":[7,10,12,16,18,22,22,27,33,35],"killed_by":"Giant Head","ascension_level":2}