{"gold_per_floor":[20,32,32,56,56,56,95,113,113,154,154,170,25,46,46,175,175,195,213,237,237,137,137,52,115,115,115,153,153,28,66,66,192,192,210,226,244,244,305,349,58,58,58,92,92,108,126,150,150,150,150,150,0,40,40],"floor_reached":56,"playtime":2546,"items_purged":["Strike_G","Strike_G","Strike_G","Defend_G"],"score":1448,"play_id":"55dea044-3d3d-4b6e-9394-aa3228971bbd","local_time":"20190510211402","is_ascension_mode":false,"campfire_choices":[{"data":"Cloak And Dagger","floor":6,"key":"SMITH"},{"floor":11,"key":"REST"},{"data":"Noxious Fumes","floor":15,"key":"SMITH"},{"data":"Burst","floor":23,"key":"SMITH"},{"data":"Catalyst","floor":27,"key":"SMITH"},{"data":"Well Laid Plans","floor":32,"key":"SMITH"},{"data":"Bouncing Flask","floor":45,"key":"SMITH"},{"floor":49,"key":"RECALL"},{"data":"Backflip","floor":52,"key":"SMITH"}],"neow_cost":"NO_GOLD","seed_source_timestamp":1071348374916968,"circlet_count":0,"master_deck":["Defend_G","Defend_G","Survivor","PiercingWail","Catalyst+1","Cloak And Dagger+1","Choke","Flechettes","Well Laid Plans+1","Bouncing Flask+1","Noxious Fumes+1","Escape Plan","Burst+1","Bouncing Flask+1","Deadly Poison+1","Ghostly","Ghostly","Ghostly","Ghostly","Ghostly","Deadly Poison+1","Catalyst+1","Corpse Explosion","Leg Sweep+1","Noxious Fumes+1","Backflip+1","Backflip+1","Leg Sweep+1"],"relics":["Ring of the Snake","Bag of Preparation","Golden Idol","Sundial","Letter Opener","Philosopher\u0027s Stone","Ornamental Fan","Tiny Chest","Regal Pillow","Thread and Needle","Bronze Scales","Empty Cage","Tough Bandages","Girya","Snake Skull","Strawberry","Blue Candle","Ancient Tea Set","StoneCalendar"],"potions_floor_usage":[7,18,25,28,33,55,55,55],"damage_taken":[{"damage":0,"enemies":"Small Slimes","floor":1,"turns":3},{"damage":0,"enemies":"Jaw Worm","floor":2,"turns":6},{"damage":11,"enemies":"Lagavulin","floor":7,"turns":8},{"damage":0,"enemies":"2 Louse","floor":8,"turns":2},{"damage":30,"enemies":"3 Sentries","floor":10,"turns":13},{"damage":0,"enemies":"Exordium Thugs","floor":12,"turns":4},{"damage":0,"enemies":"Looter","floor":14,"turns":3},{"damage":22,"enemies":"Slime Boss","floor":16,"turns":7},{"damage":0,"enemies":"3 Byrds","floor":18,"turns":3},{"damage":6,"enemies":"Shell Parasite","floor":19,"turns":3},{"damage":5,"enemies":"Snake Plant","floor":20,"turns":3},{"damage":4,"enemies":"Gremlin Leader","floor":25,"turns":6},{"damage":3,"enemies":"Book of Stabbing","floor":28,"turns":4},{"damage":0,"enemies":"Gremlin Leader","floor":31,"turns":3},{"damage":13,"enemies":"Collector","floor":33,"turns":4},{"damage":0,"enemies":"Orb Walker","floor":35,"turns":1},{"damage":0,"enemies":"3 Darklings","floor":36,"turns":3},{"damage":0,"enemies":"4 Shapes","floor":37,"turns":3},{"damage":7,"enemies":"2 Orb Walkers","floor":39,"turns":3},{"damage":0,"enemies":"Nemesis","floor":40,"turns":3},{"damage":0,"enemies":"Giant Head","floor":44,"turns":3},{"damage":0,"enemies":"Jaw Worm Horde","floor":46,"turns":3},{"damage":0,"enemies":"Sphere and 2 Shapes","floor":47,"turns":4},{"damage":0,"enemies":"Maw","floor":48,"turns":4},{"damage":0,"enemies":"Donu and Deca","floor":50,"turns":5},{"damage":0,"enemies":"Shield and Spear","floor":54,"turns":4},{"damage":18,"enemies":"The Heart","floor":55,"turns":7}],"seed_played":"5424910347015951409","potions_obtained":[{"floor":1,"key":"PowerPotion"},{"floor":2,"key":"Swift Potion"},{"floor":12,"key":"LiquidBronze"},{"floor":14,"key":"AttackPotion"},{"floor":20,"key":"SmokeBomb"},{"floor":25,"key":"AttackPotion"},{"floor":31,"key":"Ancient Potion"},{"floor":33,"key":"Dexterity Potion"},{"floor":39,"key":"Fire Potion"},{"floor":47,"key":"GhostInAJar"}],"is_trial":false,"path_per_floor":["M","M","?","T","?","R","E","M","T","E","R","M","$","M","R","B",null,"M","M","M","?","$","R","?","E","T","R","E","?","$","E","R","B",null,"M","M","M","?","?","E","$","?","T","E","R","M","M","M","R","B",null,"R","$","E","B",null],"character_chosen":"THE_SILENT","items_purchased":["Noxious Fumes","Snake Skull","Strawberry"],"campfire_rested":1,"item_purchase_floors":[13,41,41],"current_hp_per_floor":[70,70,63,63,63,63,52,52,52,22,41,41,41,41,41,19,65,65,59,54,32,32,32,32,28,28,28,25,25,25,25,25,12,32,32,32,32,32,25,25,32,32,32,32,32,32,32,32,32,32,39,39,39,39,21],"gold":40,"neow_bonus":"TRANSFORM_TWO_CARDS","is_prod":false,"is_daily":false,"chose_seed":false,"campfire_upgraded":7,"win_rate":0,"timestamp":1557519242,"path_taken":["M","M","?","?","?","R","E","M","T","E","R","M","?","M","R","BOSS","M","M","M","?","$","R","?","E","T","R","E","?","$","E","R","BOSS","M","?","M","?","?","E","$","?","T","E","R","?","M","M","R","BOSS","R","$","E","BOSS"],"build_version":"2019-05-07","purchased_purges":4,"victory":true,"max_hp_per_floor":[70,70,70,70,65,65,65,65,65,65,65,65,65,65,65,65,65,65,65,65,32,32,32,32,32,32,32,32,32,32,32,32,32,32,32,32,32,32,32,32,39,39,39,39,39,39,39,39,39,39,39,39,39,39,39],"card_choices":[{"not_picked":["Blur","Caltrops"],"picked":"Catalyst","floor":1},{"not_picked":["Backflip","Outmaneuver"],"picked":"Cloak And Dagger","floor":2},{"not_picked":["Concentrate","Riddle With Holes"],"picked":"Choke","floor":7},{"not_picked":["Dagger Throw","Choke"],"picked":"Flechettes","floor":8},{"not_picked":["Accuracy","Underhanded Strike"],"picked":"Well Laid Plans","floor":10},{"not_picked":["Prepared","Masterful Stab"],"picked":"Bouncing Flask","floor":12},{"not_picked":["PiercingWail","Heel Hook"],"picked":"Escape Plan","floor":14},{"not_picked":["Die Die Die","Venomology"],"picked":"Burst","floor":16},{"not_picked":["Backflip","Bane+1"],"picked":"Bouncing Flask+1","floor":18},{"not_picked":["Finisher","Flying Knee","Flechettes"],"picked":"SKIP","floor":19},{"not_picked":["Dagger Spray+1","Well Laid Plans"],"picked":"Deadly Poison+1","floor":20},{"not_picked":["Expertise","Infinite Blades"],"picked":"Deadly Poison+1","floor":25},{"not_picked":["Heel Hook","Dagger Throw","Cloak And Dagger"],"picked":"SKIP","floor":28},{"not_picked":["Deflect","Finisher"],"picked":"Catalyst+1","floor":31},{"not_picked":["Envenom","Grand Finale"],"picked":"Corpse Explosion","floor":33},{"not_picked":["Bane+1","Dodge and Roll"],"picked":"Leg Sweep+1","floor":35},{"not_picked":["Poisoned Stab+1","Masterful Stab"],"picked":"Noxious Fumes+1","floor":36},{"not_picked":["Noxious Fumes+1","Finisher+1","Dash"],"picked":"SKIP","floor":37},{"not_picked":["Footwork+1","PiercingWail"],"picked":"Backflip+1","floor":40},{"not_picked":["Dagger Throw+1","Setup+1","Crippling Poison"],"picked":"SKIP","floor":44},{"not_picked":["Bouncing Flask","Predator","Skewer+1"],"picked":"SKIP","floor":46},{"not_picked":["Blade Dance+1","Cloak And Dagger+1"],"picked":"Backflip","floor":47},{"not_picked":["Dagger Spray","Sucker Punch"],"picked":"Leg Sweep+1","floor":48},{"not_picked":["Underhanded Strike","Bane","Deflect"],"picked":"SKIP","floor":54}],"player_experience":1372170,"relics_obtained":[{"floor":4,"key":"Bag of Preparation"},{"floor":7,"key":"Sundial"},{"floor":10,"key":"Letter Opener"},{"floor":25,"key":"Tiny Chest"},{"floor":26,"key":"Regal Pillow"},{"floor":28,"key":"Thread and Needle"},{"floor":31,"key":"Bronze Scales"},{"floor":39,"key":"Tough Bandages"},{"floor":40,"key":"Girya"},{"floor":43,"key":"Blue Candle"},{"floor":44,"key":"Ancient Tea Set"},{"floor":54,"key":"StoneCalendar"}],"event_choices":[{"cards_removed":["Defend_G"],"damage_healed":0,"gold_gain":0,"player_choice":"Card Removal","damage_taken":7,"max_hp_gain":0,"max_hp_loss":0,"event_name":"Golden Wing","floor":3,"gold_loss":0},{"damage_healed":0,"gold_gain":0,"player_choice":"Lose Max HP","damage_taken":0,"relics_obtained":["Golden Idol"],"max_hp_gain":0,"max_hp_loss":5,"event_name":"Golden Idol","floor":5,"gold_loss":0},{"damage_healed":0,"gold_gain":0,"player_choice":"Became a Ghost","damage_taken":0,"max_hp_gain":0,"max_hp_loss":33,"event_name":"Ghosts","floor":21,"gold_loss":0,"cards_obtained":["Ghostly","Ghostly","Ghostly","Ghostly","Ghostly"]},{"damage_healed":0,"gold_gain":0,"player_choice":"Obtained Relic","damage_taken":0,"relics_obtained":["Ornamental Fan"],"max_hp_gain":0,"max_hp_loss":0,"event_name":"Addict","floor":24,"gold_loss":85},{"damage_healed":0,"gold_gain":0,"player_choice":"Ignored","damage_taken":0,"max_hp_gain":0,"max_hp_loss":0,"event_name":"N\u0027loth","floor":29,"gold_loss":0},{"damage_healed":0,"gold_gain":0,"player_choice":"Ignored","damage_taken":0,"max_hp_gain":0,"max_hp_loss":0,"event_name":"Tomb of Lord Red Mask","floor":38,"gold_loss":0},{"damage_healed":0,"gold_gain":0,"player_choice":"Fight","damage_taken":0,"max_hp_gain":0,"max_hp_loss":0,"event_name":"Mysterious Sphere","floor":39,"gold_loss":0},{"cards_removed":["Neutralize"],"damage_healed":0,"gold_gain":0,"player_choice":"Removed Attack","damage_taken":0,"max_hp_gain":0,"max_hp_loss":0,"event_name":"Falling","floor":42,"gold_loss":0}],"is_beta":true,"boss_relics":[{"not_picked":["WristBlade","Ectoplasm"],"picked":"Philosopher\u0027s Stone"},{"not_picked":["Busted Crown","Pandora\u0027s Box"],"picked":"Empty Cage"}],"items_purged_floors":[13,22,30,53],"is_endless":false,"potions_floor_spawned":[1,2,12,14,20,25,31,33,37,39,44,47],"ascension_level":0}