{"gold_per_floor":[110,124,124,140,140,140,155,171,223,249,267,295,295,329,329,429,429,444,253,266,14,30,30,48,48,48,68,87,87,87,116,116,218,218,234,248,7,7,19,19,36,36,62,62,87,87,87,87,87,87],"floor_reached":51,"playtime":2347,"items_purged":[],"score":1265,"play_id":"ba976e39-dbc7-4657-888e-80773d3add99","local_time":"20180707192853","is_ascension_mode":true,"campfire_choices":[{"floor":6,"key":"REST"},{"floor":13,"key":"REST"},{"data":"Demon Form","floor":15,"key":"SMITH"},{"floor":23,"key":"REST"},{"floor":25,"key":"REST"},{"data":"Offering","floor":29,"key":"SMITH"},{"data":"Limit Break","floor":32,"key":"SMITH"},{"data":"Inflame","floor":40,"key":"SMITH"},{"data":"Disarm","floor":42,"key":"SMITH"},{"data":"Flex","floor":46,"key":"SMITH"},{"floor":49,"key":"REST"}],"neow_cost":"NONE","seed_source_timestamp":0,"circlet_count":0,"master_deck":["Strike_R+1","Strike_R+1","Strike_R+1","Strike_R+1","Strike_R+1","Defend_R+1","Defend_R+1","Defend_R+1","Defend_R+1","Bash+1","Perfected Strike","Whirlwind+1","Demon Form+1","Ghostly Armor","Pommel Strike","Offering+1","Inflame+1","Spot Weakness+1","Pommel Strike","Double Tap","True Grit","Limit Break+1","Disarm+1","Flex+1","Uppercut+1","Battle Trance","True Grit","Feed","Warcry+1","Flex+1","Injury","Flex+1","Regret","Perfected Strike+1","Metallicize+1"],"special_seed":17719,"relics":["Burning Blood","Ornamental Fan","Anchor","Lantern","Du-Vu Doll","Art of War","Mark of Pain","Matryoshka","Vajra","Strawberry","Letter Opener","Cursed Key","Paper Frog","Singing Bowl","Juzu Bracelet","Toxic Egg 2","Magic Flower"],"potions_floor_usage":[10,11,14,18,18,28,31,31,33,33,48,50,50],"damage_taken":[{"damage":7,"enemies":"Jaw Worm","floor":1,"turns":5},{"damage":5,"enemies":"Small Slimes","floor":2,"turns":3},{"damage":0,"enemies":"2 Louse","floor":4,"turns":1},{"damage":16,"enemies":"Blue Slaver","floor":7,"turns":3},{"damage":9,"enemies":"2 Fungi Beasts","floor":8,"turns":2},{"damage":18,"enemies":"3 Sentries","floor":10,"turns":3},{"damage":0,"enemies":"Looter","floor":11,"turns":1},{"damage":10,"enemies":"Gremlin Nob","floor":12,"turns":3},{"damage":12,"enemies":"3 Sentries","floor":14,"turns":3},{"damage":4,"enemies":"Slime Boss","floor":16,"turns":4},{"damage":7,"enemies":"2 Thieves","floor":18,"turns":3},{"damage":20,"enemies":"Spheric Guardian","floor":20,"turns":4},{"damage":12,"enemies":"Snake Plant","floor":22,"turns":3},{"damage":36,"enemies":"Chosen and Byrds","floor":24,"turns":5},{"damage":4,"enemies":"Sentry and Sphere","floor":27,"turns":1},{"damage":6,"enemies":"Snecko","floor":28,"turns":4},{"damage":14,"enemies":"Book of Stabbing","floor":31,"turns":5},{"damage":4,"enemies":"Champ","floor":33,"turns":7},{"damage":4,"enemies":"3 Shapes","floor":35,"turns":3},{"damage":4,"enemies":"Orb Walker","floor":36,"turns":1},{"damage":6,"enemies":"4 Shapes","floor":39,"turns":1},{"damage":4,"enemies":"Maw","floor":41,"turns":2},{"damage":6,"enemies":"Nemesis","floor":45,"turns":7},{"damage":49,"floor":48,"turns":4},{"damage":66,"enemies":"Donu and Deca","floor":50,"turns":7}],"seed_played":"-5610983590349585426","potions_obtained":[{"floor":4,"key":"BloodPotion"},{"floor":8,"key":"Fire Potion"},{"floor":10,"key":"Explosive Potion"},{"floor":14,"key":"SpeedPotion"},{"floor":16,"key":"AttackPotion"},{"floor":20,"key":"Dexterity Potion"},{"floor":24,"key":"SkillPotion"},{"floor":27,"key":"SkillPotion"},{"floor":28,"key":"SteroidPotion"},{"floor":31,"key":"LiquidBronze"},{"floor":41,"key":"PowerPotion"},{"floor":45,"key":"Swift Potion"},{"floor":48,"key":"SteroidPotion"}],"is_trial":false,"path_per_floor":["M","M","?","M","?","R","M","M","T","E","M","E","R","E","R","B",null,"M","$","M","$","M","R","M","R","T","M","M","R","?","E","R","B",null,"M","M","$","?","M","R","M","R","T","$","E","R","?","?","R","B"],"character_chosen":"IRONCLAD","items_purchased":["Limit Break","Disarm","Matryoshka","Paper Frog"],"campfire_rested":5,"item_purchase_floors":[19,19,21,37],"current_hp_per_floor":[79,80,80,80,62,80,70,67,67,63,69,65,80,74,74,76,80,79,79,65,65,59,80,50,74,81,83,83,83,83,75,75,77,87,87,87,87,87,87,87,87,87,87,87,87,87,87,44,70,18],"gold":87,"neow_bonus":"UPGRADE_CARD","is_prod":false,"is_daily":false,"chose_seed":false,"campfire_upgraded":6,"win_rate":0,"timestamp":1531002533,"path_taken":["M","M","?","M","?","R","M","M","T","E","M","E","R","E","R","BOSS","M","$","M","$","M","R","M","R","T","M","M","R","?","E","R","BOSS","M","M","$","?","M","R","M","R","T","$","E","R","?","?","R","BOSS"],"build_version":"2018-07-05","purchased_purges":0,"victory":true,"max_hp_per_floor":[80,80,80,80,80,80,80,80,80,80,80,80,80,80,80,80,80,80,80,80,80,80,80,80,80,87,87,87,87,87,87,87,87,87,87,87,87,87,87,87,87,87,87,87,87,87,87,87,87,90],"card_choices":[{"not_picked":["Havoc","Rupture"],"picked":"Perfected Strike","floor":1},{"not_picked":["Twin Strike","Clothesline"],"picked":"Whirlwind","floor":2},{"not_picked":["Reckless Charge","Clash"],"picked":"Demon Form","floor":4},{"not_picked":["Searing Blow","Rampage"],"picked":"Ghostly Armor","floor":7},{"not_picked":["Twin Strike","Sword Boomerang"],"picked":"Pommel Strike","floor":8},{"not_picked":["Clash","Corruption"],"picked":"Offering","floor":10},{"not_picked":["Shrug It Off","Power Through"],"picked":"Inflame","floor":11},{"not_picked":["Pommel Strike","Headbutt"],"picked":"Spot Weakness","floor":12},{"not_picked":["Anger","Headbutt"],"picked":"Pommel Strike","floor":14},{"not_picked":["Immolate","Feed"],"picked":"Double Tap","floor":16},{"not_picked":["Heavy Blade","Carnage"],"picked":"True Grit","floor":18},{"not_picked":["Hemokinesis","Anger","Sword Boomerang"],"picked":"SKIP","floor":20},{"not_picked":["Havoc","Rampage"],"picked":"Flex","floor":22},{"not_picked":["Clash+1","Perfected Strike","Heavy Blade"],"picked":"SKIP","floor":24},{"not_picked":["Pommel Strike","Shrug It Off"],"picked":"Uppercut+1","floor":27},{"not_picked":["Fire Breathing+1","Headbutt+1"],"picked":"Battle Trance","floor":28},{"not_picked":["Brutality","Iron Wave"],"picked":"True Grit","floor":31},{"not_picked":["Juggernaut","Barricade"],"picked":"Feed","floor":33},{"not_picked":["Body Slam","Rupture"],"picked":"Warcry+1","floor":35},{"not_picked":["Burning Pact+1","Iron Wave+1"],"picked":"Flex+1","floor":36},{"not_picked":["Seeing Red","Havoc+1"],"picked":"Flex+1","floor":39},{"not_picked":["Perfected Strike","Second Wind+1","Uppercut"],"picked":"SKIP","floor":41},{"not_picked":["Twin Strike","Feed"],"picked":"Perfected Strike+1","floor":45},{"not_picked":["Heavy Blade+1","Infernal Blade+1"],"picked":"Metallicize+1","floor":48}],"player_experience":419887,"relics_obtained":[{"floor":9,"key":"Anchor"},{"floor":10,"key":"Lantern"},{"floor":12,"key":"Du-Vu Doll"},{"floor":14,"key":"Art of War"},{"floor":26,"key":"Vajra"},{"floor":26,"key":"Strawberry"},{"floor":31,"key":"Letter Opener"},{"floor":43,"key":"Singing Bowl"},{"floor":43,"key":"Juzu Bracelet"},{"floor":45,"key":"Toxic Egg 2"},{"floor":48,"key":"Magic Flower"}],"event_choices":[{"event_name":"Living Wall","player_choice":"Grow","floor":3,"damage_taken":0},{"event_name":"Scrap Ooze","player_choice":"success","floor":5,"damage_taken":18},{"event_name":"Back to Basics","player_choice":"Simplicity","floor":30,"damage_taken":0},{"event_name":"Accursed Blacksmith","player_choice":"Forge","floor":38,"damage_taken":0},{"event_name":"Match and Keep!","player_choice":"0 cards matched","floor":47,"damage_taken":0},{"event_name":"MindBloom","player_choice":"Fight","floor":48,"damage_taken":0}],"boss_relics":[{"not_picked":["Tiny House","Eternal Feather"],"picked":"Mark of Pain"},{"not_picked":["Astrolabe","Velvet Choker"],"picked":"Cursed Key"}],"items_purged_floors":[],"is_endless":false,"potions_floor_spawned":[4,8,10,14,16,20,24,27,28,31,41,45,48],"ascension_level":4}