{"gold_per_floor":[363,363,15,25,44,44,61,92,92,103,130,130,155,171,171,276,276,289,289,86,103,123,150,166,194,194,194,119,119,64,89,89,191,191,211,1210,1257,1275,121,149,168,183,183,183,183,215,125,145,145,145,145,145,0,35,35],"floor_reached":56,"playtime":3767,"items_purged":["Strike_R","Strike_R+1"],"score":1752,"play_id":"83ca0494-97e5-4717-84e0-27c593468447","local_time":"20190426140217","is_ascension_mode":true,"campfire_choices":[{"data":"Intimidate","floor":6,"key":"SMITH"},{"data":"Armaments","floor":12,"key":"SMITH"},{"data":"Havoc","floor":15,"key":"SMITH"},{"floor":29,"key":"RECALL"},{"floor":32,"key":"REST"}],"neow_cost":"TEN_PERCENT_HP_LOSS","seed_source_timestamp":3954116621460544,"circlet_count":0,"master_deck":["Strike_R+1","Defend_R+1","Defend_R+1","Defend_R+1","Defend_R+1","Bash+1","Intimidate+1","Twin Strike","Armaments+1","Sword Boomerang","Shrug It Off+1","Clash","Thunderclap","Shrug It Off","Havoc+1","Sword Boomerang","Offering","Sword Boomerang","Ghostly","Ghostly","Ghostly+1","Ghostly","Ghostly","Shrug It Off","Warcry","Feel No Pain+1","Reaper","Armaments+1","Iron Wave+1","Exhume","Thunderclap+1","Warcry","Offering","Master of Strategy","Demon Form","Pummel","Impervious","Uppercut","Whirlwind","Limit Break+1","Dark Embrace","Offering"],"relics":["Burning Blood","Brimstone","Bag of Preparation","Dead Branch","Ice Cream","Fusion Hammer","Potion Belt","Gremlin Horn","Kunai","FossilizedHelix","Tiny Chest","Omamori","Coffee Dripper","Bag of Marbles","Centennial Puzzle","OrangePellets","Dream Catcher","War Paint","Ornamental Fan","Blue Candle","Bottled Flame"],"potions_floor_usage":[11,55,55,55,55,55],"damage_taken":[{"damage":0,"enemies":"2 Louse","floor":1,"turns":2},{"damage":3,"enemies":"Jaw Worm","floor":4,"turns":3},{"damage":0,"enemies":"Small Slimes","floor":5,"turns":2},{"damage":0,"enemies":"2 Fungi Beasts","floor":7,"turns":3},{"damage":16,"enemies":"3 Sentries","floor":8,"turns":5},{"damage":3,"enemies":"Blue Slaver","floor":10,"turns":3},{"damage":0,"enemies":"Gremlin Nob","floor":11,"turns":3},{"damage":9,"enemies":"3 Sentries","floor":13,"turns":4},{"damage":5,"enemies":"Gremlin Gang","floor":14,"turns":4},{"damage":27,"enemies":"The Guardian","floor":16,"turns":5},{"damage":6,"enemies":"3 Byrds","floor":18,"turns":2},{"damage":1,"enemies":"Chosen","floor":21,"turns":4},{"damage":1,"enemies":"Centurion and Healer","floor":22,"turns":4},{"damage":1,"enemies":"Gremlin Leader","floor":23,"turns":4},{"damage":3,"enemies":"Cultist and Chosen","floor":24,"turns":2},{"damage":1,"enemies":"Slavers","floor":25,"turns":3},{"damage":0,"enemies":"Book of Stabbing","floor":31,"turns":3},{"damage":10,"enemies":"Automaton","floor":33,"turns":6},{"damage":0,"enemies":"3 Shapes","floor":35,"turns":1},{"damage":3,"enemies":"3 Darklings","floor":38,"turns":2},{"damage":1,"enemies":"Giant Head","floor":40,"turns":5},{"damage":3,"enemies":"Spire Growth","floor":41,"turns":4},{"damage":1,"enemies":"Transient","floor":42,"turns":5},{"damage":0,"enemies":"Nemesis","floor":46,"turns":5},{"damage":0,"enemies":"4 Shapes","floor":48,"turns":1},{"damage":2,"enemies":"Awakened One","floor":50,"turns":6},{"damage":1,"enemies":"Shield and Spear","floor":54,"turns":4},{"damage":2,"enemies":"The Heart","floor":55,"turns":6}],"seed_played":"8949226439950485193","potions_obtained":[{"floor":1,"key":"SteroidPotion"},{"floor":5,"key":"Weak Potion"},{"floor":10,"key":"SneckoOil"},{"floor":13,"key":"SpeedPotion"},{"floor":23,"key":"Explosive Potion"},{"floor":25,"key":"Poison Potion"},{"floor":31,"key":"Block Potion"},{"floor":33,"key":"SkillPotion"}],"is_trial":false,"path_per_floor":["M","?","$","M","M","R","M","E","T","M","E","R","E","M","R","B",null,"M","?","$","M","M","E","M","E","T","?","?","R","?","E","R","B",null,"M","?","T","M","$","E","M","M","T","T","R","E","?","M","R","B",null,"R","$","E","B",null],"character_chosen":"IRONCLAD","items_purchased":["Brimstone","Twin Strike","Armaments","Shrug It Off","Potion Belt","Offering","Centennial Puzzle","OrangePellets","Master of Strategy","Demon Form","Strength Potion","Pummel","Impervious","Dark Embrace"],"campfire_rested":1,"item_purchase_floors":[3,3,3,20,20,39,39,39,39,39,39,39,39,53],"current_hp_per_floor":[72,72,72,72,72,72,72,62,62,65,71,71,68,69,69,48,72,72,36,36,36,36,36,36,36,36,36,36,36,36,36,36,36,36,36,36,36,36,36,36,36,36,36,36,36,36,36,36,36,36,36,36,36,36,36],"gold":35,"neow_bonus":"TWO_FIFTY_GOLD","is_prod":false,"is_daily":false,"chose_seed":false,"campfire_upgraded":3,"win_rate":0,"timestamp":1556301737,"path_taken":["M","?","$","M","M","R","M","E","T","M","E","R","E","M","R","BOSS","M","?","$","M","M","E","M","E","T","?","?","R","?","E","R","BOSS","M","?","?","M","$","E","M","?","T","?","R","E","?","M","R","BOSS","R","$","E","BOSS"],"build_version":"2019-04-23","purchased_purges":2,"victory":true,"max_hp_per_floor":[72,72,72,72,72,72,72,72,72,72,72,72,72,72,72,72,72,72,36,36,36,36,36,36,36,36,36,36,36,36,36,36,36,36,36,36,36,36,36,36,36,36,36,36,36,36,36,36,36,36,36,36,36,36,36],"card_choices":[{"not_picked":["Corruption","Iron Wave"],"picked":"Intimidate","floor":1},{"not_picked":["Armaments","Body Slam","Wild Strike"],"picked":"SKIP","floor":4},{"not_picked":["Flex","True Grit"],"picked":"Sword Boomerang","floor":5},{"not_picked":["Infernal Blade","Juggernaut"],"picked":"Shrug It Off","floor":7},{"not_picked":["Wild Strike","Flex"],"picked":"Clash","floor":8},{"not_picked":["True Grit","Entrench"],"picked":"Thunderclap","floor":10},{"not_picked":["Sever Soul","Burning Pact"],"picked":"Shrug It Off","floor":11},{"not_picked":["Twin Strike","Power Through"],"picked":"Havoc","floor":13},{"not_picked":["Second Wind","Twin Strike"],"picked":"Sword Boomerang","floor":14},{"not_picked":["Barricade","Fiend Fire"],"picked":"Offering","floor":16},{"not_picked":["Twin Strike","Clash"],"picked":"Sword Boomerang","floor":18},{"not_picked":["Perfected Strike","Armaments"],"picked":"Warcry","floor":21},{"not_picked":["Anger+1","Iron Wave","Wild Strike+1"],"picked":"SKIP","floor":22},{"not_picked":["Pommel Strike","Hemokinesis"],"picked":"Feel No Pain+1","floor":23},{"not_picked":["Havoc","Clash"],"picked":"Reaper","floor":24},{"not_picked":["Anger","Bloodletting"],"picked":"Armaments+1","floor":25},{"not_picked":["Combust+1","Evolve+1"],"picked":"Iron Wave+1","floor":31},{"not_picked":["Berserk","Offering"],"picked":"Exhume","floor":33},{"not_picked":["True Grit","Cleave+1"],"picked":"Thunderclap+1","floor":35},{"not_picked":["Iron Wave+1","Headbutt"],"picked":"Warcry","floor":38},{"not_picked":["Infernal Blade","Burning Pact+1"],"picked":"Uppercut","floor":40},{"not_picked":["Headbutt+1","True Grit+1"],"picked":"Whirlwind","floor":41},{"not_picked":["Rage+1","Entrench+1"],"picked":"Limit Break","floor":42},{"not_picked":["Ghostly Armor","Armaments","Cleave"],"picked":"SKIP","floor":46},{"not_picked":["Wild Strike","Anger+1","Thunderclap+1"],"picked":"SKIP","floor":48},{"not_picked":["Intimidate+1","Clash+1"],"picked":"Offering","floor":54}],"player_experience":5501023,"relics_obtained":[{"floor":8,"key":"Bag of Preparation"},{"floor":11,"key":"Dead Branch"},{"floor":13,"key":"Ice Cream"},{"floor":23,"key":"Gremlin Horn"},{"floor":25,"key":"Kunai"},{"floor":26,"key":"FossilizedHelix"},{"floor":31,"key":"Omamori"},{"floor":37,"key":"Bag of Marbles"},{"floor":40,"key":"Dream Catcher"},{"floor":43,"key":"War Paint"},{"floor":44,"key":"Ornamental Fan"},{"floor":46,"key":"Blue Candle"},{"floor":54,"key":"Bottled Flame"}],"event_choices":[{"damage_healed":0,"gold_gain":0,"player_choice":"Grow","damage_taken":0,"max_hp_gain":0,"max_hp_loss":0,"event_name":"Living Wall","floor":2,"gold_loss":0,"cards_upgraded":["Bash"]},{"damage_healed":0,"gold_gain":0,"player_choice":"Became a Ghost","damage_taken":0,"max_hp_gain":0,"max_hp_loss":36,"event_name":"Ghosts","floor":19,"gold_loss":0,"cards_obtained":["Ghostly","Ghostly","Ghostly","Ghostly","Ghostly"]},{"damage_healed":0,"gold_gain":0,"player_choice":"Simplicity","damage_taken":0,"max_hp_gain":0,"max_hp_loss":0,"event_name":"Back to Basics","floor":27,"gold_loss":0,"cards_upgraded":["Strike_R","Strike_R","Strike_R","Strike_R","Defend_R","Defend_R","Defend_R","Defend_R"]},{"cards_removed":["Strike_R"],"damage_healed":0,"gold_gain":0,"player_choice":"Gave Gold","damage_taken":0,"max_hp_gain":0,"max_hp_loss":0,"event_name":"Beggar","floor":28,"gold_loss":75},{"damage_healed":0,"gold_gain":0,"player_choice":"Obtained Relic","damage_taken":0,"relics_obtained":["Tiny Chest"],"max_hp_gain":0,"max_hp_loss":0,"event_name":"Addict","floor":30,"gold_loss":85},{"damage_healed":0,"gold_gain":999,"player_choice":"Gold","damage_taken":0,"max_hp_gain":0,"max_hp_loss":0,"event_name":"MindBloom","floor":36,"gold_loss":0,"cards_obtained":["Normality","Normality"]},{"cards_removed":["Strike_R"],"damage_healed":0,"gold_gain":0,"player_choice":"Upgrade and Remove","damage_taken":0,"max_hp_gain":0,"max_hp_loss":0,"event_name":"Designer","floor":47,"gold_loss":90,"cards_upgraded":["Shrug It Off"]}],"is_beta":true,"boss_relics":[{"not_picked":["Snecko Eye","Orrery"],"picked":"Fusion Hammer"},{"not_picked":["Busted Crown","Tiny House"],"picked":"Coffee Dripper"}],"items_purged_floors":[3,39],"is_endless":false,"potions_floor_spawned":[1,5,10,13,23,25,31,33,42,46,48],"ascension_level":1}