{"gold_per_floor":[119,269,269,116,129,129,154,166,244,244,244,278,278,295,295,374,374,384,395,22,33,53,82,82,96,96,96],"floor_reached":27,"playtime":1058,"items_purged":["Strike_R","Bloodletting"],"score":511,"play_id":"3c2a5bf6-300d-4b16-a480-6ec447b15063","local_time":"20181213150101","is_ascension_mode":true,"campfire_choices":[{"data":"Bash","floor":6.0,"key":"SMITH"},{"data":"Havoc","floor":10.0,"key":"SMITH"},{"data":"Flame Barrier","floor":13.0,"key":"SMITH"},{"data":"Anger","floor":15.0,"key":"SMITH"},{"floor":24,"key":"REST"}],"neow_cost":"NONE","seed_source_timestamp":52212569911529,"circlet_count":0,"master_deck":["AscendersBane","Bash+1","Pommel Strike","Cleave","Havoc+1","Flame Barrier+1","Shrug It Off","Shrug It Off","Shrug It Off","Iron Wave","Anger+1","Immolate","Feed","Double Tap","Demon Form","Carnage","Warcry","Evolve","Shrug It Off+1","Shrug It Off","Clothesline","Corruption","True Grit+1","Feel No Pain","Clothesline+1"],"special_seed":0,"relics":["Burning Blood","Orichalcum","War Paint","Pantograph","Bag of Marbles","Pandora\u0027s Box","Centennial Puzzle","Molten Egg 2","Potion Belt"],"potions_floor_usage":[],"damage_taken":[{"damage":4.0,"enemies":"Small Slimes","floor":1.0,"turns":4.0},{"damage":6.0,"enemies":"2 Louse","floor":5.0,"turns":4.0},{"damage":20.0,"enemies":"Gremlin Nob","floor":7.0,"turns":4.0},{"damage":0.0,"enemies":"Cultist","floor":8.0,"turns":3.0},{"damage":32.0,"enemies":"Lagavulin","floor":12.0,"turns":6.0},{"damage":0.0,"enemies":"3 Louse","floor":14.0,"turns":2.0},{"damage":58.0,"enemies":"The Guardian","floor":16.0,"turns":13.0},{"damage":2.0,"enemies":"Chosen","floor":18.0,"turns":5.0},{"damage":13.0,"enemies":"Shell Parasite","floor":19.0,"turns":5.0},{"damage":13.0,"enemies":"Snake Plant","floor":21.0,"turns":4.0},{"damage":0.0,"enemies":"3 Cultists","floor":22.0,"turns":2.0},{"damage":49.0,"enemies":"Slavers","floor":23.0,"turns":6.0},{"damage":12,"enemies":"Sentry and Sphere","floor":25,"turns":6},{"damage":45,"enemies":"Gremlin Leader","floor":27,"turns":2}],"seed_played":"-9079245671064842167","potions_obtained":[{"floor":1.0,"key":"SneckoOil"},{"floor":12.0,"key":"Strength Potion"},{"floor":14.0,"key":"Strength Potion"}],"is_trial":false,"path_per_floor":["M","?","?","$","M","R","E","M","T","R","?","E","R","M","R","B",null,"M","M","$","M","M","E","E","R","M","T","E"],"character_chosen":"IRONCLAD","items_purchased":["Cleave","Havoc","Centennial Puzzle","Shrug It Off","Clothesline"],"campfire_rested":1,"item_purchase_floors":[4,4,20,20,20],"current_hp_per_floor":[70,70,70,70,70,70,56,62,62,62,62,36,36,42,42,15,60,67,63,63,59,65,25,51,45,45,0],"gold":96,"neow_bonus":"RANDOM_COMMON_RELIC","is_prod":false,"is_daily":false,"chose_seed":false,"campfire_upgraded":4,"win_rate":0,"timestamp":1544731261,"path_taken":["M","?","?","$","?","R","E","M","T","R","?","E","R","M","R","BOSS","M","M","$","M","M","E","R","M","T","E"],"build_version":"2018-12-12","purchased_purges":2,"victory":false,"max_hp_per_floor":[75,75,75,75,75,75,75,75,75,75,75,75,75,75,75,75,75,78,81,81,84,84,87,87,87,87,87],"card_choices":[{"not_picked":["Fire Breathing","Rampage"],"picked":"Pommel Strike","floor":1.0},{"not_picked":["Second Wind","Iron Wave"],"picked":"Flame Barrier","floor":5.0},{"not_picked":["Seeing Red","Twin Strike"],"picked":"Shrug It Off","floor":7.0},{"not_picked":["Infernal Blade","Wild Strike"],"picked":"Shrug It Off","floor":8.0},{"not_picked":["Searing Blow","Warcry"],"picked":"Iron Wave","floor":12.0},{"not_picked":["Sentinel","Twin Strike"],"picked":"Anger","floor":14.0},{"not_picked":["Reaper","Impervious"],"picked":"Immolate","floor":16.0},{"not_picked":["Carnage","Seeing Red","Perfected Strike+1"],"picked":"SKIP","floor":18.0},{"not_picked":["True Grit","Armaments"],"picked":"Shrug It Off+1","floor":19.0},{"not_picked":["Body Slam","Fire Breathing"],"picked":"Corruption","floor":21.0},{"not_picked":["Havoc","Pommel Strike"],"picked":"True Grit+1","floor":22.0},{"not_picked":["Evolve","Power Through"],"picked":"Feel No Pain","floor":23},{"not_picked":["Second Wind","Whirlwind+1"],"picked":"Clothesline+1","floor":25}],"player_experience":795079,"relics_obtained":[{"floor":7.0,"key":"War Paint"},{"floor":9.0,"key":"Pantograph"},{"floor":12.0,"key":"Bag of Marbles"},{"floor":23,"key":"Molten Egg 2"},{"floor":26,"key":"Potion Belt"}],"event_choices":[{"damage_healed":0.0,"max_hp_gain":0.0,"max_hp_loss":0.0,"gold_gain":150.0,"event_name":"Liars Game","player_choice":"AGREE","floor":2.0,"gold_loss":0.0,"damage_taken":0.0,"cards_obtained":["Doubt"]},{"cards_removed":["Doubt"],"damage_healed":0.0,"max_hp_gain":0.0,"max_hp_loss":0.0,"gold_gain":0.0,"event_name":"Fountain of Cleansing","player_choice":"Removed Curses","floor":3.0,"gold_loss":0.0,"damage_taken":0.0},{"damage_healed":0.0,"max_hp_gain":0.0,"max_hp_loss":0.0,"gold_gain":0.0,"cards_transformed":["Strike_R"],"event_name":"Transmorgrifier","player_choice":"Transformed","floor":11.0,"gold_loss":0.0,"damage_taken":0.0,"cards_obtained":["Shrug It Off"]}],"is_beta":true,"boss_relics":[{"not_picked":["Eternal Feather","Tiny House"],"picked":"Pandora\u0027s Box"}],"items_purged_floors":[4,20],"is_endless":false,"potions_floor_spawned":[1,12,14,19,21],"killed_by":"Gremlin Leader","ascension_level":20}