{"gold_per_floor":[111,31,31,31,43,43,69,69,69,69,95,60,80,100,100,177,177,149,149,149,168,184,184],"floor_reached":23,"playtime":789,"items_purged":[],"score":348,"play_id":"660fb9d4-185a-475f-9c24-3f52aac13ae4","local_time":"20190428151142","is_ascension_mode":true,"campfire_choices":[{"data":"Catalyst","floor":6,"key":"SMITH"},{"data":"Bouncing Flask","floor":8,"key":"SMITH"},{"floor":10,"key":"REST"},{"data":"Noxious Fumes","floor":15,"key":"SMITH"}],"neow_cost":"PERCENT_DAMAGE","seed_source_timestamp":1473507951573763,"circlet_count":0,"master_deck":["AscendersBane","Defend_G","Defend_G","Defend_G","Defend_G","Defend_G","Strike_G","Strike_G","Strike_G","Strike_G","Strike_G","Survivor","Neutralize","Catalyst+1","Noxious Fumes+1","Bouncing Flask+1","Glass Knife","Bane","Bouncing Flask","Noxious Fumes+1","Wraith Form v2","Escape Plan","Catalyst","Catalyst","Burst","Writhe","Crippling Poison","Leg Sweep","Escape Plan"],"relics":["Ring of the Snake","Incense Burner","Blood Vial","The Courier","Centennial Puzzle","Orrery","Anchor"],"potions_floor_usage":[16,18],"damage_taken":[{"damage":2,"enemies":"Cultist","floor":1,"turns":5},{"damage":2,"enemies":"Small Slimes","floor":5,"turns":4},{"damage":24,"enemies":"3 Sentries","floor":7,"turns":7},{"damage":10,"enemies":"Lagavulin","floor":11,"turns":4},{"damage":2,"enemies":"Jaw Worm","floor":13,"turns":3},{"damage":1,"enemies":"Looter","floor":14,"turns":2},{"damage":28,"enemies":"Slime Boss","floor":16,"turns":6},{"damage":13,"enemies":"2 Thieves","floor":18,"turns":5},{"damage":4,"enemies":"Shell Parasite","floor":21,"turns":4},{"damage":20,"enemies":"3 Cultists","floor":22,"turns":5},{"damage":27,"enemies":"Gremlin Leader","floor":23,"turns":2}],"seed_played":"8336314179676389420","potions_obtained":[{"floor":1,"key":"EssenceOfSteel"},{"floor":11,"key":"Explosive Potion"},{"floor":16,"key":"Fire Potion"},{"floor":18,"key":"SteroidPotion"}],"is_trial":false,"path_per_floor":["M","$","$","?","M","R","E","R","T","R","E","?","M","M","R","B",null,"M","?","?","M","M","E"],"character_chosen":"THE_SILENT","items_purchased":["Noxious Fumes"],"campfire_rested":1,"item_purchase_floors":[2],"current_hp_per_floor":[42,42,42,42,40,40,16,16,16,35,27,43,43,44,44,18,54,43,43,43,41,23,0],"gold":184,"neow_bonus":"ONE_RARE_RELIC","is_prod":false,"is_daily":false,"chose_seed":false,"campfire_upgraded":3,"win_rate":0,"timestamp":1556475102,"path_taken":["M","?","$","?","?","R","E","R","T","R","E","?","M","M","R","BOSS","M","?","?","M","M","E"],"build_version":"2019-01-23","purchased_purges":0,"victory":false,"max_hp_per_floor":[66,66,66,66,66,66,66,66,66,66,66,66,66,66,66,66,66,66,66,66,66,66,66],"card_choices":[{"not_picked":["Dodge and Roll","Blade Dance"],"picked":"Catalyst","floor":1},{"not_picked":["Finisher","Prepared"],"picked":"Bouncing Flask","floor":5},{"not_picked":["Deflect","Masterful Stab"],"picked":"Glass Knife","floor":7},{"not_picked":["Distraction","Expertise"],"picked":"Bane","floor":11},{"not_picked":["PiercingWail","Well Laid Plans"],"picked":"Bouncing Flask","floor":13},{"not_picked":["Footwork","Reflex"],"picked":"Noxious Fumes","floor":14},{"not_picked":["Unload","Storm of Steel"],"picked":"Wraith Form v2","floor":16},{"not_picked":["Acrobatics","Sucker Punch"],"picked":"Escape Plan","floor":17},{"not_picked":["Flying Knee","Deadly Poison"],"picked":"Catalyst","floor":17},{"not_picked":["Prepared","Dodge and Roll"],"picked":"Catalyst","floor":17},{"not_picked":["Cloak And Dagger","Backflip"],"picked":"Burst","floor":18},{"not_picked":["Dodge and Roll","Reflex"],"picked":"Leg Sweep","floor":21},{"not_picked":["Blade Dance","Blur"],"picked":"Escape Plan","floor":22}],"player_experience":1250069,"relics_obtained":[{"floor":7,"key":"Blood Vial"},{"floor":9,"key":"The Courier"},{"floor":11,"key":"Centennial Puzzle"}],"event_choices":[{"damage_healed":0,"gold_gain":0,"player_choice":"Grow","damage_taken":0,"max_hp_gain":0,"max_hp_loss":0,"event_name":"Living Wall","floor":4,"gold_loss":0,"cards_upgraded":["Noxious Fumes"]},{"damage_healed":16,"gold_gain":0,"player_choice":"Healed","damage_taken":0,"max_hp_gain":0,"max_hp_loss":0,"event_name":"The Cleric","floor":12,"gold_loss":35},{"damage_healed":0,"gold_gain":0,"player_choice":"Opened","damage_taken":0,"relics_obtained":["Anchor"],"max_hp_gain":0,"max_hp_loss":0,"event_name":"The Mausoleum","floor":19,"gold_loss":0,"cards_obtained":["Writhe"]},{"damage_healed":0,"gold_gain":0,"player_choice":"Read","damage_taken":0,"max_hp_gain":0,"max_hp_loss":0,"event_name":"The Library","floor":20,"gold_loss":0,"cards_obtained":["Crippling Poison"]}],"is_beta":false,"boss_relics":[{"not_picked":["HoveringKite","White Beast Statue"],"picked":"Orrery"}],"items_purged_floors":[],"is_endless":false,"potions_floor_spawned":[1,11,16,18],"killed_by":"Gremlin Leader","ascension_level":15}