{"gold_per_floor":[360,30,30,30,30,60,60,89,89,102,122,134,160,179,179,279,279,299,313,325,325,335,366,380,380,380,397,417,442,462,42,42,137,137,148,168,268,283,300,325,325,357,357,390,402,412,429,504,504,504,504,504,44,74,74],"floor_reached":56,"playtime":4425,"items_purged":["Doubt","Strike_G","Defend_G"],"score":1485,"play_id":"11d22a1c-5da0-42e3-a5b0-a2fd5fc34fe0","local_time":"20190307054533","is_ascension_mode":true,"campfire_choices":[{"data":"Neutralize","floor":7,"key":"SMITH"},{"data":"After Image","floor":15,"key":"SMITH"},{"data":"Infinite Blades","floor":32,"key":"SMITH"},{"data":"Wraith Form v2","floor":41,"key":"SMITH"},{"floor":49,"key":"RECALL"},{"data":"Noxious Fumes","floor":52,"key":"SMITH"}],"neow_cost":"CURSE","seed_source_timestamp":469953514607,"circlet_count":0,"master_deck":["Defend_G","Defend_G","Defend_G","Strike_G","Strike_G+1","Strike_G+1","Survivor+1","Neutralize+1","Dagger Spray+1","Infinite Blades+1","PiercingWail","Backflip","Sucker Punch","Cloak And Dagger","Crippling Poison","After Image+1","Flying Knee","Glass Knife","Terror+1","Backstab","Backflip","Cloak And Dagger","Ghostly","Ghostly","Ghostly","Ghostly","Ghostly","Dodge and Roll+1","Dash","Corpse Explosion","Noxious Fumes+1","Wraith Form v2+1","Leg Sweep","Accuracy+1","Heel Hook","Blur","Distraction+1","Acrobatics","Infinite Blades","Cloak And Dagger","Discovery","Acrobatics+1"],"relics":["Ring of the Snake","Tiny Chest","The Specimen","Pen Nib","Nunchaku","Whetstone","Coffee Dripper","Turnip","WingedGreaves","Strawberry","Mummified Hand","Cursed Key","Paper Crane","Smiling Mask","Ancient Tea Set","Bronze Scales","Tingsha"],"potions_floor_usage":[13,16,29,33,44,55,55,55],"damage_taken":[{"damage":2,"enemies":"Jaw Worm","floor":1,"turns":4},{"damage":6,"enemies":"3 Sentries","floor":6,"turns":6},{"damage":13,"enemies":"Gremlin Nob","floor":8,"turns":5},{"damage":0,"enemies":"2 Louse","floor":10,"turns":2},{"damage":0,"enemies":"Cultist","floor":11,"turns":3},{"damage":0,"enemies":"Gremlin Gang","floor":12,"turns":3},{"damage":2,"enemies":"3 Sentries","floor":13,"turns":7},{"damage":0,"enemies":"Red Slaver","floor":14,"turns":4},{"damage":4,"enemies":"The Guardian","floor":16,"turns":12},{"damage":3,"enemies":"3 Byrds","floor":18,"turns":4},{"damage":0,"enemies":"Shell Parasite","floor":19,"turns":3},{"damage":8,"enemies":"Centurion and Healer","floor":20,"turns":5},{"damage":13,"enemies":"Shelled Parasite and Fungi","floor":22,"turns":5},{"damage":14,"enemies":"Slavers","floor":23,"turns":4},{"damage":0,"enemies":"Snake Plant","floor":24,"turns":4},{"damage":2,"enemies":"Snecko","floor":27,"turns":6},{"damage":0,"enemies":"Shelled Parasite and Fungi","floor":28,"turns":5},{"damage":9,"enemies":"Gremlin Leader","floor":29,"turns":8},{"damage":0,"enemies":"Chosen and Byrds","floor":30,"turns":4},{"damage":10,"enemies":"Automaton","floor":33,"turns":10},{"damage":0,"enemies":"3 Shapes","floor":35,"turns":2},{"damage":0,"enemies":"Orb Walker","floor":36,"turns":4},{"damage":0,"enemies":"Spire Growth","floor":38,"turns":5},{"damage":0,"enemies":"4 Shapes","floor":39,"turns":4},{"damage":0,"enemies":"Giant Head","floor":40,"turns":9},{"damage":0,"enemies":"Nemesis","floor":42,"turns":9},{"damage":0,"enemies":"Giant Head","floor":44,"turns":9},{"damage":0,"enemies":"Sphere and 2 Shapes","floor":45,"turns":5},{"damage":0,"enemies":"Transient","floor":46,"turns":5},{"damage":0,"enemies":"3 Darklings","floor":47,"turns":5},{"damage":13,"enemies":"Awakened One","floor":50,"turns":16},{"damage":0,"enemies":"Shield and Spear","floor":54,"turns":5},{"damage":41,"enemies":"The Heart","floor":55,"turns":11}],"seed_played":"1209609900299793322","potions_obtained":[{"floor":1,"key":"LiquidBronze"},{"floor":10,"key":"Regen Potion"},{"floor":13,"key":"Explosive Potion"},{"floor":16,"key":"Ancient Potion"},{"floor":20,"key":"Dexterity Potion"},{"floor":23,"key":"EssenceOfSteel"},{"floor":27,"key":"Explosive Potion"},{"floor":29,"key":"Ancient Potion"},{"floor":36,"key":"SpeedPotion"},{"floor":42,"key":"Strength Potion"}],"is_trial":false,"path_per_floor":["M","$","?","?","?","E","R","E","T","M","M","M","E","M","R","B",null,"M","M","M","T","M","E","M","?","T","M","M","E","M","$","R","B",null,"M","M","?","M","M","E","R","E","T","E","M","M","M","?","R","B",null,"R","$","E","B",null],"character_chosen":"THE_SILENT","items_purchased":["Infinite Blades","Tiny Chest","PiercingWail","Backflip","Mummified Hand","Noxious Fumes","Infinite Blades","Bronze Scales","Strength Potion","Cloak And Dagger","Discovery"],"campfire_rested":0,"item_purchase_floors":[2,2,2,2,31,31,53,53,53,53,53],"current_hp_per_floor":[68,68,61,47,47,41,41,28,28,28,28,28,41,41,41,37,70,67,67,59,59,46,32,32,32,32,30,30,28,28,28,28,18,42,42,42,42,42,42,42,42,42,42,42,42,42,42,38,38,25,42,42,42,42,1],"gold":74,"neow_bonus":"TWO_FIFTY_GOLD","is_prod":false,"is_daily":false,"chose_seed":false,"campfire_upgraded":5,"win_rate":0,"timestamp":1551955533,"path_taken":["M","$","?","?","?","E","R","E","T","?","M","M","E","M","R","BOSS","M","?","M","?","M","E","M","?","T","?","M","E","M","$","R","BOSS","M","M","?","?","M","E","R","E","T","E","M","?","M","?","R","BOSS","R","$","E","BOSS"],"build_version":"2019-02-06","purchased_purges":3,"victory":true,"max_hp_per_floor":[70,70,70,70,70,70,70,70,70,70,70,70,70,70,70,70,70,70,70,70,70,70,70,70,35,35,35,35,42,42,42,42,42,42,42,42,42,42,42,42,42,42,42,42,42,42,42,42,42,42,42,42,42,42,42],"card_choices":[{"not_picked":["Quick Slash","Sucker Punch"],"picked":"Dagger Spray","floor":1},{"not_picked":["Wraith Form v2","Acrobatics"],"picked":"Sucker Punch","floor":6},{"not_picked":["Poisoned Stab","Deflect"],"picked":"Cloak And Dagger","floor":8},{"not_picked":["Prepared","Underhanded Strike"],"picked":"Crippling Poison","floor":10},{"not_picked":["PiercingWail","Dagger Throw"],"picked":"After Image","floor":11},{"not_picked":["Bane","Dagger Spray","Caltrops"],"picked":"SKIP","floor":12},{"not_picked":["Grand Finale","Dodge and Roll","Sucker Punch"],"picked":"SKIP","floor":13},{"not_picked":["Endless Agony","Concentrate"],"picked":"Flying Knee","floor":14},{"not_picked":["Phantasmal Killer","Doppelganger"],"picked":"Glass Knife","floor":16},{"not_picked":["Tactician+1","Bane"],"picked":"Terror+1","floor":18},{"not_picked":["Blade Dance","Underhanded Strike","Slice"],"picked":"SKIP","floor":19},{"not_picked":["Calculated Gamble","Quick Slash+1"],"picked":"Backstab","floor":20},{"not_picked":["Deflect","Slice+1"],"picked":"Backflip","floor":22},{"not_picked":["Tactician","Underhanded Strike"],"picked":"Cloak And Dagger","floor":23},{"not_picked":["Expertise","Flying Knee+1","Quick Slash"],"picked":"SKIP","floor":24},{"not_picked":["Terror","Dagger Spray"],"picked":"Dodge and Roll+1","floor":27},{"not_picked":["Bane","Underhanded Strike+1"],"picked":"Dash","floor":28},{"not_picked":["Tactician","Bane","Flying Knee"],"picked":"SKIP","floor":29},{"not_picked":["Dodge and Roll+1","Slice+1"],"picked":"Corpse Explosion","floor":30},{"not_picked":["Night Terror","Unload"],"picked":"Wraith Form v2","floor":33},{"not_picked":["Outmaneuver+1","Blade Dance"],"picked":"Leg Sweep","floor":35},{"not_picked":["Dodge and Roll","Endless Agony","Deadly Poison+1"],"picked":"SKIP","floor":36},{"not_picked":["Backstab","Setup+1","Reflex+1"],"picked":"SKIP","floor":38},{"not_picked":["PiercingWail+1","Quick Slash"],"picked":"Accuracy+1","floor":39},{"not_picked":["Underhanded Strike+1","Quick Slash","Expertise"],"picked":"SKIP","floor":40},{"not_picked":["All Out Attack+1","Acrobatics"],"picked":"Heel Hook","floor":42},{"not_picked":["Acrobatics","Eviscerate"],"picked":"Blur","floor":44},{"not_picked":["Quick Slash","Bouncing Flask"],"picked":"Distraction+1","floor":45},{"not_picked":["Quick Slash+1","Riddle With Holes"],"picked":"Acrobatics","floor":46},{"not_picked":["Bane","Terror+1","Blade Dance"],"picked":"SKIP","floor":47},{"not_picked":["Bane","Terror+1","Blade Dance"],"picked":"SKIP","floor":47},{"not_picked":["PiercingWail","Masterful Stab"],"picked":"Acrobatics+1","floor":54}],"player_experience":4839057,"relics_obtained":[{"floor":6,"key":"The Specimen"},{"floor":8,"key":"Pen Nib"},{"floor":9,"key":"Nunchaku"},{"floor":13,"key":"Whetstone"},{"floor":21,"key":"Turnip"},{"floor":23,"key":"WingedGreaves"},{"floor":29,"key":"Strawberry"},{"floor":40,"key":"Paper Crane"},{"floor":42,"key":"Smiling Mask"},{"floor":44,"key":"Ancient Tea Set"},{"floor":54,"key":"Tingsha"}],"event_choices":[{"cards_removed":["Defend_G"],"damage_healed":0,"gold_gain":0,"player_choice":"Card Removal","damage_taken":7,"max_hp_gain":0,"max_hp_loss":0,"event_name":"Golden Wing","floor":3,"gold_loss":0},{"damage_healed":0,"gold_gain":0,"player_choice":"Entered Light","damage_taken":14,"max_hp_gain":0,"max_hp_loss":0,"event_name":"Shining Light","floor":4,"gold_loss":0,"cards_upgraded":["Dagger Spray","Survivor"]},{"cards_removed":["Strike_G"],"damage_healed":0,"gold_gain":0,"player_choice":"Offered Basic","damage_taken":0,"max_hp_gain":0,"max_hp_loss":0,"event_name":"Bonfire Elementals","floor":5,"gold_loss":0},{"damage_healed":0,"gold_gain":0,"player_choice":"Became a Ghost","damage_taken":0,"max_hp_gain":0,"max_hp_loss":35,"event_name":"Ghosts","floor":25,"gold_loss":0,"cards_obtained":["Ghostly","Ghostly","Ghostly","Ghostly","Ghostly"]},{"damage_healed":0,"gold_gain":100,"player_choice":"Pray","damage_taken":0,"max_hp_gain":0,"max_hp_loss":0,"event_name":"Golden Shrine","floor":37,"gold_loss":0},{"damage_healed":0,"gold_gain":75,"player_choice":"Touch","damage_taken":4,"max_hp_gain":0,"max_hp_loss":0,"event_name":"FaceTrader","floor":48,"gold_loss":0}],"is_beta":true,"boss_relics":[{"not_picked":["Tiny House","Velvet Choker"],"picked":"Coffee Dripper"},{"not_picked":["Busted Crown","Black Star"],"picked":"Cursed Key"}],"items_purged_floors":[2,31,53],"is_endless":false,"potions_floor_spawned":[1,10,13,16,20,22,23,27,29,36,38,39,42],"ascension_level":1}