{"gold_per_floor":[112,126,141,153,164,164,180,198,272,306,292,339,351],"floor_reached":13,"playtime":1190,"items_purged":[],"score":99,"play_id":"f7537854-5833-4675-b286-7e6e0c496075","local_time":"20190402215309","is_ascension_mode":false,"campfire_choices":[{"data":"Double Energy","floor":6,"key":"SMITH"}],"neow_cost":"NONE","seed_source_timestamp":595433326476707,"circlet_count":0,"master_deck":["Strike_B","Strike_B","Strike_B","Strike_B","Defend_B","Defend_B","Defend_B","Defend_B","Zap","Dualcast","White Noise","FTL","Beam Cell","Steam Power","Double Energy+1","Gash","Reboot","FTL","Steam"],"relics":["Cracked Core","Kunai","MawBank","Orichalcum"],"potions_floor_usage":[7,10,10],"damage_taken":[{"damage":1,"enemies":"Jaw Worm","floor":1,"turns":4},{"damage":2,"enemies":"2 Louse","floor":2,"turns":4},{"damage":0,"enemies":"Small Slimes","floor":3,"turns":4},{"damage":0,"enemies":"Looter","floor":4,"turns":3},{"damage":4,"enemies":"Blue Slaver","floor":5,"turns":3},{"damage":0,"enemies":"Large Slime","floor":7,"turns":4},{"damage":16,"enemies":"Exordium Thugs","floor":8,"turns":4},{"damage":18,"enemies":"Lagavulin","floor":10,"turns":6},{"damage":20,"enemies":"Gremlin Nob","floor":12,"turns":4},{"damage":17,"enemies":"Gremlin Gang","floor":13,"turns":2}],"seed_played":"4399740975779362734","potions_obtained":[{"floor":0,"key":"LiquidBronze"},{"floor":0,"key":"Swift Potion"},{"floor":0,"key":"SpeedPotion"},{"floor":1,"key":"LiquidBronze"},{"floor":3,"key":"Explosive Potion"}],"is_trial":false,"path_per_floor":["M","M","M","M","M","R","M","M","T","E","?","E","M"],"character_chosen":"DEFECT","items_purchased":[],"campfire_rested":0,"item_purchase_floors":[],"current_hp_per_floor":[74,72,72,72,68,68,68,52,52,34,34,14,0],"gold":351,"neow_bonus":"THREE_SMALL_POTIONS","is_prod":false,"is_daily":false,"chose_seed":false,"campfire_upgraded":1,"win_rate":0,"timestamp":1554259989,"path_taken":["M","M","M","M","M","R","M","M","T","E","?","E","M"],"build_version":"2019-01-23","purchased_purges":0,"victory":false,"max_hp_per_floor":[75,75,75,75,75,75,75,75,75,75,75,75,75],"card_choices":[{"not_picked":["Aggregate","Go for the Eyes"],"picked":"White Noise","floor":1},{"not_picked":["Leap","Redo"],"picked":"FTL","floor":2},{"not_picked":["Redo","Gash"],"picked":"Beam Cell","floor":3},{"not_picked":["Ball Lightning","Hologram"],"picked":"Steam Power","floor":4},{"not_picked":["Compile Driver","Hello World"],"picked":"Double Energy","floor":5},{"not_picked":["Barrage","Cold Snap"],"picked":"Gash","floor":7},{"not_picked":["Heatsinks","Gash"],"picked":"Reboot","floor":8},{"not_picked":["Glacier","Coolheaded"],"picked":"FTL","floor":10},{"not_picked":["Conserve Battery","Hello World"],"picked":"Steam","floor":12}],"player_experience":221177,"relics_obtained":[{"floor":9,"key":"Kunai"},{"floor":10,"key":"MawBank"},{"floor":12,"key":"Orichalcum"}],"event_choices":[{"damage_healed":0,"gold_gain":0,"player_choice":"Left Gold","damage_taken":0,"max_hp_gain":0,"max_hp_loss":0,"event_name":"World of Goop","floor":11,"gold_loss":26}],"is_beta":false,"boss_relics":[],"items_purged_floors":[],"is_endless":false,"potions_floor_spawned":[1,3,4],"killed_by":"Gremlin Gang","ascension_level":0}