{"gold_per_floor":[116,116,116,116,28,53,68,96,148,160,240,250,284,299,299,394,394,319,75,75,75,75,75,75,75,75,75,75,75,75,75,75,75,75,75,75,75,75,75,75,75,75,75,75,0,0,0,0,0,0],"floor_reached":51,"playtime":2962,"items_purged":["Parasite"],"score":858,"play_id":"901bb8b8-41d3-4480-aee6-3a15d7269fd1","local_time":"20190425133024","is_ascension_mode":true,"campfire_choices":[{"floor":15.0,"key":"REST"},{"floor":24.0,"key":"REST"},{"floor":27.0,"key":"REST"},{"data":"After Image","floor":32.0,"key":"SMITH"},{"floor":40.0,"key":"REST"},{"floor":42.0,"key":"REST"},{"data":"Choke","floor":49,"key":"SMITH"}],"neow_cost":"NONE","seed_source_timestamp":0,"circlet_count":0,"master_deck":["Defend_G+1","Defend_G","Defend_G","Defend_G","Defend_G+1","Strike_G","Strike_G","Strike_G","Strike_G","Strike_G","Survivor","Neutralize","Cloak And Dagger+1","Cloak And Dagger","Escape Plan","Choke+1","Distraction","Blade Dance","Dagger Spray","PiercingWail","PiercingWail","Leg Sweep","After Image+1","Blade Dance","PiercingWail+1","Terror+1","Distraction+1","Flechettes+1","Finisher+1","Burst","Finisher+1","Terror+1"],"special_seed":0,"relics":["Ring of the Snake","NeowsBlessing","Pen Nib","War Paint","Centennial Puzzle","Ancient Tea Set","Potion Belt","Ectoplasm","Mummified Hand","Torii","Art of War","Singing Bowl","Eternal Feather","Ginger","The Specimen","Shuriken","Kunai","Mercury Hourglass"],"potions_floor_usage":[50,50],"damage_taken":[{"damage":0.0,"enemies":"Jaw Worm","floor":1.0,"turns":1.0},{"damage":0.0,"enemies":"Gremlin Nob","floor":6.0,"turns":1.0},{"damage":0.0,"enemies":"Small Slimes","floor":7.0,"turns":1.0},{"damage":20.0,"enemies":"3 Sentries","floor":8.0,"turns":11.0},{"damage":0.0,"enemies":"Cultist","floor":10.0,"turns":3.0},{"damage":2.0,"enemies":"3 Louse","floor":12.0,"turns":3.0},{"damage":19.0,"enemies":"Lagavulin","floor":13.0,"turns":7.0},{"damage":15.0,"enemies":"2 Fungi Beasts","floor":14.0,"turns":4.0},{"damage":48.0,"enemies":"The Guardian","floor":16.0,"turns":16.0},{"damage":6.0,"enemies":"2 Thieves","floor":18.0,"turns":4.0},{"damage":12.0,"enemies":"Shell Parasite","floor":20.0,"turns":7.0},{"damage":9.0,"enemies":"Centurion and Healer","floor":21.0,"turns":11.0},{"damage":7.0,"enemies":"Snecko","floor":22.0,"turns":4.0},{"damage":8.0,"enemies":"Slavers","floor":23.0,"turns":6.0},{"damage":2.0,"enemies":"Book of Stabbing","floor":25.0,"turns":7.0},{"damage":33.0,"enemies":"Gremlin Leader","floor":28.0,"turns":6.0},{"damage":2.0,"enemies":"Snake Plant","floor":29.0,"turns":5.0},{"damage":0.0,"enemies":"Centurion and Healer","floor":31.0,"turns":5.0},{"damage":39.0,"enemies":"Automaton","floor":33.0,"turns":8.0},{"damage":0.0,"enemies":"Orb Walker","floor":35.0,"turns":3.0},{"damage":67.0,"enemies":"2 Orb Walkers","floor":36.0,"turns":9.0},{"damage":1.0,"enemies":"Mind Bloom Boss Battle","floor":37.0,"turns":6.0},{"damage":0.0,"enemies":"3 Darklings","floor":38.0,"turns":2.0},{"damage":3.0,"enemies":"Jaw Worm Horde","floor":39.0,"turns":6.0},{"damage":0.0,"enemies":"Writhing Mass","floor":44.0,"turns":5.0},{"damage":42.0,"enemies":"Spire Growth","floor":46.0,"turns":4.0},{"damage":0,"enemies":"Reptomancer","floor":47,"turns":2},{"damage":46,"enemies":"Time Eater","floor":50,"turns":12}],"seed_played":"1700629286696791464","potions_obtained":[{"floor":1.0,"key":"Energy Potion"},{"floor":10.0,"key":"Regen Potion"},{"floor":12.0,"key":"Explosive Potion"},{"floor":14.0,"key":"Block Potion"},{"floor":21.0,"key":"AttackPotion"},{"floor":22.0,"key":"PowerPotion"},{"floor":29.0,"key":"SkillPotion"},{"floor":31.0,"key":"Ancient Potion"},{"floor":35.0,"key":"SpeedPotion"},{"floor":38.0,"key":"Swift Potion"},{"floor":39.0,"key":"Ancient Potion"},{"floor":44.0,"key":"Poison Potion"},{"floor":47,"key":"Strength Potion"}],"is_trial":false,"path_per_floor":["M","?","?","?","$","E","M","E","T","M","?","M","E","M","R","B",null,"M","$","M","M","M","E","R","E","T","R","E","M","?","M","R","B",null,"M","?","?","M","M","R","T","R","T","M","$","M","E","?","R","B",null],"character_chosen":"THE_SILENT","items_purchased":["Cloak And Dagger","Escape Plan","Mummified Hand"],"campfire_rested":5,"item_purchase_floors":[5,5,19],"current_hp_per_floor":[70,70,70,70,70,70,70,50,50,50,50,48,29,14,35,2,70,64,64,52,43,36,28,49,47,47,68,37,37,61,63,63,24,76,76,11,10,12,11,53,53,82,82,84,81,41,43,43,61,15],"gold":0,"neow_bonus":"THREE_ENEMY_KILL","is_prod":false,"is_daily":false,"chose_seed":false,"campfire_upgraded":2,"win_rate":0,"timestamp":1556213424,"path_taken":["M","?","?","?","$","E","M","E","T","?","?","M","E","M","R","BOSS","M","$","M","M","M","E","R","E","T","R","E","M","?","M","R","BOSS","M","?","?","M","M","R","?","R","T","M","$","M","E","?","R","BOSS"],"build_version":"2019-01-23","purchased_purges":1,"victory":true,"max_hp_per_floor":[70,70,70,70,70,70,70,70,70,70,70,70,70,70,70,70,70,70,70,70,70,70,70,70,70,70,70,72,74,74,76,76,76,76,76,78,78,80,82,82,82,82,82,84,81,83,85,81,81,81],"card_choices":[{"not_picked":["Skewer","PiercingWail"],"picked":"Cloak And Dagger","floor":1.0},{"not_picked":["Deflect","Poisoned Stab"],"picked":"Choke","floor":6.0},{"not_picked":["Prepared","Underhanded Strike"],"picked":"Distraction","floor":7.0},{"not_picked":["Flechettes","Choke"],"picked":"Blade Dance","floor":8.0},{"not_picked":["Expertise","Acrobatics"],"picked":"Dagger Spray","floor":10.0},{"not_picked":["Eviscerate","Bane"],"picked":"PiercingWail","floor":12.0},{"not_picked":["PiercingWail","Noxious Fumes","Quick Slash"],"picked":"SKIP","floor":13.0},{"not_picked":["Noxious Fumes","Quick Slash"],"picked":"PiercingWail","floor":13.0},{"not_picked":["Prepared","Underhanded Strike"],"picked":"Leg Sweep","floor":14.0},{"not_picked":["Die Die Die","A Thousand Cuts"],"picked":"After Image","floor":16.0},{"not_picked":["Poisoned Stab","Outmaneuver"],"picked":"Blade Dance","floor":18.0},{"not_picked":["Escape Plan","Underhanded Strike"],"picked":"PiercingWail+1","floor":20.0},{"not_picked":["Dagger Spray","Leg Sweep"],"picked":"Terror+1","floor":21.0},{"not_picked":["Dodge and Roll","Dagger Throw"],"picked":"Distraction+1","floor":22.0},{"not_picked":["Night Terror","Doppelganger"],"picked":"Flechettes+1","floor":23.0},{"not_picked":["Bouncing Flask","Quick Slash"],"picked":"Finisher+1","floor":25.0},{"not_picked":["Bane+1","Slice","Blade Dance"],"picked":"Singing Bowl","floor":28.0},{"not_picked":["Dodge and Roll","Underhanded Strike","Reflex"],"picked":"Singing Bowl","floor":29.0},{"not_picked":["Deadly Poison","Outmaneuver","Expertise"],"picked":"Singing Bowl","floor":31.0},{"not_picked":["Doppelganger","Night Terror"],"picked":"Burst","floor":33.0},{"not_picked":["Crippling Poison+1","Prepared+1"],"picked":"Finisher+1","floor":35.0},{"not_picked":["Sucker Punch+1","Poisoned Stab","Crippling Poison+1"],"picked":"Singing Bowl","floor":36.0},{"not_picked":["Riddle With Holes+1","Poisoned Stab+1"],"picked":"Terror+1","floor":37.0},{"not_picked":["Acrobatics+1","Quick Slash+1","Expertise"],"picked":"Singing Bowl","floor":38.0},{"not_picked":["Corpse Explosion","Deadly Poison+1","Dagger Throw+1"],"picked":"Singing Bowl","floor":39.0},{"not_picked":["Sucker Punch+1","Dagger Spray","Deflect"],"picked":"Singing Bowl","floor":44.0},{"not_picked":["Acrobatics","Cloak And Dagger","Setup+1"],"picked":"Singing Bowl","floor":46.0},{"not_picked":["Outmaneuver+1","Bouncing Flask","Acrobatics"],"picked":"Singing Bowl","floor":47}],"player_experience":112227,"relics_obtained":[{"floor":6.0,"key":"War Paint"},{"floor":8.0,"key":"Centennial Puzzle"},{"floor":9.0,"key":"Ancient Tea Set"},{"floor":13.0,"key":"Potion Belt"},{"floor":23.0,"key":"Torii"},{"floor":25.0,"key":"Art of War"},{"floor":28.0,"key":"Singing Bowl"},{"floor":36.0,"key":"Ginger"},{"floor":37.0,"key":"The Specimen"},{"floor":41.0,"key":"Shuriken"},{"floor":43.0,"key":"Kunai"},{"floor":47,"key":"Mercury Hourglass"}],"event_choices":[{"damage_healed":0.0,"max_hp_gain":0.0,"max_hp_loss":0.0,"gold_gain":0.0,"event_name":"Living Wall","player_choice":"Grow","floor":2.0,"gold_loss":0.0,"damage_taken":0.0,"cards_upgraded":["Cloak And Dagger"]},{"damage_healed":0.0,"max_hp_gain":0.0,"max_hp_loss":0.0,"gold_gain":0.0,"event_name":"The Cleric","player_choice":"Leave","floor":3.0,"gold_loss":0.0,"damage_taken":0.0},{"damage_healed":0.0,"max_hp_gain":0.0,"max_hp_loss":0.0,"gold_gain":0.0,"event_name":"WeMeetAgain","player_choice":"Gave Potion","floor":4.0,"gold_loss":0.0,"damage_taken":0.0,"relics_obtained":["Pen Nib"]},{"damage_healed":0.0,"max_hp_gain":0.0,"max_hp_loss":0.0,"gold_gain":80.0,"event_name":"Golden Wing","player_choice":"Gained Gold","floor":11.0,"gold_loss":0.0,"damage_taken":0.0},{"damage_healed":24.0,"max_hp_gain":0.0,"max_hp_loss":0.0,"gold_gain":0.0,"event_name":"The Library","player_choice":"Heal","floor":30.0,"gold_loss":0.0,"damage_taken":0.0},{"damage_healed":0.0,"max_hp_gain":0.0,"max_hp_loss":0.0,"gold_gain":0.0,"event_name":"Mysterious Sphere","player_choice":"Fight","floor":36.0,"gold_loss":0.0,"damage_taken":0.0},{"damage_healed":0.0,"max_hp_gain":0.0,"max_hp_loss":0.0,"gold_gain":0.0,"event_name":"MindBloom","player_choice":"Fight","floor":37.0,"gold_loss":0.0,"damage_taken":0.0},{"damage_healed":0,"gold_gain":0,"player_choice":"Max HP","damage_taken":0,"max_hp_gain":0,"max_hp_loss":4,"event_name":"Winding Halls","floor":48,"gold_loss":0}],"is_beta":false,"boss_relics":[{"not_picked":["Runic Dome","Coffee Dripper"],"picked":"Ectoplasm"},{"not_picked":["Tiny House","Runic Pyramid"],"picked":"Eternal Feather"}],"items_purged_floors":[45],"is_endless":false,"potions_floor_spawned":[1,10,12,14,21,22,29,31,35,38,39,44,47],"ascension_level":2}