{"gold_per_floor":[112,128,145,145,160,335,58,58,58,97,115,115,145,45,45,169,169,187,62,81,105,129,129,129],"floor_reached":24,"playtime":1371,"items_purged":["Doubt","Strike_R","Defend_R"],"score":257,"play_id":"9880b4c3-1d32-4a48-acbb-83b01bc3f8f9","local_time":"20180713152303","is_ascension_mode":true,"campfire_choices":[{"data":"Havoc","floor":8,"key":"SMITH"},{"floor":12,"key":"REST"},{"data":"Rampage","floor":15,"key":"SMITH"},{"floor":23,"key":"REST"}],"neow_cost":"TEN_PERCENT_HP_LOSS","seed_source_timestamp":54822510012291,"circlet_count":0,"master_deck":["Strike_R","Strike_R","Strike_R","Defend_R","Defend_R","Bash","Rampage+1","Second Wind","Havoc+1","Warcry","Master of Strategy","Pommel Strike","Offering","Havoc+1"],"relics":["Burning Blood","Golden Idol","Bottled Flame","Unceasing Top","Busted Crown"],"potions_floor_usage":[10,16,20,21,22],"damage_taken":[{"damage":2,"enemies":"Small Slimes","floor":1,"turns":4},{"damage":1,"enemies":"Cultist","floor":2,"turns":3},{"damage":9,"enemies":"2 Louse","floor":3,"turns":4},{"damage":12,"enemies":"Looter","floor":5,"turns":3},{"damage":28,"enemies":"Gremlin Nob","floor":10,"turns":4},{"damage":0,"enemies":"Large Slime","floor":11,"turns":4},{"damage":45,"enemies":"Hexaghost","floor":16,"turns":8},{"damage":4,"enemies":"Chosen","floor":18,"turns":3},{"damage":10,"enemies":"3 Byrds","floor":20,"turns":3},{"damage":23,"enemies":"Centurion and Healer","floor":21,"turns":5},{"damage":11,"enemies":"3 Cultists","floor":22,"turns":4},{"damage":59,"enemies":"Gremlin Leader","floor":24,"turns":7}],"seed_played":"1659000342339821176","potions_obtained":[{"floor":1,"key":"Swift Potion"},{"floor":5,"key":"Dexterity Potion"},{"floor":11,"key":"SpeedPotion"},{"floor":20,"key":"Poison Potion"},{"floor":21,"key":"Block Potion"}],"is_trial":false,"path_per_floor":["M","M","M","?","M","?","$","R","T","E","M","R","?","$","R","B",null,"M","$","M","M","M","R"],"character_chosen":"IRONCLAD","items_purchased":["Master of Strategy"],"campfire_rested":2,"item_purchase_floors":[7],"current_hp_per_floor":[72,72,69,67,61,61,61,61,61,39,45,65,65,65,65,26,57,59,59,55,38,33,53,0],"gold":129,"neow_bonus":"TRANSFORM_TWO_CARDS","is_prod":false,"is_daily":false,"chose_seed":false,"campfire_upgraded":2,"win_rate":0,"timestamp":1531506183,"path_taken":["M","M","M","?","?","?","$","R","T","E","M","R","?","$","R","BOSS","M","$","M","M","?","R","E"],"build_version":"2018-07-12","purchased_purges":3,"victory":false,"max_hp_per_floor":[72,72,72,67,67,67,67,67,67,67,67,67,67,67,67,67,67,67,67,67,67,67,67,67],"card_choices":[{"not_picked":["Second Wind","Iron Wave"],"picked":"Havoc","floor":1},{"not_picked":["Clothesline","Sword Boomerang"],"picked":"Warcry","floor":2},{"not_picked":["Clash","Armaments","Pommel Strike"],"picked":"SKIP","floor":3},{"not_picked":["Blood for Blood","Wild Strike","Clash"],"picked":"SKIP","floor":5},{"not_picked":["Uppercut","Juggernaut"],"picked":"Pommel Strike","floor":10},{"not_picked":["Spot Weakness","Reckless Charge","Flame Barrier"],"picked":"SKIP","floor":11},{"not_picked":["Reaper","Berserk"],"picked":"Offering","floor":16},{"not_picked":[],"picked":"Havoc+1","floor":18},{"not_picked":["Twin Strike"],"picked":"SKIP","floor":20},{"not_picked":["Thunderclap"],"picked":"SKIP","floor":21},{"not_picked":["Cleave"],"picked":"SKIP","floor":22}],"player_experience":477484,"relics_obtained":[{"floor":9,"key":"Bottled Flame"},{"floor":10,"key":"Unceasing Top"}],"event_choices":[{"event_name":"Golden Idol","player_choice":"Lose Max HP","floor":4,"damage_taken":0},{"event_name":"Liars Game","player_choice":"agreed","floor":6,"damage_taken":0},{"event_name":"Dead Adventurer","player_choice":"Searched \u00272\u0027 times","floor":13,"damage_taken":0}],"boss_relics":[{"not_picked":["Calling Bell","Runic Pyramid"],"picked":"Busted Crown"}],"items_purged_floors":[7,14,19],"is_endless":false,"potions_floor_spawned":[1,5,11,20,21],"killed_by":"Gremlin Leader","ascension_level":6}