{"gold_per_floor":[16,16,16,16,27,27,41,2,2,2,27,37,51,67,67,67],"floor_reached":16,"playtime":357,"items_purged":[],"score":148,"play_id":"ad52a09b-eae6-496d-9e26-028e669425dd","local_time":"20190304031618","is_ascension_mode":true,"campfire_choices":[{"data":"Rainbow","floor":6,"key":"SMITH"},{"data":"Creative AI","floor":10,"key":"SMITH"},{"floor":15,"key":"REST"}],"neow_cost":"NO_GOLD","seed_source_timestamp":1518211254212005,"circlet_count":0,"master_deck":["Strike_B","Strike_B","Strike_B","Strike_B","Defend_B","Defend_B","Defend_B","Defend_B","Zap","Dualcast","Rainbow+1","White Noise+1","Static Discharge","Creative AI+1","Heatsinks","Echo Form"],"relics":["Cracked Core","Ancient Tea Set","Ornamental Fan"],"potions_floor_usage":[13,13,14],"damage_taken":[{"damage":0,"enemies":"Small Slimes","floor":1,"turns":3},{"damage":0,"enemies":"Cultist","floor":5,"turns":3},{"damage":10,"enemies":"2 Louse","floor":7,"turns":3},{"damage":26,"enemies":"Gremlin Nob","floor":11,"turns":4},{"damage":26,"enemies":"Exordium Thugs","floor":12,"turns":4},{"damage":5,"enemies":"3 Louse","floor":13,"turns":3},{"damage":0,"enemies":"Large Slime","floor":14,"turns":5},{"damage":25,"enemies":"Slime Boss","floor":16,"turns":3}],"seed_played":"-4003712272795734829","potions_obtained":[{"floor":11,"key":"GamblersBrew"},{"floor":12,"key":"Poison Potion"},{"floor":13,"key":"SpeedPotion"}],"is_trial":false,"path_per_floor":["M","?","$","$","M","R","M","$","T","R","E","M","M","M","R","B"],"character_chosen":"DEFECT","items_purchased":["Heatsinks"],"campfire_rested":1,"item_purchase_floors":[8],"current_hp_per_floor":[68,68,68,68,68,68,58,58,58,58,32,6,1,1,23,0],"gold":67,"neow_bonus":"THREE_RARE_CARDS","is_prod":false,"is_daily":false,"chose_seed":false,"campfire_upgraded":2,"win_rate":0,"timestamp":1551680178,"path_taken":["M","?","?","$","M","R","M","$","T","R","E","M","M","M","R","BOSS"],"build_version":"2019-01-23","purchased_purges":0,"victory":false,"max_hp_per_floor":[75,75,75,75,75,75,75,75,75,75,75,75,75,75,75,75],"card_choices":[{"not_picked":["Thunder Strike","Multi-Cast"],"picked":"Rainbow","floor":0},{"not_picked":["Steam","Cold Snap"],"picked":"White Noise","floor":1},{"not_picked":["Barrage","Ball Lightning"],"picked":"Static Discharge","floor":5},{"not_picked":["Hologram","Sunder"],"picked":"Creative AI","floor":7},{"not_picked":["Steam","FTL"],"picked":"Echo Form","floor":11},{"not_picked":["Skim","Compile Driver","Fusion"],"picked":"SKIP","floor":12},{"not_picked":["Blizzard","Leap","Streamline"],"picked":"SKIP","floor":13},{"not_picked":["Sweeping Beam","Stack","Turbo"],"picked":"SKIP","floor":14}],"player_experience":890780,"relics_obtained":[{"floor":9,"key":"Ancient Tea Set"},{"floor":11,"key":"Ornamental Fan"}],"event_choices":[{"damage_healed":0,"gold_gain":0,"player_choice":"Upgraded","damage_taken":0,"max_hp_gain":0,"max_hp_loss":0,"event_name":"Upgrade Shrine","floor":2,"gold_loss":0,"cards_upgraded":["White Noise"]}],"is_beta":false,"boss_relics":[],"items_purged_floors":[],"is_endless":false,"potions_floor_spawned":[11,12,13],"killed_by":"Slime Boss","ascension_level":9}