{"gold_per_floor":[367,383,383,401,416,416,366,196,196,196,214,261,261,80,80,182,182,200,200,212,212,87,87,103,103,126,171,183,195,57,73,73,174,174,186,196,196,216,216,216,232,232,284,310,42,42,53,73,73,73],"floor_reached":51,"playtime":2320,"items_purged":["Strike_B","Defend_B","Strike_B","Strike_B","Defend_B"],"score":760,"play_id":"cae5815a-1725-477e-949c-0277a655d1a5","local_time":"20190507091806","is_ascension_mode":false,"campfire_choices":[{"data":"Zap","floor":6.0,"key":"SMITH"},{"data":"Defragment","floor":10.0,"key":"SMITH"},{"data":"Discovery","floor":13.0,"key":"SMITH"},{"data":"Defragment","floor":15.0,"key":"SMITH"},{"data":"Dualcast","floor":23,"key":"SMITH"},{"data":"Coolheaded","floor":25,"key":"SMITH"},{"data":"Capacitor","floor":28,"key":"SMITH"},{"data":"Coolheaded","floor":32,"key":"SMITH"},{"data":"Coolheaded","floor":40,"key":"SMITH"},{"data":"Fusion","floor":46,"key":"SMITH"},{"floor":49,"key":"REST"}],"neow_cost":"PERCENT_DAMAGE","seed_source_timestamp":5670469254605,"circlet_count":0,"master_deck":["Zap+1","Dualcast+1","Cold Snap+1","Defragment+1","Coolheaded+1","Coolheaded+1","Discovery+1","Coolheaded+1","Ball Lightning+1","Defragment+1","Core Surge+1","Barrage+1","Rebound+1","Capacitor+1","Meteor Strike+1","Defragment+1","Blizzard+1","Fusion+1","Good Instincts","Blizzard+1"],"special_seed":0,"relics":["Cracked Core","Molten Egg 2","Orichalcum","Sozu","MawBank","Potion Belt","Black Star","Pen Nib","Cables","Whetstone"],"potions_floor_usage":[],"damage_taken":[{"damage":0.0,"enemies":"Cultist","floor":1.0,"turns":3.0},{"damage":0.0,"enemies":"2 Louse","floor":2.0,"turns":3.0},{"damage":1.0,"enemies":"Jaw Worm","floor":4.0,"turns":4.0},{"damage":0.0,"enemies":"3 Louse","floor":5.0,"turns":3.0},{"damage":0.0,"enemies":"Gremlin Gang","floor":11.0,"turns":5.0},{"damage":0,"enemies":"The Guardian","floor":16,"turns":8},{"damage":0,"enemies":"3 Byrds","floor":18,"turns":4},{"damage":0,"enemies":"Spheric Guardian","floor":20,"turns":2},{"damage":0,"enemies":"Centurion and Healer","floor":24,"turns":4},{"damage":5,"enemies":"Book of Stabbing","floor":27,"turns":4},{"damage":0,"enemies":"Cultist and Chosen","floor":31,"turns":3},{"damage":2,"enemies":"Collector","floor":33,"turns":7},{"damage":0,"enemies":"3 Shapes","floor":35,"turns":4},{"damage":7,"enemies":"Orb Walker","floor":36,"turns":3},{"damage":18,"enemies":"Jaw Worm Horde","floor":38,"turns":5},{"damage":3,"enemies":"Writhing Mass","floor":41,"turns":5},{"damage":13,"enemies":"Reptomancer","floor":44,"turns":6},{"damage":0,"enemies":"Spire Growth","floor":47,"turns":5},{"damage":22,"enemies":"3 Darklings","floor":48,"turns":4},{"damage":14,"enemies":"Donu and Deca","floor":50,"turns":7}],"seed_played":"-8258735568095726142","potions_obtained":[{"floor":2.0,"key":"Explosive Potion"},{"floor":5.0,"key":"AttackPotion"}],"is_trial":false,"path_per_floor":["M","M","?","M","M","R","?","$","T","R","M","T","R","$","R","B",null,"M","?","M","?","$","R","M","R","T","E","R","?","$","M","R","B",null,"M","M","?","M","?","R","M","?","T","E","$","R","M","M","R","B",null],"character_chosen":"DEFECT","items_purchased":["Discovery","Ball Lightning+1","Defragment","Good Instincts"],"campfire_rested":1,"item_purchase_floors":[8,14,14,45],"current_hp_per_floor":[54,54,54,53,53,53,53,53,53,53,53,53,53,53,53,53,75,75,75,75,75,75,75,75,75,75,70,70,70,70,70,70,68,75,75,68,68,50,50,50,47,47,47,34,34,34,34,12,34,20],"gold":73,"neow_bonus":"TWO_FIFTY_GOLD","is_prod":false,"is_daily":false,"chose_seed":false,"campfire_upgraded":10,"win_rate":0,"timestamp":1557242286,"path_taken":["M","M","?","?","?","R","?","$","T","R","M","?","R","$","R","BOSS","M","?","?","?","$","R","M","R","T","E","R","?","$","?","R","BOSS","M","M","?","M","?","R","?","?","T","E","$","R","?","M","R","BOSS"],"build_version":"2019-01-23","purchased_purges":5,"victory":true,"max_hp_per_floor":[75,75,75,75,75,75,75,75,75,75,75,75,75,75,75,75,75,75,75,75,75,75,75,75,75,75,75,75,75,75,75,75,75,75,75,75,75,75,75,75,75,75,75,75,75,75,75,75,75,75],"card_choices":[{"not_picked":["Compile Driver","Beam Cell"],"picked":"Cold Snap","floor":1.0},{"not_picked":["Conserve Battery","Go for the Eyes"],"picked":"Defragment","floor":2.0},{"not_picked":["Gash","Streamline"],"picked":"Coolheaded","floor":4.0},{"not_picked":["Steam","Turbo","Barrage"],"picked":"SKIP","floor":5.0},{"not_picked":["Hologram","Compile Driver+1"],"picked":"Coolheaded","floor":11.0},{"not_picked":["Hyperbeam+1","Machine Learning"],"picked":"Core Surge+1","floor":16},{"not_picked":["Beam Cell+1","Auto Shields+1"],"picked":"Barrage+1","floor":18},{"not_picked":["Redo+1","Skim"],"picked":"Rebound+1","floor":20},{"not_picked":["Gash+1","Rebound+1","Loop"],"picked":"SKIP","floor":24},{"not_picked":["Gash+1","Loop"],"picked":"Rebound+1","floor":24},{"not_picked":["Loop","Amplify"],"picked":"Capacitor","floor":27},{"not_picked":["Gash+1","Undo+1","Doom and Gloom+1"],"picked":"SKIP","floor":31},{"not_picked":["Amplify","Fission"],"picked":"Meteor Strike+1","floor":33},{"not_picked":["Redo","Rebound+1","Barrage+1"],"picked":"SKIP","floor":35},{"not_picked":["Cold Snap+1","Glacier","Sunder+1"],"picked":"SKIP","floor":36},{"not_picked":["Beam Cell+1","Storm+1","Static Discharge"],"picked":"SKIP","floor":38},{"not_picked":["Streamline+1","Conserve Battery+1"],"picked":"Blizzard+1","floor":41},{"not_picked":["Steam+1","BootSequence+1"],"picked":"Fusion","floor":44},{"not_picked":["Beam Cell+1","Compile Driver+1"],"picked":"Blizzard+1","floor":47},{"not_picked":["Go for the Eyes+1","Rip and Tear+1","Steam Power"],"picked":"SKIP","floor":48}],"player_experience":1373807,"relics_obtained":[{"floor":9.0,"key":"Molten Egg 2"},{"floor":12.0,"key":"Orichalcum"},{"floor":26,"key":"MawBank"},{"floor":27,"key":"Potion Belt"},{"floor":43,"key":"Pen Nib"},{"floor":44,"key":"Cables"},{"floor":44,"key":"Whetstone"}],"event_choices":[{"damage_healed":0.0,"max_hp_gain":0.0,"max_hp_loss":0.0,"gold_gain":0.0,"cards_transformed":["Strike_B"],"event_name":"Transmorgrifier","player_choice":"Transformed","floor":3.0,"gold_loss":0.0,"damage_taken":0.0,"cards_obtained":["Coolheaded"]},{"cards_removed":["Defend_B"],"damage_healed":0.0,"max_hp_gain":0.0,"max_hp_loss":0.0,"gold_gain":0.0,"event_name":"The Cleric","player_choice":"Card Removal","floor":7.0,"gold_loss":50.0,"damage_taken":0.0},{"damage_healed":0,"gold_gain":0,"player_choice":"Ignored","damage_taken":0,"max_hp_gain":0,"max_hp_loss":0,"event_name":"NoteForYourself","floor":19,"gold_loss":0},{"damage_healed":0,"gold_gain":0,"player_choice":"Ignored","damage_taken":0,"max_hp_gain":0,"max_hp_loss":0,"event_name":"Ghosts","floor":21,"gold_loss":0},{"cards_removed":["Defend_B"],"damage_healed":0,"gold_gain":0,"player_choice":"Offered Basic","damage_taken":0,"max_hp_gain":0,"max_hp_loss":0,"event_name":"Bonfire Elementals","floor":29,"gold_loss":0},{"cards_removed":["Rebound"],"damage_healed":0,"gold_gain":0,"player_choice":"Removed Attack","damage_taken":0,"max_hp_gain":0,"max_hp_loss":0,"event_name":"Falling","floor":37,"gold_loss":0},{"damage_healed":0,"gold_gain":0,"player_choice":"Copied","damage_taken":0,"max_hp_gain":0,"max_hp_loss":0,"event_name":"Duplicator","floor":39,"gold_loss":0,"cards_obtained":["Defragment"]},{"damage_healed":0,"gold_gain":0,"player_choice":"Upgraded","damage_taken":0,"max_hp_gain":0,"max_hp_loss":0,"event_name":"Upgrade Shrine","floor":42,"gold_loss":0,"cards_upgraded":["Cold Snap"]}],"is_beta":false,"boss_relics":[{"not_picked":["Coffee Dripper","Empty Cage"],"picked":"Sozu"},{"not_picked":["Snecko Eye","Orrery"],"picked":"Black Star"}],"items_purged_floors":[8,14,22,30,45],"is_endless":false,"potions_floor_spawned":[2,5,20,27,36,44,47,48],"ascension_level":0}