{"gold_per_floor":[119,137,137,157,157,184,194,194,194,228,240,315,315,346,346,443,443,368,368,368,13,13,13,13,13,13,13,13,13,13,13,13,13,13,13,13,13,13,13,13,13,13,13,13,13,13,13,13,13,13,13,13,13,13,13],"floor_reached":55,"playtime":4076,"items_purged":[],"score":1010,"play_id":"b8f88f54-3efc-426f-b615-fea6c7165375","local_time":"20190421180543","is_ascension_mode":true,"campfire_choices":[{"data":"Armaments","floor":8,"key":"SMITH"},{"data":"Disarm","floor":13,"key":"SMITH"},{"data":"Spot Weakness","floor":15,"key":"SMITH"},{"data":"Metallicize","floor":24,"key":"SMITH"},{"data":"Bash","floor":32,"key":"SMITH"},{"floor":41,"key":"RECALL"},{"data":"Demon Form","floor":49,"key":"SMITH"},{"data":"Feel No Pain","floor":52,"key":"SMITH"}],"neow_cost":"NONE","seed_source_timestamp":3536439533718806,"circlet_count":0,"master_deck":["Defend_R","Defend_R","Defend_R","Bash+1","Battle Trance","Armaments+1","Spot Weakness+1","Twin Strike","Clothesline","Disarm+1","Shrug It Off","Reaper+1","Battle Trance","Bite+1","Bite+1","Bite+1","Bite+1","Bite+1","Cleave+1","Metallicize+1","Headbutt+1","Heavy Blade+1","Anger+1","Whirlwind+1","Flex+1","Power Through+1","Havoc+1","Double Tap+1","Demon Form+1","Burning Pact+1","Sword Boomerang+1","True Grit+1","Exhume+1","True Grit+1","Feel No Pain+1","Warcry+1","Intimidate+1","Corruption+1"],"relics":["Burning Blood","Singing Bowl","Molten Egg 2","Pear","Blue Candle","Ectoplasm","Toxic Egg 2","Ornamental Fan","Regal Pillow","Red Mask","Bronze Scales","Philosopher\u0027s Stone","Unceasing Top","Gremlin Horn","Shuriken","Bag of Preparation","Meat on the Bone","Orichalcum"],"potions_floor_usage":[6,16,22,27,28,33,33,40,55,55,55],"damage_taken":[{"damage":6,"enemies":"Jaw Worm","floor":1,"turns":3},{"damage":2,"enemies":"2 Louse","floor":2,"turns":4},{"damage":0,"enemies":"Small Slimes","floor":4,"turns":2},{"damage":6,"enemies":"Gremlin Nob","floor":6,"turns":3},{"damage":5,"enemies":"Looter","floor":7,"turns":4},{"damage":18,"enemies":"3 Sentries","floor":10,"turns":7},{"damage":8,"enemies":"Lots of Slimes","floor":11,"turns":3},{"damage":21,"enemies":"Gremlin Nob","floor":14,"turns":4},{"damage":0,"enemies":"Hexaghost","floor":16,"turns":11},{"damage":22,"enemies":"2 Thieves","floor":18,"turns":4},{"damage":5,"enemies":"3 Byrds","floor":20,"turns":7},{"damage":27,"enemies":"3 Cultists","floor":22,"turns":6},{"damage":17,"enemies":"Book of Stabbing","floor":23,"turns":8},{"damage":4,"enemies":"Snake Plant","floor":25,"turns":4},{"damage":13,"enemies":"Slavers","floor":27,"turns":7},{"damage":0,"enemies":"Masked Bandits","floor":28,"turns":2},{"damage":10,"enemies":"Gremlin Leader","floor":29,"turns":7},{"damage":0,"enemies":"Shelled Parasite and Fungi","floor":30,"turns":5},{"damage":5,"enemies":"Snecko","floor":31,"turns":6},{"damage":0,"enemies":"Automaton","floor":33,"turns":10},{"damage":0,"enemies":"Orb Walker","floor":35,"turns":3},{"damage":22,"enemies":"3 Darklings","floor":37,"turns":4},{"damage":15,"enemies":"Mind Bloom Boss Battle","floor":38,"turns":6},{"damage":13,"enemies":"Jaw Worm Horde","floor":39,"turns":3},{"damage":36,"enemies":"Reptomancer","floor":40,"turns":6},{"damage":47,"enemies":"Nemesis","floor":42,"turns":5},{"damage":0,"enemies":"Transient","floor":45,"turns":5},{"damage":21,"enemies":"Reptomancer","floor":46,"turns":6},{"damage":17,"enemies":"Spire Growth","floor":47,"turns":6},{"damage":0,"enemies":"Jaw Worm Horde","floor":48,"turns":3},{"damage":22,"enemies":"Donu and Deca","floor":50,"turns":6},{"damage":74,"enemies":"Shield and Spear","floor":54,"turns":8},{"damage":165,"enemies":"The Heart","floor":55,"turns":11}],"seed_played":"-3407765597288766709","potions_obtained":[{"floor":1,"key":"SpeedPotion"},{"floor":2,"key":"AttackPotion"},{"floor":10,"key":"Weak Potion"},{"floor":16,"key":"Ancient Potion"},{"floor":20,"key":"Explosive Potion"},{"floor":23,"key":"PowerPotion"},{"floor":25,"key":"Block Potion"},{"floor":27,"key":"AttackPotion"},{"floor":30,"key":"SpeedPotion"},{"floor":38,"key":"BloodPotion"},{"floor":39,"key":"Block Potion"},{"floor":40,"key":"Regen Potion"},{"floor":48,"key":"Regen Potion"}],"is_trial":false,"path_per_floor":["M","M","?","M","?","E","M","R","T","E","M","?","R","E","R","B",null,"M","?","M","$","M","E","R","M","T","E","?","E","M","M","R","B",null,"M","?","M","?","M","E","R","E","T","?","M","E","M","M","R","B",null,"R","$","E","B"],"character_chosen":"IRONCLAD","items_purchased":["Toxic Egg 2","Metallicize","Headbutt+1"],"campfire_rested":0,"item_purchase_floors":[21,21,21],"current_hp_per_floor":[88,88,70,76,81,81,82,82,82,82,80,69,69,54,54,60,105,105,73,73,73,73,68,68,75,75,75,75,75,75,75,75,75,75,75,75,77,77,76,79,79,53,53,53,79,79,74,79,79,79,79,79,79,26,0],"gold":13,"neow_bonus":"TEN_PERCENT_HP_BONUS","is_prod":false,"is_daily":false,"chose_seed":false,"campfire_upgraded":7,"win_rate":0,"timestamp":1555884343,"path_taken":["M","M","?","M","?","E","M","R","T","E","M","?","R","E","R","BOSS","M","?","M","$","M","E","R","M","T","E","?","E","M","M","R","BOSS","M","?","?","?","M","E","R","E","T","?","M","E","?","M","R","BOSS","R","$","E","BOSS"],"build_version":"2019-04-20","purchased_purges":0,"victory":false,"max_hp_per_floor":[88,88,88,88,93,93,93,93,93,105,105,105,105,105,105,105,105,105,73,73,73,73,73,73,75,75,75,75,75,75,75,75,75,75,75,75,77,77,77,79,79,79,79,79,79,79,79,79,79,79,79,79,79,79,79],"card_choices":[{"not_picked":["Anger","Searing Blow"],"picked":"Battle Trance","floor":1},{"not_picked":["Blood for Blood","Iron Wave"],"picked":"Armaments","floor":2},{"not_picked":["Havoc","True Grit"],"picked":"Spot Weakness","floor":4},{"not_picked":["Flex","Entrench"],"picked":"Twin Strike","floor":6},{"not_picked":["Perfected Strike","Rupture"],"picked":"Clothesline","floor":7},{"not_picked":["Exhume","Wild Strike+1","Havoc"],"picked":"Singing Bowl","floor":10},{"not_picked":["Twin Strike+1","Headbutt+1"],"picked":"Disarm","floor":11},{"not_picked":["Armaments","Headbutt+1"],"picked":"Shrug It Off","floor":14},{"not_picked":["Offering","Double Tap"],"picked":"Reaper+1","floor":16},{"not_picked":["Evolve","Iron Wave+1"],"picked":"Battle Trance","floor":18},{"not_picked":["Headbutt+1","Dual Wield+1"],"picked":"Cleave+1","floor":20},{"not_picked":["Dual Wield+1","True Grit+1"],"picked":"Heavy Blade+1","floor":22},{"not_picked":["Shrug It Off+1","Flex+1"],"picked":"Anger+1","floor":23},{"not_picked":["Havoc+1","Dropkick+1","Anger+1"],"picked":"Singing Bowl","floor":25},{"not_picked":["Headbutt+1","Infernal Blade+1"],"picked":"Whirlwind+1","floor":27},{"not_picked":["Body Slam+1","Wild Strike+1"],"picked":"Flex+1","floor":28},{"not_picked":["Second Wind+1","Wild Strike+1"],"picked":"Power Through+1","floor":29},{"not_picked":["Body Slam+1","Disarm+1"],"picked":"Havoc+1","floor":30},{"not_picked":["Twin Strike+1","Flex+1"],"picked":"Double Tap+1","floor":31},{"not_picked":["Limit Break+1","Offering+1"],"picked":"Demon Form","floor":33},{"not_picked":["Clash+1","Armaments+1"],"picked":"Burning Pact+1","floor":35},{"not_picked":["Twin Strike+1","Havoc+1","Armaments+1"],"picked":"Singing Bowl","floor":37},{"not_picked":["Havoc+1","Shrug It Off+1"],"picked":"Sword Boomerang+1","floor":38},{"not_picked":["Spot Weakness+1","Blood for Blood+1"],"picked":"True Grit+1","floor":39},{"not_picked":["Perfected Strike+1","Heavy Blade+1","Second Wind+1"],"picked":"Singing Bowl","floor":40},{"not_picked":["Berserk","Infernal Blade+1"],"picked":"Exhume+1","floor":42},{"not_picked":["Clothesline+1","Cleave+1"],"picked":"True Grit+1","floor":45},{"not_picked":["Havoc+1","Combust"],"picked":"Feel No Pain","floor":46},{"not_picked":["Fire Breathing","Battle Trance+1"],"picked":"Warcry+1","floor":47},{"not_picked":["Twin Strike+1","Sword Boomerang+1"],"picked":"Intimidate+1","floor":48},{"not_picked":["Thunderclap+1","Double Tap+1"],"picked":"Corruption+1","floor":54}],"player_experience":5431678,"relics_obtained":[{"floor":6,"key":"Singing Bowl"},{"floor":9,"key":"Molten Egg 2"},{"floor":10,"key":"Pear"},{"floor":14,"key":"Blue Candle"},{"floor":23,"key":"Ornamental Fan"},{"floor":27,"key":"Regal Pillow"},{"floor":28,"key":"Red Mask"},{"floor":29,"key":"Bronze Scales"},{"floor":38,"key":"Unceasing Top"},{"floor":40,"key":"Gremlin Horn"},{"floor":42,"key":"Shuriken"},{"floor":43,"key":"Bag of Preparation"},{"floor":46,"key":"Meat on the Bone"},{"floor":54,"key":"Orichalcum"}],"event_choices":[{"damage_healed":0,"gold_gain":0,"player_choice":"Entered Light","damage_taken":18,"max_hp_gain":0,"max_hp_loss":0,"event_name":"Shining Light","floor":3,"gold_loss":0,"cards_upgraded":["Strike_R","Strike_R"]},{"damage_healed":0,"gold_gain":0,"player_choice":"Donut","damage_taken":0,"max_hp_gain":5,"max_hp_loss":0,"event_name":"Big Fish","floor":5,"gold_loss":0},{"damage_healed":0,"gold_gain":75,"player_choice":"Gather Gold","damage_taken":11,"max_hp_gain":0,"max_hp_loss":0,"event_name":"World of Goop","floor":12,"gold_loss":0},{"damage_healed":0,"gold_gain":0,"player_choice":"Became a vampire","damage_taken":0,"max_hp_gain":0,"max_hp_loss":32,"event_name":"Vampires","floor":19,"gold_loss":0,"cards_obtained":["Bite","Bite","Bite","Bite","Bite"]},{"damage_healed":0,"gold_gain":0,"player_choice":"Fought Bandits","damage_taken":0,"max_hp_gain":0,"max_hp_loss":0,"event_name":"Masked Bandits","floor":28,"gold_loss":0},{"damage_healed":0,"gold_gain":0,"player_choice":"Ignored","damage_taken":0,"max_hp_gain":0,"max_hp_loss":0,"event_name":"SecretPortal","floor":36,"gold_loss":0},{"damage_healed":0,"gold_gain":0,"player_choice":"Fight","damage_taken":0,"max_hp_gain":0,"max_hp_loss":0,"event_name":"MindBloom","floor":38,"gold_loss":0},{"cards_removed":["Defend_R"],"damage_healed":0,"gold_gain":0,"player_choice":"Purged","damage_taken":0,"max_hp_gain":0,"max_hp_loss":0,"event_name":"Purifier","floor":44,"gold_loss":0}],"is_beta":true,"boss_relics":[{"not_picked":["Eternal Feather","Orrery"],"picked":"Ectoplasm"},{"not_picked":["Lizard Tail","Empty Cage"],"picked":"Philosopher\u0027s Stone"}],"items_purged_floors":[],"is_endless":false,"potions_floor_spawned":[1,2,10,16,20,23,25,27,30,31,38,39,40,48],"killed_by":"The Heart","ascension_level":1}