{"gold_per_floor":[219,231,306,317,331,331,342,342,342,377,327,252,284,284,284,388,388,401,432,432,445,544,544,572,598,621,621,637,637,279,292,292,389,439,454,473,199,214,228,255,268,268,268,268,268,297,307,47,47,47],"floor_reached":51,"playtime":1678,"items_purged":["Strike_R","Strike_R","Strike_R"],"score":810,"play_id":"56fe5f2a-5db3-4af5-999f-b1fe4a80df6a","local_time":"20190510132838","is_ascension_mode":false,"campfire_choices":[{"data":"Flex","floor":6.0,"key":"SMITH"},{"data":"Bash","floor":8.0,"key":"SMITH"},{"data":"Metallicize","floor":15.0,"key":"SMITH"},{"data":"Double Tap","floor":23.0,"key":"SMITH"},{"data":"Sword Boomerang","floor":27.0,"key":"SMITH"},{"data":"Rage","floor":32.0,"key":"SMITH"},{"data":"Limit Break","floor":49.0,"key":"SMITH"}],"neow_cost":"NONE","seed_source_timestamp":2670839480588,"circlet_count":0,"master_deck":["Strike_R","Strike_R","Defend_R","Defend_R","Defend_R+1","Bash+1","Flex+1","Metallicize+1","Sword Boomerang","Sword Boomerang+1","Headbutt+1","Double Tap+1","Clash","Inflame+1","Clash+1","Sword Boomerang+1","Inflame+1","Rage+1","Limit Break+1","Headbutt","Battle Trance","Offering","Writhe"],"special_seed":0,"relics":["Burning Blood","Bottled Flame","Frozen Egg 2","Question Card","Boot","Busted Crown","Red Mask","Bronze Scales","Regal Pillow","Happy Flower","Lantern","Oddly Smooth Stone","Tiny House","Bag of Marbles","Bag of Preparation","Whetstone","Darkstone Periapt","Bottled Lightning"],"potions_floor_usage":[50,50,50],"damage_taken":[{"damage":8.0,"enemies":"Small Slimes","floor":1.0,"turns":4.0},{"damage":1.0,"enemies":"Cultist","floor":2.0,"turns":3.0},{"damage":0.0,"enemies":"Jaw Worm","floor":4.0,"turns":3.0},{"damage":7.0,"enemies":"Exordium Wildlife","floor":5.0,"turns":4.0},{"damage":7.0,"enemies":"3 Louse","floor":7.0,"turns":4.0},{"damage":14.0,"enemies":"Gremlin Nob","floor":10.0,"turns":3.0},{"damage":34.0,"enemies":"3 Sentries","floor":13.0,"turns":11.0},{"damage":29.0,"enemies":"The Guardian","floor":16.0,"turns":9.0},{"damage":5.0,"enemies":"Shell Parasite","floor":18.0,"turns":3.0},{"damage":11.0,"enemies":"Masked Bandits","floor":19.0,"turns":3.0},{"damage":1.0,"enemies":"Spheric Guardian","floor":21.0,"turns":3.0},{"damage":0.0,"enemies":"Gremlin Leader","floor":24.0,"turns":5.0},{"damage":1.0,"enemies":"Cultist and Chosen","floor":28.0,"turns":3.0},{"damage":3.0,"enemies":"Centurion and Healer","floor":31.0,"turns":3.0},{"damage":43.0,"enemies":"Automaton","floor":33.0,"turns":7.0},{"damage":32.0,"enemies":"3 Shapes","floor":35.0,"turns":3.0},{"damage":29.0,"enemies":"3 Darklings","floor":36.0,"turns":4.0},{"damage":0.0,"enemies":"Sphere and 2 Shapes","floor":38.0,"turns":3.0},{"damage":8.0,"enemies":"Jaw Worm Horde","floor":39.0,"turns":4.0},{"damage":9.0,"enemies":"Reptomancer","floor":40.0,"turns":4.0},{"damage":21.0,"enemies":"Maw","floor":41.0,"turns":4.0},{"damage":9.0,"enemies":"Nemesis","floor":46.0,"turns":2.0},{"damage":6.0,"enemies":"4 Shapes","floor":47.0,"turns":2.0},{"damage":53,"enemies":"Awakened One","floor":50,"turns":4}],"seed_played":"-7316460628081021111","potions_obtained":[{"floor":1.0,"key":"Ancient Potion"},{"floor":7.0,"key":"Dexterity Potion"},{"floor":13.0,"key":"Strength Potion"},{"floor":16.0,"key":"BloodPotion"},{"floor":21.0,"key":"Fire Potion"},{"floor":28.0,"key":"Energy Potion"},{"floor":34.0,"key":"SteroidPotion"},{"floor":41.0,"key":"AttackPotion"},{"floor":45.0,"key":"Fruit Juice"},{"floor":45.0,"key":"Regen Potion"}],"is_trial":false,"path_per_floor":["M","M","?","M","M","R","M","R","T","E","?","$","E","T","R","B",null,"M","?","?","M","?","R","E","T","T","R","M","?","$","M","R","B",null,"M","M","$","M","M","E","M","?","T","?","?","E","M","$","R","B",null],"character_chosen":"IRONCLAD","items_purchased":["Inflame+1","Rage","Oddly Smooth Stone","Bag of Marbles","Bottled Lightning"],"campfire_rested":0,"item_purchase_floors":[30,30,30,37,48],"current_hp_per_floor":[78,80,72,78,77,77,76,76,76,68,68,68,40,40,40,17,80,80,75,75,80,80,80,80,80,80,80,80,80,80,80,80,43,85,67,44,44,50,48,45,30,51,51,51,56,53,53,53,53,18],"gold":47,"neow_bonus":"HUNDRED_GOLD","is_prod":false,"is_daily":false,"chose_seed":false,"campfire_upgraded":7,"win_rate":0,"timestamp":1557516518,"path_taken":["M","M","?","?","M","R","M","R","T","E","?","$","E","?","R","BOSS","M","?","?","?","?","R","E","?","T","R","?","?","$","M","R","BOSS","M","M","$","M","?","E","M","?","T","?","?","E","?","$","R","BOSS"],"build_version":"2019-01-23","purchased_purges":3,"victory":true,"max_hp_per_floor":[80,80,80,80,80,80,80,80,80,80,80,80,80,80,80,80,80,80,80,80,80,80,80,80,80,80,80,80,80,80,80,80,80,85,85,85,85,85,85,85,85,85,85,85,90,90,90,90,90,90],"card_choices":[{"not_picked":["Intimidate","Anger"],"picked":"Flex","floor":1.0},{"not_picked":["Dropkick","Warcry"],"picked":"Metallicize","floor":2.0},{"not_picked":["Feel No Pain","Armaments"],"picked":"Sword Boomerang","floor":4.0},{"not_picked":["Anger","Body Slam","Corruption"],"picked":"SKIP","floor":5.0},{"not_picked":["Rupture","Thunderclap"],"picked":"Sword Boomerang","floor":7.0},{"not_picked":["Bloodletting","Wild Strike"],"picked":"Headbutt","floor":10.0},{"not_picked":["Impervious","Iron Wave","Perfected Strike"],"picked":"SKIP","floor":13.0},{"not_picked":["Impervious","Fiend Fire","Bludgeon"],"picked":"Double Tap","floor":16.0},{"not_picked":["Intimidate"],"picked":"Clash","floor":18.0},{"not_picked":["Rage+1"],"picked":"Inflame+1","floor":19.0},{"not_picked":["Pommel Strike"],"picked":"Clash","floor":21.0},{"not_picked":["Iron Wave"],"picked":"Sword Boomerang+1","floor":24.0},{"not_picked":["Havoc","True Grit"],"picked":"SKIP","floor":28.0},{"not_picked":["Body Slam","Warcry"],"picked":"SKIP","floor":31.0},{"not_picked":["Juggernaut+1"],"picked":"Limit Break","floor":33.0},{"not_picked":["Wild Strike"],"picked":"Headbutt","floor":34.0},{"not_picked":["Pommel Strike","Shrug It Off"],"picked":"SKIP","floor":35.0},{"not_picked":["Perfected Strike+1"],"picked":"Battle Trance","floor":36.0},{"not_picked":["Intimidate","Bloodletting"],"picked":"SKIP","floor":38.0},{"not_picked":["Pommel Strike+1","Second Wind"],"picked":"SKIP","floor":39.0},{"not_picked":["Warcry","Shrug It Off"],"picked":"SKIP","floor":40.0},{"not_picked":["Clothesline"],"picked":"Offering","floor":41.0},{"not_picked":["Burning Pact+1","Anger+1"],"picked":"SKIP","floor":46.0},{"not_picked":["Havoc","True Grit"],"picked":"SKIP","floor":47.0},{"not_picked":["Havoc","True Grit"],"picked":"SKIP","floor":47.0}],"player_experience":1397105,"relics_obtained":[{"floor":9.0,"key":"Bottled Flame"},{"floor":10.0,"key":"Frozen Egg 2"},{"floor":13.0,"key":"Question Card"},{"floor":14.0,"key":"Boot"},{"floor":19.0,"key":"Red Mask"},{"floor":20.0,"key":"Bronze Scales"},{"floor":24.0,"key":"Regal Pillow"},{"floor":25.0,"key":"Happy Flower"},{"floor":26.0,"key":"Lantern"},{"floor":40.0,"key":"Bag of Preparation"},{"floor":43.0,"key":"Whetstone"},{"floor":46.0,"key":"Darkstone Periapt"}],"event_choices":[{"damage_healed":0.0,"max_hp_gain":0.0,"max_hp_loss":0.0,"gold_gain":75.0,"event_name":"FaceTrader","player_choice":"Touch","floor":3.0,"gold_loss":0.0,"damage_taken":8.0},{"cards_removed":["Defend_R"],"damage_healed":0.0,"max_hp_gain":0.0,"max_hp_loss":0.0,"gold_gain":0.0,"event_name":"The Cleric","player_choice":"Card Removal","floor":11.0,"gold_loss":50.0,"damage_taken":0.0},{"damage_healed":0.0,"max_hp_gain":0.0,"max_hp_loss":0.0,"gold_gain":0.0,"event_name":"Masked Bandits","player_choice":"Fought Bandits","floor":19.0,"gold_loss":0.0,"damage_taken":0.0},{"damage_healed":0.0,"max_hp_gain":0.0,"max_hp_loss":0.0,"gold_gain":0.0,"event_name":"Wheel of Change","player_choice":"Relic","floor":20.0,"gold_loss":0.0,"damage_taken":0.0},{"damage_healed":0.0,"max_hp_gain":0.0,"max_hp_loss":0.0,"gold_gain":99.0,"event_name":"Nest","player_choice":"Stole From Cult","floor":22.0,"gold_loss":0.0,"damage_taken":0.0},{"damage_healed":0.0,"max_hp_gain":0.0,"max_hp_loss":0.0,"gold_gain":0.0,"event_name":"N\u0027loth","player_choice":"Ignored","floor":29.0,"gold_loss":0.0,"damage_taken":0.0},{"damage_healed":21.0,"max_hp_gain":0.0,"max_hp_loss":0.0,"gold_gain":0.0,"event_name":"Winding Halls","player_choice":"Writhe","floor":42.0,"gold_loss":0.0,"damage_taken":0.0,"cards_obtained":["Writhe"]},{"damage_healed":0.0,"max_hp_gain":0.0,"max_hp_loss":0.0,"gold_gain":0.0,"event_name":"Mysterious Sphere","player_choice":"Ignored","floor":44.0,"gold_loss":0.0,"damage_taken":0.0},{"damage_healed":0.0,"max_hp_gain":0.0,"max_hp_loss":0.0,"gold_gain":0.0,"event_name":"Lab","player_choice":"Got Potions","floor":45.0,"gold_loss":0.0,"damage_taken":0.0}],"is_beta":false,"boss_relics":[{"not_picked":["Ectoplasm","Snecko Eye"],"picked":"Busted Crown"},{"not_picked":["Calling Bell","White Beast Statue"],"picked":"Tiny House"}],"items_purged_floors":[12,30,37],"is_endless":false,"potions_floor_spawned":[1,7,13,16,18,21,28,41,46,47],"ascension_level":0}