{"path_per_floor":["M","M","M","M","$","R","E","M","T","R","$","R","M","?","R","B",null,"M","M","M","M","M"],"character_chosen":"IRONCLAD","items_purchased":["Purity"],"gold_per_floor":[119,135,146,157,59,59,86,104,104,104,29,29,45,45,45,142,142,116,135,147,166,177,177],"floor_reached":23,"campfire_rested":1,"playtime":1844,"item_purchase_floors":[5],"current_hp_per_floor":[72,72,70,72,72,72,50,56,56,56,56,72,72,72,72,30,72,71,68,68,27,12,0],"items_purged":["Purity"],"gold":177,"score":227,"play_id":"1dce1bb1-1aa6-49f6-ac2a-6420ab929745","local_time":"20180620003213","is_prod":false,"is_daily":false,"chose_seed":false,"is_ascension_mode":true,"campfire_upgraded":3,"win_rate":0,"timestamp":1529465533,"campfire_choices":[{"data":"Bash","floor":6,"key":"SMITH"},{"data":"Havoc","floor":10,"key":"SMITH"},{"floor":12,"key":"REST"},{"data":"Havoc","floor":15,"key":"SMITH"}],"path_taken":["M","M","M","M","$","R","E","M","T","R","$","R","M","?","R","BOSS","M","M","M","M","M","E"],"build_version":"2018-06-14v2","seed_source_timestamp":525206383777736,"purchased_purges":1,"victory":false,"master_deck":["Strike_R","Strike_R","Strike_R","Strike_R","Strike_R","Defend_R","Defend_R","Defend_R","Defend_R","Bash+1","Shockwave","Armaments","Armaments","Havoc+1","Havoc+1","Dark Embrace","Battle Trance","Battle Trance","Perfected Strike+1","Warcry","Perfected Strike"],"max_hp_per_floor":[72,72,72,72,72,72,72,72,72,72,72,72,72,72,72,72,72,72,72,72,72,72,72],"relics":["Burning Blood","Sundial","Anchor","Paper Frog","Sozu"],"card_choices":[{"not_picked":["Wild Strike","Perfected Strike"],"picked":"Shockwave","floor":1},{"not_picked":["Pommel Strike","Clothesline"],"picked":"Armaments","floor":2},{"not_picked":["Havoc","Heavy Blade"],"picked":"Armaments","floor":3},{"not_picked":["Infernal Blade","Perfected Strike","Anger"],"picked":"SKIP","floor":4},{"not_picked":["Exhume","Thunderclap","Clothesline"],"picked":"SKIP","floor":7},{"not_picked":["Armaments","Uppercut"],"picked":"Havoc","floor":8},{"not_picked":["Perfected Strike","Body Slam"],"picked":"Havoc","floor":13},{"not_picked":["Brutality","Limit Break"],"picked":"Dark Embrace","floor":16},{"not_picked":["Perfected Strike+1","True Grit"],"picked":"Battle Trance","floor":18},{"not_picked":["Fire Breathing","Sword Boomerang"],"picked":"Battle Trance","floor":19},{"not_picked":["Bloodletting","Pommel Strike"],"picked":"Perfected Strike+1","floor":20},{"not_picked":["Twin Strike","Headbutt"],"picked":"Warcry","floor":21},{"not_picked":["Seeing Red","Body Slam"],"picked":"Perfected Strike","floor":22}],"player_experience":363784,"potions_floor_usage":[7,19],"damage_taken":[{"damage":0,"enemies":"2 Louse","floor":1,"turns":5},{"damage":5,"enemies":"Small Slimes","floor":2,"turns":3},{"damage":8,"enemies":"Jaw Worm","floor":3,"turns":5},{"damage":2,"enemies":"Looter","floor":4,"turns":3},{"damage":28,"enemies":"Gremlin Nob","floor":7,"turns":5},{"damage":0,"enemies":"3 Louse","floor":8,"turns":4},{"damage":6,"enemies":"2 Fungi Beasts","floor":13,"turns":5},{"damage":48,"enemies":"Hexaghost","floor":16,"turns":9},{"damage":7,"enemies":"2 Thieves","floor":18,"turns":5},{"damage":9,"enemies":"Chosen","floor":19,"turns":6},{"damage":6,"enemies":"Centurion and Healer","floor":20,"turns":5},{"damage":47,"enemies":"Sentry and Sphere","floor":21,"turns":6},{"damage":21,"enemies":"Snake Plant","floor":22,"turns":4},{"damage":17,"enemies":"Slavers","floor":23,"turns":4}],"relics_obtained":[{"floor":7,"key":"Anchor"},{"floor":9,"key":"Paper Frog"}],"event_choices":[{"event_name":"The Cleric","player_choice":"Leave","floor":14,"damage_taken":0}],"boss_relics":[{"not_picked":["Ectoplasm","Runic Dome"],"picked":"Sozu"}],"items_purged_floors":[11],"is_endless":false,"potions_floor_spawned":[3,13,16,18,19,22],"seed_played":"7520263350053008386","killed_by":"Slavers","ascension_level":3,"potions_obtained":[{"floor":3,"key":"Strength Potion"},{"floor":13,"key":"Ancient Potion"},{"floor":16,"key":"Energy Potion"}],"is_trial":false}