{"gold_per_floor":[117,135,135,152,152,182,182,217,267,267,278,278,309,319,319,414,414,427,427,439,538,551,577,597,19,19,19,29,29,61,75,75,170,170,187,287,287,297,352,379,389,389,469,500,500,528,308,328,328,328,328,328,31,64,64],"floor_reached":56,"playtime":4243,"items_purged":["Regret","Writhe"],"score":1529,"play_id":"89fa1b7e-1f6b-4403-b916-00fcb4c99bbd","local_time":"20190420084916","is_ascension_mode":true,"campfire_choices":[{"data":"Disarm","floor":7,"key":"SMITH"},{"data":"Bash","floor":10,"key":"SMITH"},{"floor":12,"key":"REST"},{"data":"Shockwave","floor":15,"key":"SMITH"},{"floor":29,"key":"REST"},{"data":"1","floor":32,"key":"LIFT"},{"floor":42,"key":"RECALL"},{"data":"2","floor":49,"key":"LIFT"},{"data":"3","floor":52,"key":"LIFT"}],"neow_cost":"TEN_PERCENT_HP_LOSS","seed_source_timestamp":3416463745275370,"circlet_count":0,"master_deck":["Strike_R","Strike_R","Strike_R","Strike_R","Defend_R","Defend_R+1","Defend_R+1","Bash+1","Disarm+1","Pommel Strike","Rupture+1","Feel No Pain+1","Impervious","Evolve+1","Shockwave+1","Headbutt","Demon Form+1","Power Through","Iron Wave+1","Reckless Charge","Second Wind","Metallicize+1","Dark Embrace+1","True Grit","Flash of Steel","Whirlwind","Battle Trance","True Grit+1","Barricade+1","Shrug It Off+1","Sword Boomerang+1","Corruption+1","Power Through","Havoc+1","Sever Soul","Havoc+1","Armaments+1","Shrug It Off+1","Discovery+1","Impervious+1"],"relics":["Burning Blood","Frozen Egg 2","Juzu Bracelet","Blood Vial","War Paint","Centennial Puzzle","Nunchaku","Fusion Hammer","Question Card","Girya","PreservedInsect","Anchor","Philosopher\u0027s Stone","Mango","Gambling Chip","Mummified Hand","Meat on the Bone","Toxic Egg 2","Red Skull","Bag of Preparation","Bag of Marbles"],"potions_floor_usage":[6,13,16,16,18,30,33,55,55,55],"damage_taken":[{"damage":5,"enemies":"2 Louse","floor":1,"turns":2},{"damage":5,"enemies":"Jaw Worm","floor":2,"turns":5},{"damage":15,"enemies":"Small Slimes","floor":4,"turns":3},{"damage":22,"enemies":"Lagavulin","floor":6,"turns":6},{"damage":28,"enemies":"Gremlin Nob","floor":8,"turns":5},{"damage":5,"enemies":"Blue Slaver","floor":11,"turns":4},{"damage":39,"enemies":"Lagavulin","floor":13,"turns":8},{"damage":12,"enemies":"3 Louse","floor":14,"turns":6},{"damage":13,"enemies":"Hexaghost","floor":16,"turns":10},{"damage":10,"enemies":"3 Byrds","floor":18,"turns":6},{"damage":8,"enemies":"Shell Parasite","floor":20,"turns":6},{"damage":23,"enemies":"Cultist and Chosen","floor":22,"turns":9},{"damage":36,"enemies":"Book of Stabbing","floor":23,"turns":6},{"damage":2,"enemies":"Snake Plant","floor":24,"turns":6},{"damage":9,"enemies":"Shelled Parasite and Fungi","floor":28,"turns":6},{"damage":4,"enemies":"Slavers","floor":30,"turns":5},{"damage":1,"enemies":"Snecko","floor":31,"turns":5},{"damage":25,"enemies":"Automaton","floor":33,"turns":10},{"damage":6,"enemies":"Orb Walker","floor":35,"turns":5},{"damage":0,"enemies":"Mind Bloom Boss Battle","floor":36,"turns":7},{"damage":3,"enemies":"3 Darklings","floor":38,"turns":7},{"damage":18,"enemies":"2 Orb Walkers","floor":39,"turns":5},{"damage":0,"enemies":"Nemesis","floor":40,"turns":5},{"damage":0,"enemies":"Jaw Worm Horde","floor":41,"turns":4},{"damage":22,"enemies":"Reptomancer","floor":44,"turns":4},{"damage":0,"enemies":"Giant Head","floor":46,"turns":6},{"damage":0,"enemies":"Maw","floor":48,"turns":6},{"damage":15,"enemies":"Donu and Deca","floor":50,"turns":8},{"damage":0,"enemies":"Shield and Spear","floor":54,"turns":3},{"damage":0,"enemies":"The Heart","floor":55,"turns":6}],"seed_played":"-7697057875155691401","potions_obtained":[{"floor":1,"key":"Regen Potion"},{"floor":4,"key":"Poison Potion"},{"floor":11,"key":"Strength Potion"},{"floor":14,"key":"GamblersBrew"},{"floor":16,"key":"AttackPotion"},{"floor":20,"key":"SteroidPotion"},{"floor":30,"key":"Dexterity Potion"},{"floor":31,"key":"GamblersBrew"},{"floor":33,"key":"FearPotion"},{"floor":35,"key":"Regen Potion"},{"floor":44,"key":"Weak Potion"}],"is_trial":false,"path_per_floor":["M","M","?","M","?","E","R","E","T","R","M","R","E","M","R","B",null,"M","?","M","?","M","E","M","$","T","?","M","R","E","M","R","B",null,"M","?","?","M","?","E","M","R","T","E","?","E","$","M","R","B",null,"R","$","E","B",null],"character_chosen":"IRONCLAD","items_purchased":["Dark Embrace+1","True Grit","PreservedInsect","Flash of Steel","Fire Potion","PowerPotion","Havoc+1","Armaments+1","Bag of Preparation","Discovery+1","Dexterity Potion"],"campfire_rested":2,"item_purchase_floors":[25,25,25,25,25,47,47,47,53,53,53],"current_hp_per_floor":[72,72,72,63,60,44,44,24,24,24,27,48,17,13,13,23,72,68,68,68,68,53,25,31,31,31,18,17,40,44,51,51,34,77,77,91,86,86,74,82,86,86,86,70,70,78,78,86,86,77,86,86,86,86,86],"gold":64,"neow_bonus":"REMOVE_TWO","is_prod":false,"is_daily":false,"chose_seed":false,"campfire_upgraded":3,"win_rate":0,"timestamp":1555764556,"path_taken":["M","M","?","M","?","E","R","E","T","R","M","R","E","M","R","BOSS","M","?","M","?","M","E","M","$","T","?","M","R","E","M","R","BOSS","M","?","?","M","?","E","M","R","T","E","?","E","$","M","R","BOSS","R","$","E","BOSS"],"build_version":"2019-04-04","purchased_purges":2,"victory":true,"max_hp_per_floor":[72,72,72,72,72,72,72,72,72,72,72,72,72,72,72,72,72,72,72,72,72,72,72,72,72,72,77,77,77,77,77,77,77,77,77,91,86,86,86,86,86,86,86,86,86,86,86,86,86,86,86,86,86,86,86],"card_choices":[{"not_picked":["Pommel Strike","Ghostly Armor"],"picked":"Disarm","floor":1},{"not_picked":["Wild Strike","Anger"],"picked":"Pommel Strike","floor":2},{"not_picked":["Clash","True Grit"],"picked":"Rupture+1","floor":4},{"not_picked":["Wild Strike","Intimidate"],"picked":"Feel No Pain+1","floor":6},{"not_picked":["Bloodletting","Rupture+1"],"picked":"Impervious","floor":8},{"not_picked":["Wild Strike","Armaments"],"picked":"Evolve+1","floor":11},{"not_picked":["Sentinel","Flex"],"picked":"Shockwave","floor":13},{"not_picked":["Disarm","Clash"],"picked":"Headbutt","floor":14},{"not_picked":["Fiend Fire","Dark Embrace+1"],"picked":"Demon Form+1","floor":16},{"not_picked":["Wild Strike","Warcry"],"picked":"Power Through","floor":18},{"not_picked":["Heavy Blade","Searing Blow","Shrug It Off"],"picked":"Iron Wave+1","floor":20},{"not_picked":["Clash","Body Slam","Perfected Strike"],"picked":"Reckless Charge","floor":22},{"not_picked":["Hemokinesis+1","Sword Boomerang","Demon Form+1"],"picked":"Second Wind","floor":23},{"not_picked":["Headbutt","Warcry","Seeing Red"],"picked":"Metallicize+1","floor":24},{"not_picked":["Sword Boomerang+1","Armaments+1","Inflame+1"],"picked":"Whirlwind","floor":28},{"not_picked":["Pommel Strike","Dark Embrace+1","Second Wind"],"picked":"Battle Trance","floor":30},{"not_picked":["Thunderclap","Second Wind+1","Headbutt"],"picked":"True Grit+1","floor":31},{"not_picked":["Limit Break","Juggernaut+1","Feed"],"picked":"Barricade+1","floor":33},{"not_picked":["Armaments","Twin Strike","Pommel Strike"],"picked":"Shrug It Off+1","floor":35},{"not_picked":["Carnage","Iron Wave+1","Rampage"],"picked":"Sword Boomerang+1","floor":36},{"not_picked":["Burning Pact","Fire Breathing+1","Warcry"],"picked":"Cleave+1","floor":38},{"not_picked":["Armaments+1","Rampage+1","Anger+1"],"picked":"Corruption+1","floor":39},{"not_picked":["Immolate","Sentinel","Second Wind+1"],"picked":"Power Through","floor":40},{"not_picked":["Perfected Strike","Anger","Carnage+1"],"picked":"Havoc+1","floor":41},{"not_picked":["Wild Strike+1","Perfected Strike","Infernal Blade","Cleave+1"],"picked":"SKIP","floor":44},{"not_picked":["Body Slam","Double Tap+1","Power Through+1"],"picked":"Sever Soul","floor":46},{"not_picked":["True Grit+1","Warcry+1","Perfected Strike"],"picked":"Shrug It Off+1","floor":48},{"not_picked":["Iron Wave","Carnage","Sword Boomerang"],"picked":"Impervious+1","floor":54}],"player_experience":5413394,"relics_obtained":[{"floor":6,"key":"Blood Vial"},{"floor":8,"key":"War Paint"},{"floor":9,"key":"Centennial Puzzle"},{"floor":13,"key":"Nunchaku"},{"floor":23,"key":"Girya"},{"floor":30,"key":"Anchor"},{"floor":36,"key":"Mango"},{"floor":39,"key":"Gambling Chip"},{"floor":40,"key":"Mummified Hand"},{"floor":43,"key":"Meat on the Bone"},{"floor":44,"key":"Toxic Egg 2"},{"floor":46,"key":"Red Skull"},{"floor":54,"key":"Bag of Marbles"}],"event_choices":[{"damage_healed":0,"gold_gain":0,"player_choice":"Box","damage_taken":0,"relics_obtained":["Frozen Egg 2"],"max_hp_gain":0,"max_hp_loss":0,"event_name":"Big Fish","floor":3,"gold_loss":0,"cards_obtained":["Regret"]},{"damage_healed":0,"gold_gain":0,"player_choice":"Success","damage_taken":3,"relics_obtained":["Juzu Bracelet"],"max_hp_gain":0,"max_hp_loss":0,"event_name":"Scrap Ooze","floor":5,"gold_loss":0},{"damage_healed":0,"gold_gain":0,"player_choice":"Opened","damage_taken":0,"relics_obtained":["Question Card"],"max_hp_gain":0,"max_hp_loss":0,"event_name":"The Mausoleum","floor":19,"gold_loss":0,"cards_obtained":["Writhe"]},{"damage_healed":0,"gold_gain":99,"player_choice":"Stole From Cult","damage_taken":0,"max_hp_gain":0,"max_hp_loss":0,"event_name":"Nest","floor":21,"gold_loss":0},{"damage_healed":0,"gold_gain":0,"player_choice":"Shed Blood","damage_taken":18,"max_hp_gain":5,"max_hp_loss":0,"event_name":"Forgotten Altar","floor":27,"gold_loss":0},{"damage_healed":0,"gold_gain":0,"player_choice":"Fight","damage_taken":0,"max_hp_gain":0,"max_hp_loss":0,"event_name":"MindBloom","floor":36,"gold_loss":0},{"damage_healed":0,"gold_gain":0,"player_choice":"Max HP","damage_taken":0,"max_hp_gain":0,"max_hp_loss":5,"event_name":"Winding Halls","floor":37,"gold_loss":0},{"damage_healed":0,"gold_gain":0,"player_choice":"Fight","damage_taken":0,"max_hp_gain":0,"max_hp_loss":0,"event_name":"Mysterious Sphere","floor":39,"gold_loss":0},{"cards_removed":["Cleave"],"damage_healed":0,"gold_gain":0,"player_choice":"Removed Attack","damage_taken":0,"max_hp_gain":0,"max_hp_loss":0,"event_name":"Falling","floor":45,"gold_loss":0}],"is_beta":true,"boss_relics":[{"not_picked":["Cursed Key","Empty Cage"],"picked":"Fusion Hammer"},{"not_picked":["Runic Cube","Black Blood"],"picked":"Philosopher\u0027s Stone"}],"items_purged_floors":[25,47],"is_endless":false,"potions_floor_spawned":[1,4,11,14,16,20,30,31,33,35,36,40,44,54],"ascension_level":1}