{"gold_per_floor":[17,27,41,116,116,116,132,157,191,191,209,209,220,232,232,332,436,426,236,261,377,391,424,444,444,475,475,475,490,490,503,503,503],"floor_reached":33,"playtime":1662,"items_purged":[],"score":346,"play_id":"1e8929ff-10ea-48a9-ad58-422182d2e64a","local_time":"20190304015153","is_ascension_mode":false,"campfire_choices":[{"data":"Loop","floor":6,"key":"SMITH"},{"floor":10,"key":"REST"},{"data":"White Noise","floor":15,"key":"SMITH"},{"floor":25,"key":"REST"},{"floor":27,"key":"RECALL"},{"data":"Self Repair","floor":30,"key":"SMITH"},{"data":"Self Repair","floor":32,"key":"SMITH"}],"neow_cost":"NO_GOLD","seed_source_timestamp":1511831421045851,"circlet_count":0,"master_deck":["Strike_B","Strike_B+1","Strike_B","Strike_B","Defend_B","Defend_B","Defend_B","Defend_B","Zap","Dualcast","hubris:PowerSurge+1","Loop+1","Auto Shields+1","FTL","Self Repair+1","FTL","White Noise+1","Loop","FTL","Machine Learning","Scrape","Leap","Hologram","Self Repair+1","Skim+1","Self Repair","Fusion","Doom and Gloom","Capacitor+1","Leap","Sweeping Beam+1","Pain","Sweeping Beam+1"],"relics":["Cracked Core","hubris:Potato","Incense Burner","Bronze Scales","Orrery","Blood Vial","Red Mask","hubris:TinFlute","Kunai","WarpedTongs"],"potions_floor_usage":[16,18,20],"damage_taken":[{"damage":1,"enemies":"2 Louse","floor":1,"turns":2},{"damage":0,"enemies":"Small Slimes","floor":2,"turns":2},{"damage":6,"enemies":"Jaw Worm","floor":3,"turns":3},{"damage":12,"enemies":"Blue Slaver","floor":7,"turns":3},{"damage":21,"enemies":"3 Sentries","floor":8,"turns":5},{"damage":0,"enemies":"3 Louse","floor":9,"turns":4},{"damage":8,"enemies":"3 Louse","floor":11,"turns":3},{"damage":3,"enemies":"Red Slaver","floor":13,"turns":3},{"damage":2,"enemies":"Lots of Slimes","floor":14,"turns":3},{"damage":0,"enemies":"Slime Boss","floor":16,"turns":4},{"damage":10,"enemies":"2 Thieves","floor":18,"turns":4},{"damage":19,"enemies":"Masked Bandits","floor":20,"turns":4},{"damage":10,"enemies":"Shell Parasite","floor":21,"turns":5},{"damage":16,"enemies":"Chosen and Byrds","floor":22,"turns":6},{"damage":67,"enemies":"Book of Stabbing","floor":23,"turns":8},{"damage":14,"enemies":"Snake Plant","floor":24,"turns":4},{"damage":0,"enemies":"Centurion and Healer","floor":26,"turns":6},{"damage":32,"enemies":"Centurion and Healer","floor":29,"turns":7},{"damage":18,"enemies":"3 Cultists","floor":31,"turns":4},{"damage":71,"enemies":"Automaton","floor":33,"turns":6}],"seed_played":"-7937030000732397474","potions_obtained":[{"floor":1,"key":"Fire Potion"},{"floor":8,"key":"SteroidPotion"},{"floor":13,"key":"SkillPotion"},{"floor":18,"key":"GamblersBrew"},{"floor":20,"key":"FearPotion"},{"floor":23,"key":"FocusPotion"},{"floor":24,"key":"FocusPotion"}],"is_trial":false,"path_per_floor":["M","M","M","?","?","R","M","E","MIM","R","M","?","M","M","R","B",null,"M","$","?","M","M","E","M","R","MIM","R","?","M","R","M","R","B"],"character_chosen":"DEFECT","items_purchased":["Self Repair","Blood Vial"],"campfire_rested":2,"item_purchase_floors":[19,19],"current_hp_per_floor":[74,74,68,57,57,57,45,24,31,53,52,37,41,46,46,53,75,75,75,70,75,73,29,31,53,75,75,75,64,64,65,65,0],"gold":503,"neow_bonus":"ONE_RARE_RELIC","is_prod":false,"is_daily":false,"chose_seed":false,"campfire_upgraded":4,"win_rate":0,"timestamp":1551675113,"path_taken":["M","M","M","?","?","R","M","E","MIM","R","M","?","?","M","R","BOSS","M","$","?","M","M","E","M","R","MIM","R","?","M","R","M","R","BOSS"],"build_version":"2019-01-23","purchased_purges":0,"victory":false,"max_hp_per_floor":[75,75,75,75,75,75,75,75,75,75,75,75,75,75,75,75,75,75,75,75,75,75,75,75,75,75,75,75,75,75,75,75,75],"card_choices":[{"not_picked":["Rebound","Lockon"],"picked":"hubris:PowerSurge","floor":1},{"not_picked":["Compile Driver","Turbo"],"picked":"Loop","floor":2},{"not_picked":["Storm","Barrage"],"picked":"Auto Shields","floor":3},{"not_picked":["Ball Lightning","Stack"],"picked":"FTL","floor":7},{"not_picked":["Recycle","Static Discharge"],"picked":"Self Repair","floor":8},{"not_picked":["Fusion","Steam"],"picked":"FTL","floor":9},{"not_picked":["Aggregate","Steam"],"picked":"White Noise","floor":11},{"not_picked":["Tempest","Reinforced Body"],"picked":"Loop","floor":13},{"not_picked":["Leap","Turbo"],"picked":"FTL","floor":14},{"not_picked":["Core Surge","Rainbow"],"picked":"Machine Learning","floor":16},{"not_picked":["Leap","Go for the Eyes"],"picked":"Scrape","floor":17},{"not_picked":["Redo","Ball Lightning"],"picked":"Leap","floor":17},{"not_picked":["Heatsinks","Sweeping Beam"],"picked":"Hologram","floor":17},{"not_picked":["Streamline","Rebound"],"picked":"Self Repair","floor":17},{"not_picked":["Compile Driver","Genetic Algorithm"],"picked":"Skim+1","floor":18},{"not_picked":["Reinforced Body+1","Rebound+1"],"picked":"Fusion","floor":20},{"not_picked":["hubris:SpecializedCircuitry","Redo+1"],"picked":"Doom and Gloom","floor":21},{"not_picked":["Steam+1","Double Energy","Sunder"],"picked":"SKIP","floor":22},{"not_picked":["Barrage+1","Fission"],"picked":"Capacitor+1","floor":23},{"not_picked":["Beam Cell","Go for the Eyes"],"picked":"Leap","floor":24},{"not_picked":["Ball Lightning","Recycle"],"picked":"Sweeping Beam+1","floor":26},{"not_picked":["Barrage","Meteor Strike","Cold Snap+1"],"picked":"SKIP","floor":29},{"not_picked":["Turbo","Tempest"],"picked":"Sweeping Beam+1","floor":31}],"player_experience":890535,"relics_obtained":[{"floor":8,"key":"Incense Burner"},{"floor":9,"key":"Bronze Scales"},{"floor":20,"key":"Red Mask"},{"floor":23,"key":"hubris:TinFlute"},{"floor":26,"key":"Kunai"}],"event_choices":[{"damage_healed":0,"gold_gain":75,"player_choice":"Gather Gold","damage_taken":11,"max_hp_gain":0,"max_hp_loss":0,"event_name":"World of Goop","floor":4,"gold_loss":0},{"damage_healed":0,"gold_gain":0,"player_choice":"Grow","damage_taken":0,"max_hp_gain":0,"max_hp_loss":0,"event_name":"Living Wall","floor":5,"gold_loss":0,"cards_upgraded":["hubris:PowerSurge"]},{"damage_healed":0,"gold_gain":0,"player_choice":"Entered Light","damage_taken":15,"max_hp_gain":0,"max_hp_loss":0,"event_name":"Shining Light","floor":12,"gold_loss":0,"cards_upgraded":["Strike_B","Auto Shields"]},{"damage_healed":0,"gold_gain":0,"player_choice":"Fought Bandits","damage_taken":0,"max_hp_gain":0,"max_hp_loss":0,"event_name":"Masked Bandits","floor":20,"gold_loss":0},{"damage_healed":0,"gold_gain":0,"player_choice":"Rummage","damage_taken":0,"relics_obtained":["WarpedTongs"],"max_hp_gain":0,"max_hp_loss":0,"event_name":"Accursed Blacksmith","floor":28,"gold_loss":0,"cards_obtained":["Pain"]}],"is_beta":false,"boss_relics":[{"not_picked":["hubris:GrandSneckoEye","hubris:VirtuousBlindfold"],"picked":"Orrery"}],"items_purged_floors":[],"is_endless":false,"potions_floor_spawned":[1,8,13,18,20,23,24],"killed_by":"Automaton","ascension_level":0}