{"gold_per_floor":[116,116,116,92,57,57,84,97,97,97,113,113,142,155,155,252,252,267,267,280,295,116,116,141,159,159,159],"floor_reached":27,"playtime":759,"items_purged":[],"score":346,"play_id":"6e193885-86ee-40bd-9f9e-0451d9b2967a","local_time":"20190202202816","is_ascension_mode":true,"campfire_choices":[{"data":"Bouncing Flask","floor":6,"key":"SMITH"},{"floor":12,"key":"REST"},{"floor":15,"key":"REST"},{"floor":23,"key":"REST"}],"neow_cost":"NONE","seed_source_timestamp":330034207270974,"circlet_count":0,"master_deck":["Defend_G","Defend_G","Defend_G","Defend_G","Defend_G","Strike_G","Strike_G+1","Strike_G+1","Survivor","Neutralize","Bullet Time+1","Bouncing Flask+1","Sucker Punch","Riddle With Holes","Well Laid Plans","Escape Plan","Bouncing Flask","Sucker Punch","Corpse Explosion","Caltrops","Tools of the Trade","Leg Sweep","Noxious Fumes","Dash","Footwork","Riddle With Holes","Crippling Poison"],"relics":["Ring of the Snake","Mercury Hourglass","Bottled Flame","Bronze Scales","Empty Cage","PreservedInsect","Lantern"],"potions_floor_usage":[13,24],"damage_taken":[{"damage":2,"enemies":"Jaw Worm","floor":1,"turns":3},{"damage":36,"enemies":"3 Sentries","floor":7,"turns":9},{"damage":1,"enemies":"Small Slimes","floor":8,"turns":2},{"damage":0,"enemies":"Cultist","floor":11,"turns":3},{"damage":20,"enemies":"Lagavulin","floor":13,"turns":4},{"damage":15,"enemies":"Gremlin Gang","floor":14,"turns":2},{"damage":18,"enemies":"Hexaghost","floor":16,"turns":8},{"damage":0,"enemies":"Chosen","floor":18,"turns":4},{"damage":22,"enemies":"2 Thieves","floor":20,"turns":4},{"damage":31,"enemies":"Shelled Parasite and Fungi","floor":21,"turns":4},{"damage":0,"enemies":"Slavers","floor":24,"turns":2},{"damage":13,"enemies":"Snake Plant","floor":25,"turns":3},{"damage":18,"enemies":"Cultist and Chosen","floor":27,"turns":4}],"seed_played":"4836898267115974099","potions_obtained":[{"floor":1,"key":"GamblersBrew"},{"floor":7,"key":"Ancient Potion"},{"floor":11,"key":"SkillPotion"},{"floor":16,"key":"Explosive Potion"},{"floor":24,"key":"Fire Potion"}],"is_trial":false,"path_per_floor":["M","?","?","$","?","R","E","M","T","$","M","R","E","M","R","B",null,"M","?","M","M","$","R","E","M","T","M"],"character_chosen":"THE_SILENT","items_purchased":["Sucker Punch","PreservedInsect","Footwork"],"campfire_rested":3,"item_purchase_floors":[4,22,22],"current_hp_per_floor":[61,61,47,47,64,64,28,27,27,27,27,48,28,13,34,16,57,57,57,35,4,4,25,25,12,12,0],"gold":159,"neow_bonus":"ONE_RANDOM_RARE_CARD","is_prod":false,"is_daily":false,"chose_seed":false,"campfire_upgraded":1,"win_rate":0,"timestamp":1549150096,"path_taken":["M","?","?","$","?","R","E","M","T","?","M","R","E","M","R","BOSS","M","?","?","M","$","R","E","M","T","?"],"build_version":"2019-01-23","purchased_purges":0,"victory":false,"max_hp_per_floor":[70,70,70,70,70,70,70,70,70,70,70,70,70,70,70,70,70,70,70,70,70,70,70,70,70,70,70],"card_choices":[{"not_picked":["Backflip","Bane"],"picked":"Bouncing Flask","floor":1},{"not_picked":["Backflip","Accuracy"],"picked":"Riddle With Holes","floor":7},{"not_picked":["Deflect","Dagger Throw"],"picked":"Well Laid Plans","floor":8},{"not_picked":["Endless Agony","Backflip"],"picked":"Escape Plan","floor":11},{"not_picked":["Expertise","Predator"],"picked":"Bouncing Flask","floor":13},{"not_picked":["Dodge and Roll","Heel Hook"],"picked":"Sucker Punch","floor":14},{"not_picked":["Phantasmal Killer","Grand Finale"],"picked":"Corpse Explosion","floor":16},{"not_picked":["Flying Knee+1","Prepared"],"picked":"Caltrops","floor":18},{"not_picked":["Setup+1","Poisoned Stab"],"picked":"Noxious Fumes","floor":20},{"not_picked":["Deadly Poison","Backflip"],"picked":"Dash","floor":21},{"not_picked":["Expertise+1","Burst"],"picked":"Riddle With Holes","floor":24},{"not_picked":["Heel Hook","Slice"],"picked":"Crippling Poison","floor":25}],"player_experience":709923,"relics_obtained":[{"floor":7,"key":"Mercury Hourglass"},{"floor":9,"key":"Bottled Flame"},{"floor":13,"key":"Bronze Scales"},{"floor":24,"key":"Lantern"}],"event_choices":[{"damage_healed":0,"gold_gain":0,"player_choice":"Grow","damage_taken":0,"max_hp_gain":0,"max_hp_loss":0,"event_name":"Living Wall","floor":2,"gold_loss":0,"cards_upgraded":["Bullet Time"]},{"damage_healed":0,"gold_gain":0,"player_choice":"Entered Light","damage_taken":14,"max_hp_gain":0,"max_hp_loss":0,"event_name":"Shining Light","floor":3,"gold_loss":0,"cards_upgraded":["Strike_G","Strike_G"]},{"damage_healed":17,"gold_gain":0,"player_choice":"Healed","damage_taken":0,"max_hp_gain":0,"max_hp_loss":0,"event_name":"The Cleric","floor":5,"gold_loss":35},{"damage_healed":0,"gold_gain":0,"player_choice":"2 cards matched","damage_taken":0,"max_hp_gain":0,"max_hp_loss":0,"event_name":"Match and Keep!","floor":19,"gold_loss":0,"cards_obtained":["Tools of the Trade","Leg Sweep"]}],"is_beta":false,"boss_relics":[{"not_picked":["Velvet Choker","HoveringKite"],"picked":"Empty Cage"}],"items_purged_floors":[],"is_endless":false,"potions_floor_spawned":[1,7,11,16,18,24,25],"killed_by":"Cultist and Chosen","ascension_level":6}