{"path_per_floor":["M","$","?","?","?","E","$","R","T","R","E","R","E","M","R","B",null,"M","$","?","?","$","R","E","M","T","E","M"],"character_chosen":"THE_SILENT","items_purchased":["Noxious Fumes","Dodge and Roll","Footwork","Blade Dance","Ninja Scroll"],"gold_per_floor":[112,32,32,32,32,63,38,38,38,38,68,68,101,117,117,221,221,221,113,263,263,3,3,36,46,70,101,120,120],"floor_reached":29,"campfire_rested":0,"playtime":1865,"item_purchase_floors":[2,7,19,19,22],"current_hp_per_floor":[70,70,70,70,70,70,70,70,70,70,70,70,64,64,64,36,70,55,55,55,55,55,55,28,28,28,13,9,0],"items_purged":[],"gold":120,"score":358,"play_id":"de0af594-6c9b-400d-91c8-1a2314b6dd99","local_time":"20180610185147","is_prod":false,"is_daily":false,"chose_seed":false,"is_ascension_mode":true,"campfire_upgraded":5,"win_rate":0,"timestamp":1528667507,"campfire_choices":[{"data":"Noxious Fumes","floor":8,"key":"SMITH"},{"data":"Well Laid Plans","floor":10,"key":"SMITH"},{"data":"Unload","floor":12,"key":"SMITH"},{"data":"Eviscerate","floor":15,"key":"SMITH"},{"data":"A Thousand Cuts","floor":23,"key":"SMITH"}],"path_taken":["M","$","?","?","?","E","?","R","T","R","E","R","E","M","R","BOSS","M","$","?","?","$","R","E","M","T","E","?","M"],"build_version":"2018-06-07v3","seed_source_timestamp":510310349627630,"purchased_purges":0,"victory":false,"master_deck":["Defend_G","Defend_G","Defend_G","Defend_G","Defend_G","Strike_G","Strike_G","Strike_G","Strike_G","Strike_G+1","Survivor","Neutralize","Backflip","Noxious Fumes+1","Regret","Well Laid Plans+1","Dodge and Roll","Unload+1","Dodge and Roll","Eviscerate+1","A Thousand Cuts+1","Footwork","Blade Dance","Dash","Dagger Spray","Underhanded Strike+1","Underhanded Strike+1","Calculated Gamble"],"max_hp_per_floor":[70,70,70,70,70,70,70,70,70,70,70,70,70,70,70,70,70,70,70,70,70,70,70,70,70,70,70,70,70],"relics":["Ring of the Snake","NeowsBlessing","Lantern","Gambling Chip","Matryoshka","Paper Crane","Toolbox","Philosopher\u0027s Stone","Ninja Scroll","Boot","Snake Skull","Blood Vial","Whetstone"],"card_choices":[{"not_picked":["Endless Agony","Slice"],"picked":"Backflip","floor":1},{"not_picked":["Masterful Stab","Tactician"],"picked":"Well Laid Plans","floor":6},{"not_picked":["Acrobatics","Outmaneuver"],"picked":"Unload","floor":11},{"not_picked":["Flying Knee","Underhanded Strike"],"picked":"Dodge and Roll","floor":13},{"not_picked":["Calculated Gamble","Flying Knee"],"picked":"Eviscerate","floor":14},{"not_picked":["Night Terror","Glass Knife"],"picked":"A Thousand Cuts","floor":16},{"not_picked":["Slice","Finisher"],"picked":"Dagger Spray","floor":24},{"not_picked":["Flying Knee","Sucker Punch"],"picked":"Underhanded Strike","floor":25},{"not_picked":["Predator","Sucker Punch"],"picked":"Underhanded Strike+1","floor":27},{"not_picked":["Concentrate","Bouncing Flask"],"picked":"Calculated Gamble","floor":28}],"player_experience":327456,"potions_floor_usage":[13,18,24,24,24,24,24],"damage_taken":[{"damage":0,"enemies":"Small Slimes","floor":1,"turns":1},{"damage":0,"enemies":"3 Sentries","floor":6,"turns":2},{"damage":0,"enemies":"Lagavulin","floor":11,"turns":1},{"damage":6,"enemies":"3 Sentries","floor":13,"turns":6},{"damage":0,"enemies":"2 Louse","floor":14,"turns":1},{"damage":32,"enemies":"Hexaghost","floor":16,"turns":11},{"damage":15,"enemies":"Chosen","floor":18,"turns":4},{"damage":27,"enemies":"Book of Stabbing","floor":24,"turns":5},{"damage":0,"enemies":"3 Byrds","floor":25,"turns":2},{"damage":17,"enemies":"Slavers","floor":27,"turns":3},{"damage":6,"enemies":"Snecko","floor":28,"turns":4},{"damage":26,"enemies":"Cultist and Chosen","floor":29,"turns":3}],"relics_obtained":[{"floor":6,"key":"Gambling Chip"},{"floor":9,"key":"Matryoshka"},{"floor":11,"key":"Paper Crane"},{"floor":13,"key":"Toolbox"},{"floor":24,"key":"Boot"},{"floor":26,"key":"Snake Skull"},{"floor":26,"key":"Blood Vial"},{"floor":27,"key":"Whetstone"}],"event_choices":[{"event_name":"Big Fish","player_choice":"Box","floor":3,"damage_taken":0},{"event_name":"The Cleric","player_choice":"Leave","floor":4,"damage_taken":0},{"event_name":"The Lab","player_choice":"Got Potions","floor":5,"damage_taken":0},{"event_name":"Nest","player_choice":"Stole From Cult","floor":20,"damage_taken":0},{"event_name":"The Library","player_choice":"Read","floor":21,"damage_taken":0}],"boss_relics":[{"not_picked":["White Beast Statue","Orrery"],"picked":"Philosopher\u0027s Stone"}],"items_purged_floors":[],"potions_floor_spawned":[6,11,14,28],"seed_played":"6678831044461197471","killed_by":"Cultist and Chosen","ascension_level":2,"potions_obtained":[{"floor":5,"key":"SmokeBomb"},{"floor":5,"key":"SneckoOil"},{"floor":5,"key":"EntropicBrew"},{"floor":6,"key":"AttackPotion"},{"floor":14,"key":"SteroidPotion"},{"floor":28,"key":"GamblersBrew"}],"is_trial":false}