{"gold_per_floor":[113,63,63,63,77,77,100,85,132,153,186,186,186,202,202,202],"floor_reached":16,"playtime":624,"items_purged":[],"score":148,"play_id":"426f32f5-e188-4037-8d5e-02f1b3456ce1","local_time":"20190309012015","is_ascension_mode":true,"campfire_choices":[{"data":"Hologram","floor":6,"key":"SMITH"},{"floor":13,"key":"REST"},{"floor":15,"key":"REST"}],"neow_cost":"NONE","seed_source_timestamp":1943007848597967,"circlet_count":0,"master_deck":["Strike_B","Strike_B","Defend_B","Defend_B","Defend_B","Defend_B","Zap","Dualcast","Gash","Hologram+1","Sweeping Beam","Go for the Eyes","Leap"],"relics":["Cracked Core","Golden Idol","Orichalcum","Ancient Tea Set"],"potions_floor_usage":[8,11],"damage_taken":[{"damage":2,"enemies":"Jaw Worm","floor":1,"turns":3},{"damage":5,"enemies":"Small Slimes","floor":5,"turns":2},{"damage":3,"enemies":"2 Louse","floor":7,"turns":2},{"damage":9,"enemies":"Exordium Thugs","floor":8,"turns":4},{"damage":10,"enemies":"Exordium Wildlife","floor":10,"turns":3},{"damage":17,"enemies":"Gremlin Nob","floor":11,"turns":4},{"damage":0,"enemies":"Large Slime","floor":14,"turns":5},{"damage":56,"enemies":"Slime Boss","floor":16,"turns":8}],"seed_played":"-4724157005680447473","potions_obtained":[{"floor":5,"key":"Weak Potion"},{"floor":8,"key":"Ancient Potion"}],"is_trial":false,"path_per_floor":["M","?","?","$","M","R","M","M","T","M","E","?","R","M","R","B"],"character_chosen":"DEFECT","items_purchased":[],"campfire_rested":2,"item_purchase_floors":[],"current_hp_per_floor":[66,66,66,66,61,61,58,49,49,39,22,15,35,35,55,0],"gold":202,"neow_bonus":"THREE_CARDS","is_prod":false,"is_daily":false,"chose_seed":false,"campfire_upgraded":1,"win_rate":0,"timestamp":1552105215,"path_taken":["M","?","?","$","M","R","M","M","T","M","E","?","R","M","R","BOSS"],"build_version":"2019-01-23","purchased_purges":0,"victory":false,"max_hp_per_floor":[75,75,69,69,69,69,69,69,69,69,69,69,69,69,69,69],"card_choices":[{"not_picked":["Conserve Battery","Rip and Tear"],"picked":"Gash","floor":0},{"not_picked":["Capacitor","Redo"],"picked":"Hologram","floor":1},{"not_picked":["Cold Snap","Compile Driver"],"picked":"Sweeping Beam","floor":5},{"not_picked":["Rip and Tear","Sweeping Beam","Aggregate"],"picked":"SKIP","floor":7},{"not_picked":["Ball Lightning","Melter","Streamline"],"picked":"SKIP","floor":8},{"not_picked":["Sweeping Beam","Steam"],"picked":"Go for the Eyes","floor":10},{"not_picked":["Aggregate","Multi-Cast"],"picked":"Leap","floor":11},{"not_picked":["Redo","Stack","Rip and Tear"],"picked":"SKIP","floor":14}],"player_experience":899402,"relics_obtained":[{"floor":9,"key":"Orichalcum"},{"floor":11,"key":"Ancient Tea Set"}],"event_choices":[{"cards_removed":["Strike_B"],"damage_healed":0,"gold_gain":0,"player_choice":"Card Removal","damage_taken":0,"max_hp_gain":0,"max_hp_loss":0,"event_name":"The Cleric","floor":2,"gold_loss":50},{"damage_healed":0,"gold_gain":0,"player_choice":"Lose Max HP","damage_taken":0,"relics_obtained":["Golden Idol"],"max_hp_gain":0,"max_hp_loss":6,"event_name":"Golden Idol","floor":3,"gold_loss":0},{"cards_removed":["Strike_B"],"damage_healed":0,"gold_gain":0,"player_choice":"Card Removal","damage_taken":7,"max_hp_gain":0,"max_hp_loss":0,"event_name":"Golden Wing","floor":12,"gold_loss":0}],"is_beta":false,"boss_relics":[],"items_purged_floors":[],"is_endless":false,"potions_floor_spawned":[5,8],"killed_by":"Slime Boss","ascension_level":9}