{"path_per_floor":["M","$","?","M","?","R","$","R","T","?","E","M","M","M","R","B",null,"M","M","?","M","M","R","?","?","T","$","M"],"character_chosen":"THE_SILENT","items_purchased":["Accuracy","Doppelganger"],"gold_per_floor":[111,43,43,56,56,56,56,56,79,79,111,131,149,167,167,272,272,283,294,294,313,331,331,331,331,331,186,205,205],"floor_reached":29,"campfire_rested":2,"playtime":1592,"item_purchase_floors":[2,27],"current_hp_per_floor":[70,70,63,63,63,63,63,63,63,49,40,36,36,36,57,22,70,54,54,70,54,11,32,32,32,32,32,14,0],"items_purged":[],"gold":205,"score":248,"play_id":"1bd99d17-339c-4223-b84c-bd899e05bd6c","local_time":"20180608001707","is_prod":false,"is_daily":false,"chose_seed":false,"is_ascension_mode":true,"campfire_upgraded":2,"win_rate":0,"timestamp":1528427827,"campfire_choices":[{"data":"Infinite Blades","floor":6,"key":"SMITH"},{"data":"Accuracy","floor":8,"key":"SMITH"},{"floor":15,"key":"REST"},{"floor":23,"key":"REST"}],"path_taken":["M","?","?","?","?","R","$","R","T","?","E","M","?","M","R","BOSS","M","M","?","?","M","R","?","?","T","$","?","E"],"build_version":"2018-05-31","seed_source_timestamp":270893403990319,"purchased_purges":0,"victory":false,"master_deck":["Defend_G","Defend_G+1","Defend_G","Defend_G","Defend_G","Strike_G","Strike_G","Strike_G","Strike_G","Strike_G","Survivor","Neutralize+1","Infinite Blades+1","Accuracy+1","Dagger Spray","Endless Agony","Calculated Gamble","Distraction","Noxious Fumes","Envenom+1","Prepared","Expertise","Cloak And Dagger","Cloak And Dagger","Accuracy","Blade Dance+1","Flying Knee+1","Blade Dance","Outmaneuver+1","Doppelganger","Bouncing Flask"],"max_hp_per_floor":[70,70,70,70,70,70,70,70,70,70,70,70,70,70,70,70,70,70,70,70,70,70,70,70,70,70,70,70,70],"relics":["Ring of the Snake","Art of War","Snake Skull","Boot","Orrery","Dream Catcher"],"card_choices":[{"not_picked":["Backflip","Backstab"],"picked":"Infinite Blades","floor":1},{"not_picked":["Sucker Punch","Acrobatics"],"picked":"Dagger Spray","floor":4},{"not_picked":["Bane","Slice"],"picked":"Endless Agony","floor":11},{"not_picked":["Underhanded Strike","Slice"],"picked":"Calculated Gamble","floor":12},{"not_picked":["Backflip","Crippling Poison"],"picked":"Distraction","floor":13},{"not_picked":["Underhanded Strike","Prepared"],"picked":"Noxious Fumes","floor":14},{"not_picked":["Tools of the Trade","Unload"],"picked":"Envenom","floor":16},{"not_picked":["Flying Knee","Eviscerate"],"picked":"Prepared","floor":17},{"not_picked":["Prepared","Concentrate"],"picked":"Expertise","floor":17},{"not_picked":["Backflip","Acrobatics"],"picked":"Cloak And Dagger","floor":17},{"not_picked":["Dagger Spray","Backstab"],"picked":"Cloak And Dagger","floor":17},{"not_picked":["Dodge and Roll","Sucker Punch"],"picked":"Accuracy","floor":17},{"not_picked":["Outmaneuver","Poisoned Stab"],"picked":"Blade Dance+1","floor":18},{"not_picked":["Calculated Gamble","Malaise"],"picked":"Flying Knee+1","floor":19},{"not_picked":["Deflect","Deadly Poison"],"picked":"Blade Dance","floor":21},{"not_picked":["Backflip","Blade Dance"],"picked":"Outmaneuver+1","floor":22},{"not_picked":["Quick Slash","Slice"],"picked":"Bouncing Flask","floor":28}],"player_experience":306489,"potions_floor_usage":[18,18,21,22,28],"damage_taken":[{"damage":0,"enemies":"Cultist","floor":1,"turns":4},{"damage":0,"enemies":"Small Slimes","floor":4,"turns":3},{"damage":9,"enemies":"3 Sentries","floor":11,"turns":6},{"damage":4,"enemies":"2 Louse","floor":12,"turns":3},{"damage":0,"enemies":"Large Slime","floor":13,"turns":4},{"damage":0,"enemies":"Lots of Slimes","floor":14,"turns":1},{"damage":35,"enemies":"Hexaghost","floor":16,"turns":10},{"damage":16,"enemies":"2 Thieves","floor":18,"turns":4},{"damage":0,"enemies":"3 Byrds","floor":19,"turns":3},{"damage":16,"enemies":"3 Cultists","floor":21,"turns":5},{"damage":43,"enemies":"Slaver and Parasite","floor":22,"turns":5},{"damage":18,"enemies":"Snake Plant","floor":28,"turns":5},{"damage":15,"enemies":"Gremlin Leader","floor":29,"turns":1}],"relics_obtained":[{"floor":9,"key":"Snake Skull"},{"floor":11,"key":"Boot"},{"floor":26,"key":"Dream Catcher"}],"event_choices":[{"event_name":"Scrap Ooze","player_choice":"success","floor":3,"damage_taken":7},{"event_name":"Golden Wing","player_choice":"Ignored","floor":5,"damage_taken":0},{"event_name":"Shining Light","player_choice":"Entered Light","floor":10,"damage_taken":0},{"event_name":"The Library","player_choice":"Heal","floor":20,"damage_taken":0},{"event_name":"Beggar","player_choice":"Ignored","floor":24,"damage_taken":0},{"event_name":"Upgrade Shrine","player_choice":"Upgraded","floor":25,"damage_taken":0}],"boss_relics":[{"not_picked":["Philosopher\u0027s Stone","Velvet Choker"],"picked":"Orrery"}],"items_purged_floors":[],"potions_floor_spawned":[13,14,19,21,22],"seed_played":"-7384898230724890267","killed_by":"Gremlin Leader","ascension_level":2,"potions_obtained":[{"floor":13,"key":"SteroidPotion"},{"floor":14,"key":"Block Potion"},{"floor":19,"key":"Weak Potion"},{"floor":21,"key":"PowerPotion"},{"floor":22,"key":"GhostInAJar"}],"is_trial":false}