{"gold_per_floor":[10,23,23,42,53,53,83,83,83,113,113,143,143,161,161,235,235,248,248,248,348,366,366,399,399,399,410,444,464,389,9,9,84,84,103,120,34,45,45,45,78,78,102,134,144,144,163,6,6,6,6,6,6,6,38,38],"floor_reached":57,"playtime":5300,"items_purged":["Strike_R+1","Strike_R+1"],"score":3011,"play_id":"c8e5fe4b-9624-418f-bed5-f529338c94ea","local_time":"20190112110009","is_ascension_mode":true,"campfire_choices":[{"data":"Bash","floor":6.0,"key":"SMITH"},{"data":"Carnage","floor":8.0,"key":"SMITH"},{"data":"Battle Trance","floor":15.0,"key":"SMITH"},{"data":"Whirlwind","floor":23.0,"key":"SMITH"},{"data":"Inflame","floor":25.0,"key":"SMITH"},{"floor":32,"key":"REST"},{"data":"Juggernaut","floor":40,"key":"SMITH"},{"data":"Feel No Pain","floor":42,"key":"SMITH"},{"floor":46,"key":"RECALL"},{"data":"Disarm","floor":49,"key":"SMITH"},{"data":"Disarm","floor":53,"key":"SMITH"}],"neow_cost":"NO_GOLD","seed_source_timestamp":0,"circlet_count":0,"master_deck":["AscendersBane","Strike_R+1","Strike_R+1","Strike_R+1","Defend_R+1","Defend_R+1","Defend_R+1","Defend_R+1","Bash+1","Clothesline","Shrug It Off","Carnage+1","Rampage","Metallicize","Battle Trance+1","Feel No Pain+1","Offering","Whirlwind+1","Inflame+1","Shrug It Off","Impervious","Shrug It Off","Juggernaut+1","Battle Trance+1","Corruption","Disarm+1","Shrug It Off+1","Barricade","Disarm+1"],"special_seed":0,"relics":["Burning Blood","Magic Flower","Centennial Puzzle","Potion Belt","Question Card","Incense Burner","Pantograph","Philosopher\u0027s Stone","Ginger","Paper Frog","Matryoshka","Boot","Sundial","Dead Branch","Snecko Eye","Gambling Chip","Thread and Needle","Dream Catcher","Oddly Smooth Stone","Vajra","Gremlin Horn"],"potions_floor_usage":[29,56,56,56],"damage_taken":[{"damage":7.0,"enemies":"Small Slimes","floor":1.0,"turns":6.0},{"damage":2.0,"enemies":"Cultist","floor":2.0,"turns":4.0},{"damage":0.0,"enemies":"2 Louse","floor":4.0,"turns":3.0},{"damage":10.0,"enemies":"Exordium Thugs","floor":5.0,"turns":5.0},{"damage":28.0,"enemies":"Gremlin Nob","floor":7.0,"turns":4.0},{"damage":19.0,"enemies":"3 Sentries","floor":10.0,"turns":8.0},{"damage":6.0,"enemies":"Gremlin Nob","floor":12.0,"turns":3.0},{"damage":8.0,"enemies":"Large Slime","floor":14.0,"turns":7.0},{"damage":70.0,"enemies":"Hexaghost","floor":16.0,"turns":15.0},{"damage":6.0,"enemies":"Chosen","floor":18.0,"turns":2.0},{"damage":18.0,"enemies":"Colosseum Slavers","floor":21.0,"turns":5.0},{"damage":21.0,"enemies":"Colosseum Nobs","floor":21.0,"turns":5.0},{"damage":3.0,"enemies":"3 Byrds","floor":22.0,"turns":4.0},{"damage":1.0,"enemies":"Slavers","floor":24.0,"turns":2.0},{"damage":13.0,"enemies":"Shelled Parasite and Fungi","floor":27.0,"turns":6.0},{"damage":55.0,"enemies":"Book of Stabbing","floor":28.0,"turns":5.0},{"damage":16,"enemies":"Snake Plant","floor":29,"turns":2},{"damage":1,"enemies":"Automaton","floor":33,"turns":5},{"damage":6,"enemies":"Orb Walker","floor":35,"turns":2},{"damage":0,"enemies":"3 Shapes","floor":36,"turns":2},{"damage":0,"enemies":"Maw","floor":38,"turns":4},{"damage":3,"enemies":"Reptomancer","floor":41,"turns":4},{"damage":9,"enemies":"Giant Head","floor":44,"turns":3},{"damage":1,"enemies":"3 Darklings","floor":45,"turns":2},{"damage":6,"enemies":"Transient","floor":47,"turns":5},{"damage":1,"enemies":"Donu and Deca","floor":50,"turns":5},{"damage":2,"enemies":"Time Eater","floor":51,"turns":6},{"damage":10,"enemies":"Shield and Spear","floor":55,"turns":6},{"damage":6,"enemies":"The Heart","floor":56,"turns":8}],"seed_played":"-8980494597391718947","potions_obtained":[{"floor":2.0,"key":"Energy Potion"},{"floor":3.0,"key":"Regen Potion"},{"floor":12.0,"key":"BloodPotion"},{"floor":14.0,"key":"GamblersBrew"},{"floor":16.0,"key":"FearPotion"},{"floor":18.0,"key":"SkillPotion"},{"floor":21.0,"key":"SteroidPotion"},{"floor":22.0,"key":"Weak Potion"},{"floor":27.0,"key":"Weak Potion"},{"floor":36,"key":"SkillPotion"},{"floor":38,"key":"Strength Potion"}],"is_trial":false,"path_per_floor":["M","M","?","M","M","R","E","R","T","E","T","E","?","M","R","B",null,"M","?","?","?","M","R","E","R","T","M","E","M","$","$","R","B",null,"M","M","$","M","?","R","E","R","T","E","M","R","M","$","R","B","B",null,"R","$","E","B",null],"character_chosen":"IRONCLAD","items_purchased":["Dead Branch","PowerPotion","Corruption","PowerPotion"],"campfire_rested":1,"item_purchase_floors":[31,31,37,48],"current_hp_per_floor":[70,75,75,75,74,74,55,55,55,69,69,72,72,73,73,14,60,63,63,63,42,48,48,56,56,56,52,17,10,10,10,32,75,75,75,75,75,75,75,75,75,75,75,75,75,75,75,75,75,75,75,75,75,75,74,75],"gold":38,"neow_bonus":"ONE_RARE_RELIC","is_prod":false,"is_daily":false,"chose_seed":false,"campfire_upgraded":9,"win_rate":0,"timestamp":1547308809,"path_taken":["M","M","?","M","?","R","E","R","T","E","?","E","?","M","R","BOSS","M","?","?","?","M","R","E","R","T","M","E","?","?","$","R","BOSS","M","M","$","M","?","R","E","R","T","E","M","R","M","$","R","BOSS","BOSS","R","$","E","BOSS"],"build_version":"2019-01-10","purchased_purges":2,"victory":true,"max_hp_per_floor":[75,75,75,75,75,75,75,75,75,75,75,75,75,75,75,75,75,75,75,75,75,75,75,75,75,75,75,75,75,75,75,75,75,75,75,75,75,75,75,75,75,75,75,75,75,75,75,75,75,75,75,75,75,75,75,75],"card_choices":[{"not_picked":["True Grit","Thunderclap"],"picked":"Clothesline","floor":1.0},{"not_picked":["Havoc","Shockwave"],"picked":"Shrug It Off","floor":2.0},{"not_picked":["Havoc","Cleave"],"picked":"Carnage","floor":4.0},{"not_picked":["True Grit","Fiend Fire"],"picked":"Rampage","floor":5.0},{"not_picked":["Berserk","Sword Boomerang","Clothesline"],"picked":"SKIP","floor":7.0},{"not_picked":["Uppercut","Heavy Blade"],"picked":"Metallicize","floor":10.0},{"not_picked":["Dark Embrace","Clothesline","True Grit"],"picked":"Battle Trance","floor":12.0},{"not_picked":["Twin Strike","Armaments","Cleave"],"picked":"Feel No Pain","floor":14.0},{"not_picked":["Brutality","Immolate","Barricade"],"picked":"Offering","floor":16.0},{"not_picked":["Inflame","Pommel Strike","Intimidate"],"picked":"Burning Pact","floor":18.0},{"not_picked":["Anger","Wild Strike+1","Cleave+1"],"picked":"Whirlwind","floor":21.0},{"not_picked":["Rage","Warcry","Ghostly Armor","Whirlwind"],"picked":"SKIP","floor":22.0},{"not_picked":["Havoc","Cleave","Headbutt"],"picked":"Inflame","floor":24.0},{"not_picked":["Anger","Iron Wave","Evolve"],"picked":"Shrug It Off","floor":27.0},{"not_picked":["Rampage","Carnage","Shrug It Off"],"picked":"Impervious","floor":28.0},{"not_picked":["Thunderclap","Spot Weakness","Carnage"],"picked":"Shrug It Off","floor":29},{"not_picked":["Bludgeon","Feed","Reaper"],"picked":"Juggernaut","floor":33},{"not_picked":["Power Through+1","Sever Soul","Havoc"],"picked":"Battle Trance+1","floor":35},{"not_picked":["Spot Weakness","True Grit","Iron Wave+1","Cleave+1"],"picked":"SKIP","floor":36},{"not_picked":["Bloodletting","Clash+1","Reckless Charge+1"],"picked":"Disarm","floor":38},{"not_picked":["Infernal Blade","Demon Form","Twin Strike"],"picked":"Shrug It Off+1","floor":41},{"not_picked":["Intimidate","Sword Boomerang","Cleave"],"picked":"Barricade","floor":44},{"not_picked":["Rupture","Clothesline","Pommel Strike+1","Flame Barrier+1"],"picked":"SKIP","floor":45},{"not_picked":["Rupture","Clothesline","Pommel Strike+1","Flame Barrier+1"],"picked":"SKIP","floor":45},{"not_picked":["Clothesline","Cleave+1","Power Through"],"picked":"Disarm","floor":47},{"not_picked":["Anger","Sword Boomerang+1","Reckless Charge+1","Heavy Blade"],"picked":"SKIP","floor":55}],"player_experience":1097190,"relics_obtained":[{"floor":7.0,"key":"Centennial Puzzle"},{"floor":9.0,"key":"Potion Belt"},{"floor":10.0,"key":"Question Card"},{"floor":11.0,"key":"Incense Burner"},{"floor":12.0,"key":"Pantograph"},{"floor":21.0,"key":"Ginger"},{"floor":21.0,"key":"Paper Frog"},{"floor":24.0,"key":"Matryoshka"},{"floor":26.0,"key":"Boot"},{"floor":28.0,"key":"Sundial"},{"floor":41,"key":"Thread and Needle"},{"floor":43,"key":"Dream Catcher"},{"floor":43,"key":"Oddly Smooth Stone"},{"floor":44,"key":"Vajra"},{"floor":55,"key":"Gremlin Horn"}],"event_choices":[{"damage_healed":0.0,"max_hp_gain":0.0,"max_hp_loss":0.0,"gold_gain":0.0,"event_name":"Lab","player_choice":"Got Potions","floor":3.0,"gold_loss":0.0,"damage_taken":0.0},{"damage_healed":0.0,"max_hp_gain":0.0,"max_hp_loss":0.0,"gold_gain":0.0,"event_name":"Match and Keep!","player_choice":"0 cards matched","floor":13.0,"gold_loss":0.0,"damage_taken":0.0,"cards_obtained":[]},{"damage_healed":0.0,"max_hp_gain":0.0,"max_hp_loss":0.0,"gold_gain":0.0,"event_name":"Back to Basics","player_choice":"Simplicity","floor":19.0,"gold_loss":0.0,"damage_taken":0.0,"cards_upgraded":["Strike_R","Strike_R","Strike_R","Strike_R","Strike_R","Defend_R","Defend_R","Defend_R","Defend_R"]},{"damage_healed":0.0,"max_hp_gain":0.0,"max_hp_loss":0.0,"gold_gain":0.0,"event_name":"The Mausoleum","player_choice":"Ignored","floor":20.0,"gold_loss":0.0,"damage_taken":0.0},{"damage_healed":0.0,"max_hp_gain":0.0,"max_hp_loss":0.0,"gold_gain":0.0,"event_name":"Colosseum","player_choice":"Fight","floor":21.0,"gold_loss":0.0,"damage_taken":0.0},{"damage_healed":0.0,"max_hp_gain":0.0,"max_hp_loss":0.0,"gold_gain":0.0,"event_name":"Colosseum","player_choice":"Fought Nobs","floor":21.0,"gold_loss":0.0,"damage_taken":0.0},{"cards_removed":["Burning Pact"],"damage_healed":0,"gold_gain":0,"player_choice":"Gave Card","damage_taken":0,"relics_obtained":["Gambling Chip"],"max_hp_gain":0,"max_hp_loss":0,"event_name":"WeMeetAgain","floor":39,"gold_loss":0}],"is_beta":true,"boss_relics":[{"not_picked":["Runic Cube","Black Star"],"picked":"Philosopher\u0027s Stone"},{"not_picked":["Tiny House","Runic Pyramid"],"picked":"Snecko Eye"}],"items_purged_floors":[30,48],"is_endless":false,"potions_floor_spawned":[2,12,14,16,18,21,22,27,36,38,41],"ascension_level":20}