{"gold_per_floor":[109,184,262,262,44,44,78,78,78,28,43,43,71,96,96,198,198,213,213,213,213,227,227,127,127,150,150,183,209,209,219,219,315,315,329,429,304,304,304,304,54,54,108,118,118,167,167,200,200,297,297,314,334,184,255,255,255,255,255,308,308,326,326,360,110,110,206,206,224,49,49,76,93,93,93,93,121,135,135,135,95,113,113,210,210,224,224,224,242,262,262,262,262,291,291,98,98,98,98,98,194,194,205,239,296,296,296,327,327,327,357,357,371,371,546,400,400,519,519,532,565,604,360,373,373,373,373,408,408,295,295,192,212,212,337,337,337],"floor_reached":137,"playtime":2065,"items_purged":["Go for the Eyes","Intimidate","Reinforced Body","Hologram","Shockwave","Leap","Flame Barrier"],"score":3744,"play_id":"bc7b0f21-b3c1-4375-a9c9-40b5fcfef6c0","local_time":"20190205212801","daily_mods":["SealedDeck","Red Cards","Flight"],"is_ascension_mode":false,"campfire_choices":[{"data":"Searing Blow","floor":6.0,"key":"SMITH"},{"data":"Searing Blow+1","floor":8.0,"key":"SMITH"},{"data":"Searing Blow+2","floor":12.0,"key":"SMITH"},{"data":"Searing Blow+3","floor":15.0,"key":"SMITH"},{"data":"Searing Blow+4","floor":23.0,"key":"SMITH"},{"data":"Searing Blow+5","floor":25.0,"key":"SMITH"},{"data":"Searing Blow+6","floor":27.0,"key":"SMITH"},{"data":"Searing Blow+7","floor":30.0,"key":"SMITH"},{"data":"Searing Blow+8","floor":32.0,"key":"SMITH"},{"data":"Searing Blow+10","floor":40.0,"key":"SMITH"},{"data":"Searing Blow+11","floor":42.0,"key":"SMITH"},{"data":"Searing Blow+12","floor":47.0,"key":"SMITH"},{"data":"Searing Blow+13","floor":49.0,"key":"SMITH"},{"data":"Searing Blow+15","floor":57.0,"key":"SMITH"},{"data":"Searing Blow+16","floor":58.0,"key":"SMITH"},{"data":"Searing Blow+17","floor":59.0,"key":"SMITH"},{"data":"Searing Blow+18","floor":61.0,"key":"SMITH"},{"data":"Searing Blow+19","floor":63.0,"key":"SMITH"},{"data":"Searing Blow+20","floor":66.0,"key":"SMITH"},{"data":"Searing Blow+21","floor":74.0,"key":"SMITH"},{"data":"Searing Blow+22","floor":75.0,"key":"SMITH"},{"data":"Searing Blow+23","floor":80,"key":"SMITH"},{"data":"Searing Blow+24","floor":83,"key":"SMITH"},{"data":"Searing Blow+26","floor":91,"key":"SMITH"},{"data":"Searing Blow+27","floor":92,"key":"SMITH"},{"data":"Searing Blow+28","floor":93,"key":"SMITH"},{"data":"Searing Blow+29","floor":95,"key":"SMITH"},{"data":"Searing Blow+30","floor":97,"key":"SMITH"},{"data":"Searing Blow+31","floor":98,"key":"SMITH"},{"data":"Beam Cell","floor":100,"key":"SMITH"},{"data":"Searing Blow+33","floor":109,"key":"SMITH"},{"data":"Searing Blow+34","floor":110,"key":"SMITH"},{"data":"Searing Blow+35","floor":117,"key":"SMITH"},{"data":"Searing Blow+36","floor":125,"key":"SMITH"},{"data":"Searing Blow+37","floor":126,"key":"SMITH"},{"data":"Searing Blow+39","floor":129,"key":"SMITH"},{"data":"Searing Blow+40","floor":131,"key":"SMITH"},{"data":"Conserve Battery","floor":134,"key":"SMITH"}],"neow_cost":"","seed_source_timestamp":0,"circlet_count":0,"master_deck":["Conserve Battery+1","Beam Cell+1","Searing Blow+41"],"special_seed":0,"relics":["Unceasing Top","PreservedInsect","Dream Catcher","Mango","Odd Mushroom","White Beast Statue","Orichalcum","Emotion Chip","Omamori","Nuclear Battery","Ice Cream","Mummified Hand","Tiny Chest","Bag of Marbles","Lizard Tail","Pen Nib","Bottled Flame","Membership Card","Golden Idol","Turnip","Red Mask","Incense Burner","Lee\u0027s Waffle"],"potions_floor_usage":[81,90,128,128],"damage_taken":[{"damage":0.0,"enemies":"2 Louse","floor":1.0,"turns":3.0},{"damage":10.0,"enemies":"Lagavulin","floor":7.0,"turns":6.0},{"damage":0.0,"enemies":"Small Slimes","floor":11.0,"turns":3.0},{"damage":4.0,"enemies":"Gremlin Nob","floor":13.0,"turns":4.0},{"damage":11.0,"enemies":"The Mushroom Lair","floor":14.0,"turns":4.0},{"damage":11.0,"enemies":"The Guardian","floor":16.0,"turns":8.0},{"damage":2.0,"enemies":"Shell Parasite","floor":18.0,"turns":3.0},{"damage":3.0,"enemies":"3 Byrds","floor":22.0,"turns":2.0},{"damage":0.0,"enemies":"Book of Stabbing","floor":28.0,"turns":3.0},{"damage":26.0,"enemies":"Gremlin Leader","floor":29.0,"turns":4.0},{"damage":1.0,"enemies":"3 Cultists","floor":31.0,"turns":5.0},{"damage":55.0,"enemies":"Automaton","floor":33.0,"turns":7.0},{"damage":3.0,"enemies":"3 Darklings","floor":35.0,"turns":4.0},{"damage":0.0,"enemies":"Mind Bloom Boss Battle","floor":36.0,"turns":3.0},{"damage":0.0,"enemies":"Orb Walker","floor":44.0,"turns":1.0},{"damage":1.0,"enemies":"Giant Head","floor":48.0,"turns":3.0},{"damage":3.0,"enemies":"Time Eater","floor":50.0,"turns":4.0},{"damage":0.0,"enemies":"Jaw Worm","floor":52.0,"turns":2.0},{"damage":0.0,"enemies":"Small Slimes","floor":53.0,"turns":3.0},{"damage":0.0,"enemies":"Cultist","floor":62.0,"turns":1.0},{"damage":0.0,"enemies":"Gremlin Nob","floor":64.0,"turns":2.0},{"damage":0.0,"enemies":"The Guardian","floor":67.0,"turns":1.0},{"damage":8.0,"enemies":"2 Thieves","floor":69.0,"turns":2.0},{"damage":0.0,"enemies":"Book of Stabbing","floor":72.0,"turns":1.0},{"damage":0.0,"enemies":"Spheric Guardian","floor":73.0,"turns":1.0},{"damage":0.0,"enemies":"Gremlin Leader","floor":77.0,"turns":1.0},{"damage":0.0,"enemies":"Shelled Parasite and Fungi","floor":78.0,"turns":3.0},{"damage":4,"enemies":"Chosen and Byrds","floor":82,"turns":2},{"damage":0,"enemies":"Automaton","floor":84,"turns":2},{"damage":0,"enemies":"Orb Walker","floor":86,"turns":1},{"damage":0,"enemies":"3 Shapes","floor":89,"turns":4},{"damage":14,"enemies":"3 Darklings","floor":90,"turns":12},{"damage":0,"enemies":"Reptomancer","floor":94,"turns":1},{"damage":0,"enemies":"Donu and Deca","floor":101,"turns":2},{"damage":0,"enemies":"Jaw Worm","floor":103,"turns":1},{"damage":0,"enemies":"Lagavulin","floor":104,"turns":1},{"damage":0,"enemies":"Gremlin Nob","floor":108,"turns":1},{"damage":0,"enemies":"Lagavulin","floor":111,"turns":1},{"damage":0,"enemies":"Cultist","floor":113,"turns":1},{"damage":0,"enemies":"Hexaghost","floor":118,"turns":1},{"damage":0,"enemies":"Shell Parasite","floor":120,"turns":1},{"damage":5,"enemies":"Masked Bandits","floor":121,"turns":3},{"damage":0,"enemies":"Gremlin Leader","floor":122,"turns":1},{"damage":13,"enemies":"2 Thieves","floor":124,"turns":2},{"damage":2,"enemies":"Slavers","floor":128,"turns":3},{"damage":0,"enemies":"Centurion and Healer","floor":133,"turns":2},{"damage":0,"enemies":"Automaton","floor":135,"turns":1},{"damage":0,"enemies":"3 Darklings","floor":137,"turns":1}],"seed_played":"3631330739043448513","potions_obtained":[{"floor":1.0,"key":"FocusPotion"},{"floor":11.0,"key":"SkillPotion"},{"floor":14.0,"key":"Explosive Potion"},{"floor":22.0,"key":"SpeedPotion"},{"floor":29.0,"key":"Swift Potion"},{"floor":50.0,"key":"EssenceOfSteel"},{"floor":52.0,"key":"Block Potion"},{"floor":77.0,"key":"FairyPotion"},{"floor":81,"key":"Fruit Juice"},{"floor":82,"key":"PowerPotion"},{"floor":90,"key":"Fire Potion"},{"floor":99,"key":"FairyPotion"},{"floor":124,"key":"Block Potion"},{"floor":128,"key":"SpeedPotion"},{"floor":133,"key":"SpeedPotion"},{"floor":135,"key":"Ancient Potion"}],"is_trial":true,"path_per_floor":["M","?","?","?","$","R","E","R","T","?","M","R","E","?","R","B",null,"M","?","?","?","M","R","$","R","T","R","E","E","R","M","R","B",null,"M","?","$","?","?","R","$","R","T","M","?","T","R","E","R","B",null,"M","M","$","?","?","R","R","R","T","R","M","R","E","$","R","B",null,"M","$","?","E","M","R","R","$","E","M","?","R","?","M","R","B",null,"M","?","?","M","M","R","R","R","E","R","$","R","R","?","R","B",null,"M","E","?","$","?","E","R","R","E","$","M","?","?","$","R","B",null,"M","?","E","$","M","R","R","?","E","R","$","R","$","M","R","B",null,"M"],"character_chosen":"DEFECT","items_purchased":["PreservedInsect","Mummified Hand","Bottled Flame","Membership Card","Turnip","Incense Burner","Lee\u0027s Waffle"],"campfire_rested":0,"item_purchase_floors":[5,41,65,96,116,123,132],"current_hp_per_floor":[75,64,64,69,69,69,59,59,73,73,73,73,69,58,58,47,94,92,92,92,94,91,91,91,91,91,91,91,65,65,64,64,9,94,91,91,91,91,91,91,91,91,91,91,91,91,91,90,90,87,94,94,94,94,94,94,94,94,94,94,94,94,94,94,94,94,94,47,39,39,39,39,39,39,39,39,39,39,47,47,52,48,48,48,26,26,26,26,26,12,12,12,12,12,12,12,12,12,12,12,12,13,13,13,13,13,13,13,13,13,13,13,13,10,10,10,10,10,7,7,2,2,2,1,1,1,1,1,1,1,1,14,14,14,14,14,14],"gold":337,"neow_bonus":"","is_prod":false,"is_daily":false,"chose_seed":true,"campfire_upgraded":38,"win_rate":0,"timestamp":1549420081,"path_taken":["M","?","?","?","$","R","E","R","T","?","?","R","E","?","R","BOSS","M","?","?","?","?","R","$","R","T","R","E","E","R","?","R","BOSS","M","?","$","?","?","R","$","R","T","?","?","?","R","E","R","BOSS","M","M","$","?","?","R","R","R","T","R","?","R","E","$","R","BOSS","M","$","?","?","?","R","R","$","E","M","?","R","?","?","R","BOSS","M","?","?","?","?","R","R","R","E","R","$","R","R","?","R","BOSS","M","?","?","$","?","E","R","R","E","$","?","?","?","$","R","BOSS","M","?","?","$","M","R","R","?","E","R","$","R","$","?","R","BOSS","M"],"build_version":"2019-01-23","purchased_purges":7,"victory":false,"max_hp_per_floor":[75,75,75,80,80,80,80,80,94,94,94,94,94,94,94,94,94,94,94,94,94,94,94,94,94,94,94,94,94,94,94,94,94,94,94,94,94,94,94,94,94,94,94,94,94,94,94,94,94,94,94,94,94,94,94,94,94,94,94,94,94,94,94,94,94,94,94,47,47,47,47,47,47,47,47,47,47,47,47,47,52,52,52,52,26,26,26,26,26,26,26,26,26,26,26,26,26,26,26,26,26,13,13,13,13,13,13,13,13,13,13,13,13,13,13,13,13,13,7,7,7,7,7,7,7,7,7,7,7,7,7,14,14,14,14,14,14],"card_choices":[{"not_picked":["Perfected Strike","Burning Pact"],"picked":"Leap","floor":1.0},{"not_picked":["Gash","Go for the Eyes"],"picked":"Shockwave","floor":7.0},{"not_picked":["True Grit","Sweeping Beam","Rebound"],"picked":"SKIP","floor":11.0},{"not_picked":["Sweeping Beam","Body Slam","Limit Break"],"picked":"SKIP","floor":13.0},{"not_picked":["Turbo","Ghostly Armor"],"picked":"Hologram","floor":14.0},{"not_picked":["Iron Wave","Dropkick+1","Compile Driver+1"],"picked":"SKIP","floor":18.0},{"not_picked":["Gash","Second Wind","Ball Lightning+1"],"picked":"SKIP","floor":22.0},{"not_picked":["Steam","Second Wind+1","Dark Embrace"],"picked":"SKIP","floor":28.0},{"not_picked":["Spot Weakness+1","Intimidate+1","FTL+1"],"picked":"SKIP","floor":29.0},{"not_picked":["Thunderclap","Twin Strike","Second Wind"],"picked":"SKIP","floor":31.0},{"not_picked":["Headbutt+1","Lockon+1","Second Wind+1"],"picked":"SKIP","floor":35.0},{"not_picked":["Hemokinesis+1","Go for the Eyes+1","Ball Lightning+1"],"picked":"SKIP","floor":44.0},{"not_picked":["Havoc","Headbutt+1","Shrug It Off+1"],"picked":"SKIP","floor":48.0},{"not_picked":["Power Through","Hemokinesis","Heavy Blade"],"picked":"SKIP","floor":52.0},{"not_picked":["Iron Wave","Shrug It Off","Hello World"],"picked":"SKIP","floor":53.0},{"not_picked":["Armaments","Turbo","Flex"],"picked":"SKIP","floor":62.0},{"not_picked":["Demon Form","Ball Lightning","Leap"],"picked":"SKIP","floor":64.0},{"not_picked":["Redo","Wild Strike","Power Through"],"picked":"SKIP","floor":69.0},{"not_picked":["Offering","Aggregate","Redo"],"picked":"SKIP","floor":72.0},{"not_picked":["Pummel","Clothesline","Stack"],"picked":"SKIP","floor":73.0},{"not_picked":["Flex+1","Sword Boomerang","Disarm"],"picked":"SKIP","floor":77.0},{"not_picked":["Headbutt","Intimidate","Ball Lightning"],"picked":"SKIP","floor":78.0},{"not_picked":["Thunderclap","Twin Strike","Reprogram"],"picked":"SKIP","floor":82},{"not_picked":["Go for the Eyes","White Noise","Iron Wave"],"picked":"SKIP","floor":86},{"not_picked":["Cleave+1","Hemokinesis","BootSequence+1"],"picked":"SKIP","floor":89},{"not_picked":["Gash","True Grit+1","Coolheaded+1"],"picked":"SKIP","floor":90},{"not_picked":["Power Through+1","Carnage","Exhume"],"picked":"SKIP","floor":94},{"not_picked":["Recycle","Anger","Wild Strike"],"picked":"SKIP","floor":103},{"not_picked":["Feed","Pommel Strike","Stack"],"picked":"SKIP","floor":104},{"not_picked":["Whirlwind","Coolheaded","Tempest"],"picked":"SKIP","floor":108},{"not_picked":["Corruption","Sword Boomerang","Tempest"],"picked":"SKIP","floor":111},{"not_picked":["Clash","Blood for Blood","Uppercut"],"picked":"SKIP","floor":113},{"not_picked":["Flex+1","Loop+1","Armaments+1"],"picked":"SKIP","floor":120},{"not_picked":["Shrug It Off","Streamline","Burning Pact"],"picked":"SKIP","floor":122},{"not_picked":["Shockwave","Sword Boomerang+1","Warcry+1"],"picked":"SKIP","floor":124},{"not_picked":["Whirlwind","BootSequence","Seeing Red"],"picked":"SKIP","floor":128},{"not_picked":["Steam","Stack","Barrage"],"picked":"SKIP","floor":133}],"player_experience":937703,"relics_obtained":[{"floor":7.0,"key":"Dream Catcher"},{"floor":9.0,"key":"Mango"},{"floor":14.0,"key":"Odd Mushroom"},{"floor":26.0,"key":"Orichalcum"},{"floor":28.0,"key":"Emotion Chip"},{"floor":29.0,"key":"Omamori"},{"floor":36.0,"key":"Ice Cream"},{"floor":43.0,"key":"Tiny Chest"},{"floor":46.0,"key":"Bag of Marbles"},{"floor":60.0,"key":"Pen Nib"},{"floor":121,"key":"Red Mask"}],"event_choices":[{"damage_healed":0.0,"max_hp_gain":0.0,"max_hp_loss":0.0,"gold_gain":75.0,"event_name":"World of Goop","player_choice":"Gather Gold","floor":2.0,"gold_loss":0.0,"damage_taken":11.0},{"damage_healed":0.0,"max_hp_gain":0.0,"max_hp_loss":0.0,"gold_gain":78.0,"event_name":"Golden Wing","player_choice":"Gained Gold","floor":3.0,"gold_loss":0.0,"damage_taken":0.0},{"damage_healed":0.0,"max_hp_gain":5.0,"max_hp_loss":0.0,"gold_gain":0.0,"event_name":"Big Fish","player_choice":"Donut","floor":4.0,"gold_loss":0.0,"damage_taken":0.0},{"cards_removed":["Double Energy"],"damage_healed":0.0,"max_hp_gain":0.0,"max_hp_loss":0.0,"gold_gain":0.0,"event_name":"The Cleric","player_choice":"Card Removal","floor":10.0,"gold_loss":50.0,"damage_taken":0.0},{"damage_healed":0.0,"max_hp_gain":0.0,"max_hp_loss":0.0,"gold_gain":0.0,"event_name":"Mushrooms","player_choice":"Fought Mushrooms","floor":14.0,"gold_loss":0.0,"damage_taken":0.0},{"damage_healed":0.0,"max_hp_gain":0.0,"max_hp_loss":0.0,"gold_gain":0.0,"event_name":"The Mausoleum","player_choice":"Ignored","floor":19.0,"gold_loss":0.0,"damage_taken":0.0},{"damage_healed":0.0,"max_hp_gain":0.0,"max_hp_loss":0.0,"gold_gain":0.0,"event_name":"The Library","player_choice":"Read","floor":20.0,"gold_loss":0.0,"damage_taken":0.0,"cards_obtained":["Conserve Battery"]},{"cards_removed":["True Grit"],"damage_healed":5.0,"max_hp_gain":0.0,"max_hp_loss":0.0,"gold_gain":0.0,"event_name":"Bonfire Elementals","player_choice":"Offered Common","floor":21.0,"gold_loss":0.0,"damage_taken":0.0},{"cards_removed":["True Grit"],"damage_healed":5.0,"max_hp_gain":0.0,"max_hp_loss":0.0,"gold_gain":0.0,"event_name":"Bonfire Elementals","player_choice":"Offered Special","floor":21.0,"gold_loss":0.0,"damage_taken":0.0},{"damage_healed":0.0,"max_hp_gain":0.0,"max_hp_loss":0.0,"gold_gain":0.0,"event_name":"MindBloom","player_choice":"Fight","floor":36.0,"gold_loss":0.0,"damage_taken":0.0},{"damage_healed":0.0,"max_hp_gain":0.0,"max_hp_loss":0.0,"gold_gain":0.0,"event_name":"Mysterious Sphere","player_choice":"Ignored","floor":38.0,"gold_loss":0.0,"damage_taken":0.0},{"damage_healed":0.0,"max_hp_gain":0.0,"max_hp_loss":0.0,"gold_gain":0.0,"event_name":"Accursed Blacksmith","player_choice":"Forge","floor":39.0,"gold_loss":0.0,"damage_taken":0.0,"cards_upgraded":["Searing Blow"]},{"cards_removed":["Shrug It Off"],"damage_healed":0.0,"max_hp_gain":0.0,"max_hp_loss":0.0,"gold_gain":0.0,"event_name":"Falling","player_choice":"Removed Skill","floor":45.0,"gold_loss":0.0,"damage_taken":0.0},{"damage_healed":0.0,"max_hp_gain":0.0,"max_hp_loss":0.0,"gold_gain":71.0,"event_name":"Golden Wing","player_choice":"Gained Gold","floor":55.0,"gold_loss":0.0,"damage_taken":0.0},{"damage_healed":0.0,"max_hp_gain":0.0,"max_hp_loss":0.0,"gold_gain":0.0,"event_name":"Accursed Blacksmith","player_choice":"Forge","floor":56.0,"gold_loss":0.0,"damage_taken":0.0,"cards_upgraded":["Searing Blow"]},{"damage_healed":16,"gold_gain":0,"player_choice":"Heal","damage_taken":0,"max_hp_gain":0,"max_hp_loss":0,"event_name":"The Library","floor":79,"gold_loss":0},{"damage_healed":0,"gold_gain":0,"player_choice":"Bought 3 Potions","damage_taken":0,"max_hp_gain":0,"max_hp_loss":0,"event_name":"The Woman in Blue","floor":81,"gold_loss":0},{"cards_removed":["Conserve Battery"],"damage_healed":0,"gold_gain":0,"player_choice":"Removed Skill","damage_taken":0,"max_hp_gain":0,"max_hp_loss":0,"event_name":"Falling","floor":87,"gold_loss":0},{"damage_healed":0,"gold_gain":0,"player_choice":"Upgraded","damage_taken":0,"max_hp_gain":0,"max_hp_loss":0,"event_name":"Upgrade Shrine","floor":88,"gold_loss":0,"cards_upgraded":["Searing Blow"]},{"damage_healed":0,"gold_gain":0,"player_choice":"Got Potions","damage_taken":0,"max_hp_gain":0,"max_hp_loss":0,"event_name":"Lab","floor":99,"gold_loss":0},{"damage_healed":0,"gold_gain":57,"player_choice":"Gained Gold","damage_taken":0,"max_hp_gain":0,"max_hp_loss":0,"event_name":"Golden Wing","floor":105,"gold_loss":0},{"damage_healed":0,"gold_gain":0,"player_choice":"Grow","damage_taken":0,"max_hp_gain":0,"max_hp_loss":0,"event_name":"Living Wall","floor":107,"gold_loss":0,"cards_upgraded":["Searing Blow"]},{"damage_healed":0,"gold_gain":0,"player_choice":"Take Damage","damage_taken":3,"relics_obtained":["Golden Idol"],"max_hp_gain":0,"max_hp_loss":0,"event_name":"Golden Idol","floor":114,"gold_loss":0},{"damage_healed":0,"gold_gain":175,"player_choice":"AGREE","damage_taken":0,"max_hp_gain":0,"max_hp_loss":0,"event_name":"Liars Game","floor":115,"gold_loss":0,"cards_obtained":["Doubt"]},{"damage_healed":0,"gold_gain":0,"player_choice":"Fought Bandits","damage_taken":0,"max_hp_gain":0,"max_hp_loss":0,"event_name":"Masked Bandits","floor":121,"gold_loss":0},{"damage_healed":0,"gold_gain":0,"player_choice":"Forge","damage_taken":0,"max_hp_gain":0,"max_hp_loss":0,"event_name":"Accursed Blacksmith","floor":127,"gold_loss":0,"cards_upgraded":["Searing Blow"]}],"is_beta":true,"boss_relics":[{"not_picked":["Black Star","Busted Crown"],"picked":"White Beast Statue"},{"not_picked":["Philosopher\u0027s Stone","Velvet Choker"],"picked":"Nuclear Battery"},{"not_picked":["Snecko Eye","Sozu"],"picked":"Lizard Tail"},{"not_picked":["Scatterbrain"],"picked":"BlightedDurian"},{"not_picked":["Scatterbrain"],"picked":"BlightedDurian"},{"not_picked":["MetallicRebirth"],"picked":"BlightedDurian"},{"not_picked":["GraspOfShadows"],"picked":"BlightedDurian"},{"not_picked":["VoidEssence"],"picked":"MetallicRebirth"}],"items_purged_floors":[5,24,37,54,70,123,130],"is_endless":true,"potions_floor_spawned":[1,11,14,18,22,28,29,31,33,35,36,44,48,50,52,53,62,64,67,69,72,73,77,78,82,84,86,89,90,94,101,103,104,108,111,113,118,120,121,122,124,128,133,135],"killed_by":"3 Darklings","ascension_level":0}