{"gold_per_floor":[115,115,44,58,58,91,91,123,123,150,150,43,55,81,81,183,183,202,152,172,184,216,216,244,244,244,264,328,343,372,391,391,391],"floor_reached":33,"playtime":1607,"items_purged":[],"score":505,"play_id":"d0737856-a5ce-4b9c-907c-c12dd9f4c54a","local_time":"20190211144611","is_ascension_mode":true,"campfire_choices":[{"data":"Chaos","floor":7,"key":"SMITH"},{"floor":11,"key":"REST"},{"data":"Dramatic Entrance","floor":15,"key":"SMITH"},{"data":"Electrodynamics","floor":23,"key":"SMITH"},{"floor":25,"key":"RECALL"},{"floor":32,"key":"REST"}],"neow_cost":"NONE","seed_source_timestamp":505154498953435,"circlet_count":0,"master_deck":["Strike_B","Strike_B","Strike_B","Strike_B","Defend_B","Defend_B","Defend_B","Defend_B+1","Zap+1","Dualcast","Beam Cell","Defragment+1","Chaos+1","FTL","Steam+1","Steam+1","Conserve Battery+1","Dramatic Entrance+1","Coolheaded+1","Seek+1","Electrodynamics+1","Coolheaded+1","Conserve Battery+1","Double Energy+1","Conserve Battery+1","Coolheaded+1","Auto Shields+1","BootSequence+1","Leap+1"],"relics":["FrozenCore","NeowsBlessing","StoneCalendar","Toxic Egg 2","Pantograph","Vajra","Odd Mushroom","Red Mask","Blood Vial","Tiny Chest","Strawberry"],"potions_floor_usage":[10,22,30,33],"damage_taken":[{"damage":0,"enemies":"Small Slimes","floor":1,"turns":1},{"damage":0,"enemies":"Cultist","floor":4,"turns":1},{"damage":0,"enemies":"Gremlin Nob","floor":6,"turns":1},{"damage":17,"enemies":"3 Sentries","floor":8,"turns":6},{"damage":20,"enemies":"Gremlin Nob","floor":10,"turns":4},{"damage":0,"enemies":"2 Louse","floor":13,"turns":2},{"damage":8,"enemies":"The Mushroom Lair","floor":14,"turns":3},{"damage":5,"enemies":"The Guardian","floor":16,"turns":8},{"damage":12,"enemies":"2 Thieves","floor":18,"turns":3},{"damage":0,"enemies":"3 Byrds","floor":20,"turns":2},{"damage":4,"enemies":"Centurion and Healer","floor":21,"turns":6},{"damage":0,"enemies":"Masked Bandits","floor":22,"turns":2},{"damage":19,"enemies":"Book of Stabbing","floor":24,"turns":6},{"damage":6,"enemies":"Chosen and Byrds","floor":27,"turns":6},{"damage":8,"enemies":"Gremlin Leader","floor":28,"turns":6},{"damage":18,"enemies":"Cultist and Chosen","floor":29,"turns":6},{"damage":9,"enemies":"Book of Stabbing","floor":30,"turns":7},{"damage":7,"enemies":"Sentry and Sphere","floor":31,"turns":3},{"damage":55,"enemies":"Champ","floor":33,"turns":28}],"seed_played":"-6816704339989995526","potions_obtained":[{"floor":8,"key":"SkillPotion"},{"floor":10,"key":"Explosive Potion"},{"floor":16,"key":"Swift Potion"},{"floor":22,"key":"GamblersBrew"},{"floor":27,"key":"Block Potion"},{"floor":31,"key":"Weak Potion"}],"is_trial":false,"path_per_floor":["M","?","$","M","?","E","R","E","T","E","R","$","M","?","R","B",null,"M","?","M","M","?","R","E","R","T","M","E","M","E","M","R","B"],"character_chosen":"DEFECT","items_purchased":["Defragment","Conserve Battery+1","Dramatic Entrance"],"campfire_rested":2,"item_purchase_floors":[3,12,12],"current_hp_per_floor":[68,68,68,68,53,53,53,36,36,16,38,38,38,30,30,50,69,57,57,57,53,53,53,34,34,34,30,24,8,8,3,27,0],"gold":391,"neow_bonus":"THREE_ENEMY_KILL","is_prod":false,"is_daily":false,"chose_seed":false,"campfire_upgraded":3,"win_rate":0,"timestamp":1549907171,"path_taken":["M","?","?","M","?","E","R","E","T","E","R","?","?","?","R","BOSS","M","?","M","?","?","R","E","R","T","M","E","M","E","M","R","BOSS"],"build_version":"2019-01-23","purchased_purges":0,"victory":false,"max_hp_per_floor":[75,75,75,75,75,75,75,75,75,75,75,75,75,75,75,75,75,75,75,75,75,75,75,75,75,75,75,75,75,82,82,82,82],"card_choices":[{"not_picked":["Recycle","Consume"],"picked":"Beam Cell","floor":1},{"not_picked":["Tempest","Barrage"],"picked":"Chaos","floor":4},{"not_picked":["Sweeping Beam","Multi-Cast"],"picked":"FTL","floor":6},{"not_picked":["Go for the Eyes","Turbo"],"picked":"Steam","floor":8},{"not_picked":["Beam Cell","Ball Lightning"],"picked":"Steam+1","floor":10},{"not_picked":["Turbo+1","Hologram+1"],"picked":"Coolheaded+1","floor":13},{"not_picked":["Streamline","Aggregate+1"],"picked":"Seek+1","floor":14},{"not_picked":["Machine Learning","Thunder Strike"],"picked":"Electrodynamics","floor":16},{"not_picked":["Compile Driver","Chill+1"],"picked":"Coolheaded+1","floor":18},{"not_picked":["Stack+1","Auto Shields+1"],"picked":"Conserve Battery+1","floor":20},{"not_picked":["Compile Driver","Ball Lightning"],"picked":"Double Energy+1","floor":21},{"not_picked":["Redo+1","Go for the Eyes"],"picked":"Conserve Battery+1","floor":22},{"not_picked":["Multi-Cast+1","Streamline","Rip and Tear"],"picked":"SKIP","floor":24},{"not_picked":["Reinforced Body+1","Scrape"],"picked":"Coolheaded+1","floor":27},{"not_picked":["Coolheaded+1","Scrape"],"picked":"Auto Shields+1","floor":28},{"not_picked":["Steam+1","Redo+1"],"picked":"BootSequence+1","floor":29},{"not_picked":["Sweeping Beam","Force Field+1","Gash+1"],"picked":"SKIP","floor":30},{"not_picked":["Scrape","Beam Cell+1"],"picked":"Leap+1","floor":31}],"player_experience":753684,"relics_obtained":[{"floor":6,"key":"StoneCalendar"},{"floor":8,"key":"Toxic Egg 2"},{"floor":9,"key":"Pantograph"},{"floor":10,"key":"Vajra"},{"floor":14,"key":"Odd Mushroom"},{"floor":22,"key":"Red Mask"},{"floor":24,"key":"Blood Vial"},{"floor":28,"key":"Tiny Chest"},{"floor":30,"key":"Strawberry"}],"event_choices":[{"damage_healed":0,"gold_gain":0,"player_choice":"Forge","damage_taken":0,"max_hp_gain":0,"max_hp_loss":0,"event_name":"Accursed Blacksmith","floor":2,"gold_loss":0,"cards_upgraded":["Zap"]},{"damage_healed":0,"gold_gain":0,"player_choice":"Entered Light","damage_taken":15,"max_hp_gain":0,"max_hp_loss":0,"event_name":"Shining Light","floor":5,"gold_loss":0,"cards_upgraded":["Defend_B","Defragment"]},{"damage_healed":0,"gold_gain":0,"player_choice":"Fought Mushrooms","damage_taken":0,"max_hp_gain":0,"max_hp_loss":0,"event_name":"Mushrooms","floor":14,"gold_loss":0},{"damage_healed":0,"gold_gain":0,"player_choice":"Bet on Murderer","damage_taken":0,"max_hp_gain":0,"max_hp_loss":0,"event_name":"The Joust","floor":19,"gold_loss":50},{"damage_healed":0,"gold_gain":0,"player_choice":"Fought Bandits","damage_taken":0,"max_hp_gain":0,"max_hp_loss":0,"event_name":"Masked Bandits","floor":22,"gold_loss":0}],"is_beta":false,"boss_relics":[{"not_picked":["Snecko Eye","Pandora\u0027s Box"],"picked":"FrozenCore"}],"items_purged_floors":[],"is_endless":false,"potions_floor_spawned":[8,10,16,22,27,29,31],"killed_by":"Champ","ascension_level":9}