{"gold_per_floor":[115,115,115,140,140,483,483,522,522,697,60,60,84,117,117,216,279,303,303,328,528,548,548,571,571,622,622,642,89,89,102,102,197,197,220,236,236,1235,1235,1235,1235],"floor_reached":41,"playtime":1234,"items_purged":["Doubt","Strike_R"],"score":784,"play_id":"cf24ea6d-0826-438a-b909-b4eefa25eb0c","local_time":"20190408002809","is_ascension_mode":true,"campfire_choices":[{"data":"Combust","floor":7,"key":"SMITH"},{"floor":12,"key":"REST"},{"data":"Offering","floor":15,"key":"SMITH"},{"data":"Battle Trance","floor":23,"key":"SMITH"},{"floor":25,"key":"REST"},{"data":"Thunderclap","floor":32,"key":"SMITH"},{"data":"Rupture","floor":40,"key":"SMITH"}],"neow_cost":"NONE","seed_source_timestamp":562948568713612,"circlet_count":0,"master_deck":["AscendersBane","Strike_R","Strike_R","Strike_R+1","Defend_R","Defend_R+1","Defend_R","Defend_R","Bash+1","Combust+1","Battle Trance+1","Offering+1","Thunderclap+1","Havoc+1","Flame Barrier+1","Offering+1","Carnage+1","Armaments+1","Jack Of All Trades+1","Feed","Rupture+1","Chrysalis+1"],"relics":["Black Blood","NeowsBlessing","Golden Idol","Old Coin","Bronze Scales","Torii","Toxic Egg 2","Toolbox","Omamori","Tiny House","Bag of Preparation","MutagenicStrength","Oddly Smooth Stone","Sling","Molten Egg 2"],"potions_floor_usage":[16,33,41,41],"damage_taken":[{"damage":0,"enemies":"Cultist","floor":1,"turns":1},{"damage":0,"enemies":"Jaw Worm","floor":4,"turns":1},{"damage":0,"enemies":"Lagavulin","floor":6,"turns":1},{"damage":31,"enemies":"3 Sentries","floor":8,"turns":7},{"damage":8,"enemies":"2 Louse","floor":13,"turns":2},{"damage":16,"enemies":"Gremlin Nob","floor":14,"turns":2},{"damage":37,"enemies":"Hexaghost","floor":16,"turns":9},{"damage":14,"enemies":"Shell Parasite","floor":18,"turns":3},{"damage":12,"enemies":"Chosen","floor":20,"turns":2},{"damage":16,"enemies":"Centurion and Healer","floor":22,"turns":4},{"damage":33,"enemies":"Cultist and Chosen","floor":24,"turns":4},{"damage":12,"enemies":"Sentry and Sphere","floor":28,"turns":1},{"damage":8,"enemies":"Shelled Parasite and Fungi","floor":31,"turns":2},{"damage":50,"enemies":"Collector","floor":33,"turns":6},{"damage":14,"enemies":"3 Darklings","floor":35,"turns":2},{"damage":12,"enemies":"3 Shapes","floor":36,"turns":3},{"damage":83,"enemies":"Transient","floor":41,"turns":5}],"seed_played":"-5247147280291907829","potions_obtained":[{"floor":1,"key":"Poison Potion"},{"floor":8,"key":"FearPotion"},{"floor":13,"key":"Regen Potion"},{"floor":16,"key":"Weak Potion"},{"floor":35,"key":"GamblersBrew"}],"is_trial":false,"path_per_floor":["M","?","?","M","?","E","R","E","T","?","$","R","M","E","R","B",null,"M","?","M","?","M","R","M","R","T","?","M","$","?","M","R","B",null,"M","M","?","?","?","R","M"],"character_chosen":"IRONCLAD","items_purchased":["Toxic Egg 2","Havoc+1","Flame Barrier+1","Toolbox","Oddly Smooth Stone","Sling","Jack Of All Trades+1"],"campfire_rested":2,"item_purchase_floors":[11,11,11,11,29,29,29],"current_hp_per_floor":[74,67,49,55,40,46,46,21,21,21,21,43,41,31,31,15,65,57,57,51,51,41,41,14,38,38,38,32,32,58,56,56,12,63,62,63,63,63,63,63,0],"gold":1235,"neow_bonus":"THREE_ENEMY_KILL","is_prod":false,"is_daily":false,"chose_seed":false,"campfire_upgraded":5,"win_rate":0,"timestamp":1554694089,"path_taken":["M","?","?","?","?","E","R","E","T","?","$","R","M","E","R","BOSS","M","?","M","?","?","R","M","R","T","?","M","$","?","M","R","BOSS","M","M","?","?","?","R","?"],"build_version":"2019-01-23","purchased_purges":2,"victory":false,"max_hp_per_floor":[75,75,75,75,75,75,75,75,75,75,75,75,75,75,75,75,80,80,80,80,80,80,80,80,80,80,80,80,80,80,80,80,80,80,83,86,86,86,86,86,86],"card_choices":[{"not_picked":["Perfected Strike","Pommel Strike"],"picked":"Combust","floor":1},{"not_picked":["Thunderclap","Havoc"],"picked":"Battle Trance","floor":4},{"not_picked":["Uppercut","Clothesline"],"picked":"Offering","floor":6},{"not_picked":["Shrug It Off","Juggernaut"],"picked":"Thunderclap","floor":8},{"not_picked":["Flame Barrier+1","Infernal Blade+1","Thunderclap"],"picked":"SKIP","floor":13},{"not_picked":["Body Slam","Blood for Blood","Headbutt"],"picked":"SKIP","floor":14},{"not_picked":["Bludgeon","Reaper"],"picked":"Offering+1","floor":16},{"not_picked":["Fire Breathing","Twin Strike"],"picked":"Carnage+1","floor":18},{"not_picked":["Anger","Burning Pact+1","Twin Strike"],"picked":"SKIP","floor":20},{"not_picked":["Perfected Strike","Anger+1","Wild Strike"],"picked":"SKIP","floor":22},{"not_picked":["Rampage+1","Combust"],"picked":"Armaments+1","floor":24},{"not_picked":["Heavy Blade","Perfected Strike+1","Uppercut"],"picked":"SKIP","floor":28},{"not_picked":["Pommel Strike","Carnage","Wild Strike"],"picked":"SKIP","floor":31},{"not_picked":["Limit Break+1","Dark Embrace"],"picked":"Feed","floor":33},{"not_picked":["Sword Boomerang","Anger+1"],"picked":"Rupture","floor":35},{"not_picked":["Shrug It Off+1","Reckless Charge","Fire Breathing+1"],"picked":"SKIP","floor":36},{"not_picked":["Sadistic Nature","Secret Weapon+1"],"picked":"Chrysalis+1","floor":37}],"player_experience":1046895,"relics_obtained":[{"floor":6,"key":"Old Coin"},{"floor":8,"key":"Bronze Scales"},{"floor":9,"key":"Torii"},{"floor":14,"key":"Omamori"},{"floor":26,"key":"Bag of Preparation"},{"floor":39,"key":"Molten Egg 2"}],"event_choices":[{"cards_removed":["Strike_R"],"damage_healed":0,"gold_gain":0,"player_choice":"Card Removal","damage_taken":7,"max_hp_gain":0,"max_hp_loss":0,"event_name":"Golden Wing","floor":2,"gold_loss":0},{"damage_healed":0,"gold_gain":0,"player_choice":"Take Damage","damage_taken":18,"relics_obtained":["Golden Idol"],"max_hp_gain":0,"max_hp_loss":0,"event_name":"Golden Idol","floor":3,"gold_loss":0},{"damage_healed":0,"gold_gain":0,"player_choice":"Entered Light","damage_taken":15,"max_hp_gain":0,"max_hp_loss":0,"event_name":"Shining Light","floor":5,"gold_loss":0,"cards_upgraded":["Bash","Strike_R"]},{"damage_healed":0,"gold_gain":175,"player_choice":"AGREE","damage_taken":0,"max_hp_gain":0,"max_hp_loss":0,"event_name":"Liars Game","floor":10,"gold_loss":0,"cards_obtained":["Doubt"]},{"damage_healed":0,"gold_gain":0,"player_choice":"Ignored","damage_taken":0,"max_hp_gain":0,"max_hp_loss":0,"event_name":"Ghosts","floor":19,"gold_loss":0},{"damage_healed":0,"gold_gain":200,"player_choice":"Gold","damage_taken":0,"max_hp_gain":0,"max_hp_loss":0,"event_name":"Wheel of Change","floor":21,"gold_loss":0},{"damage_healed":0,"gold_gain":0,"player_choice":"Inject Mutagens","damage_taken":0,"relics_obtained":["MutagenicStrength"],"max_hp_gain":0,"max_hp_loss":0,"event_name":"Drug Dealer","floor":27,"gold_loss":0},{"damage_healed":26,"gold_gain":0,"player_choice":"Heal","damage_taken":0,"max_hp_gain":0,"max_hp_loss":0,"event_name":"The Library","floor":30,"gold_loss":0},{"damage_healed":0,"gold_gain":0,"player_choice":"Memory 1","damage_taken":0,"max_hp_gain":0,"max_hp_loss":0,"event_name":"SensoryStone","floor":37,"gold_loss":0},{"damage_healed":0,"gold_gain":999,"player_choice":"Gold","damage_taken":0,"max_hp_gain":0,"max_hp_loss":0,"event_name":"MindBloom","floor":38,"gold_loss":0,"cards_obtained":["Normality","Normality"]},{"damage_healed":0,"gold_gain":0,"player_choice":"Relic","damage_taken":0,"max_hp_gain":0,"max_hp_loss":0,"event_name":"Wheel of Change","floor":39,"gold_loss":0}],"is_beta":false,"boss_relics":[{"not_picked":["Cursed Key","Pandora\u0027s Box"],"picked":"Tiny House"},{"not_picked":["Eternal Feather","Fusion Hammer"],"picked":"Black Blood"}],"items_purged_floors":[11,29],"is_endless":false,"potions_floor_spawned":[1,8,13,16,20,28,31,35],"killed_by":"Transient","ascension_level":14}