{"gold_per_floor":[115,135,60,76,76,93,105,133,133,133,133,133,156,4,4,129,129,154,154],"floor_reached":19,"playtime":800,"items_purged":["Decay"],"score":215,"play_id":"74095197-77c2-4689-bc42-7ba09a9af765","local_time":"20190206105517","is_ascension_mode":true,"campfire_choices":[{"data":"Shrug It Off","floor":10,"key":"SMITH"},{"floor":15,"key":"REST"}],"neow_cost":"CURSE","seed_source_timestamp":60079634998564,"circlet_count":0,"master_deck":["Strike_R+1","Strike_R","Strike_R","Strike_R","Strike_R","Defend_R","Defend_R","Defend_R","Defend_R","Bash","Berserk+1","Shrug It Off+1","Shrug It Off+1","Bloodletting","Battle Trance","Ghostly Armor","Cleave","Injury","Rampage","Reaper","Limit Break","Armaments"],"relics":["Burning Blood","Odd Mushroom","Shuriken","Golden Idol","Black Star"],"potions_floor_usage":[2,8,16,16,18],"damage_taken":[{"damage":0,"enemies":"Small Slimes","floor":1,"turns":3},{"damage":6,"enemies":"2 Louse","floor":2,"turns":4},{"damage":5,"enemies":"Cultist","floor":4,"turns":4},{"damage":33,"enemies":"Exordium Wildlife","floor":6,"turns":4},{"damage":22,"enemies":"Red Slaver","floor":7,"turns":6},{"damage":10,"enemies":"The Mushroom Lair","floor":8,"turns":4},{"damage":5,"enemies":"3 Louse","floor":13,"turns":4},{"damage":36,"enemies":"The Guardian","floor":16,"turns":13},{"damage":47,"enemies":"Chosen","floor":18,"turns":9},{"damage":31,"enemies":"Spheric Guardian","floor":19,"turns":3}],"seed_played":"-6429990376790107049","potions_obtained":[{"floor":1,"key":"EntropicBrew"},{"floor":6,"key":"Fire Potion"},{"floor":13,"key":"Fire Potion"},{"floor":16,"key":"GamblersBrew"}],"is_trial":false,"path_per_floor":["M","M","$","M","?","M","M","?","T","R","?","?","M","$","R","B",null,"M","M"],"character_chosen":"IRONCLAD","items_purchased":["Reaper"],"campfire_rested":1,"item_purchase_floors":[14],"current_hp_per_floor":[78,78,78,79,79,52,36,32,32,32,32,16,17,17,41,15,64,27,0],"gold":154,"neow_bonus":"THREE_RARE_CARDS","is_prod":false,"is_daily":false,"chose_seed":false,"campfire_upgraded":1,"win_rate":0,"timestamp":1549461317,"path_taken":["M","M","$","M","?","M","M","?","T","R","?","?","M","$","R","BOSS","M","M"],"build_version":"2019-01-23","purchased_purges":1,"victory":false,"max_hp_per_floor":[80,80,80,80,80,80,80,80,80,80,80,80,80,80,80,80,80,80,80],"card_choices":[{"not_picked":["Barricade","Impervious"],"picked":"Berserk","floor":0},{"not_picked":["True Grit","Pommel Strike"],"picked":"Shrug It Off","floor":1},{"not_picked":["Thunderclap","Ghostly Armor"],"picked":"Shrug It Off","floor":2},{"not_picked":["Fire Breathing","Rupture"],"picked":"Bloodletting","floor":4},{"not_picked":["Disarm","Cleave"],"picked":"Battle Trance","floor":6},{"not_picked":["Cleave","Body Slam"],"picked":"Ghostly Armor","floor":7},{"not_picked":["Hemokinesis","Corruption"],"picked":"Cleave","floor":8},{"not_picked":["Thunderclap","Clothesline"],"picked":"Rampage","floor":13},{"not_picked":["Offering","Feed"],"picked":"Limit Break","floor":16},{"not_picked":["Sever Soul+1","Searing Blow"],"picked":"Armaments","floor":18}],"player_experience":724168,"relics_obtained":[{"floor":8,"key":"Odd Mushroom"},{"floor":9,"key":"Shuriken"}],"event_choices":[{"damage_healed":0,"gold_gain":0,"player_choice":"Grow","damage_taken":0,"max_hp_gain":0,"max_hp_loss":0,"event_name":"Living Wall","floor":5,"gold_loss":0,"cards_upgraded":["Berserk"]},{"damage_healed":0,"gold_gain":0,"player_choice":"Fought Mushrooms","damage_taken":0,"max_hp_gain":0,"max_hp_loss":0,"event_name":"Mushrooms","floor":8,"gold_loss":0},{"damage_healed":0,"gold_gain":0,"player_choice":"Take Wound","damage_taken":0,"relics_obtained":["Golden Idol"],"max_hp_gain":0,"max_hp_loss":0,"event_name":"Golden Idol","floor":11,"gold_loss":0,"cards_obtained":["Injury"]},{"damage_healed":0,"gold_gain":0,"player_choice":"Entered Light","damage_taken":16,"max_hp_gain":0,"max_hp_loss":0,"event_name":"Shining Light","floor":12,"gold_loss":0,"cards_upgraded":["Strike_R","Shrug It Off"]}],"is_beta":false,"boss_relics":[{"not_picked":["Calling Bell","Pandora\u0027s Box"],"picked":"Black Star"}],"items_purged_floors":[3],"is_endless":false,"potions_floor_spawned":[1,6,13,16],"killed_by":"Spheric Guardian","ascension_level":7}