{"gold_per_floor":[113,113,136,136,151,151,166,184,210,285,285,326,351,395,395,395],"floor_reached":16,"playtime":1406,"items_purged":[],"score":190,"play_id":"e7e75455-111b-48f9-99f1-f5285a5c7f51","local_time":"20190424230922","is_ascension_mode":true,"campfire_choices":[{"data":"Zap","floor":6,"key":"SMITH"},{"floor":11,"key":"REST"},{"floor":15,"key":"REST"}],"neow_cost":"NONE","seed_source_timestamp":1155932947940534,"circlet_count":0,"master_deck":["AscendersBane","Strike_B","Strike_B","Strike_B","Strike_B","Defend_B","Defend_B","Defend_B","Defend_B","Zap+1","Dualcast","Reinforced Body","Coolheaded","Cold Snap","Glacier","Coolheaded","Rip and Tear","Go for the Eyes","Redo"],"relics":["Cracked Core","Orichalcum","Golden Idol","Potion Belt","Ancient Tea Set","Gremlin Horn"],"potions_floor_usage":[14,16],"damage_taken":[{"damage":9,"enemies":"Small Slimes","floor":1,"turns":3},{"damage":2,"enemies":"Jaw Worm","floor":3,"turns":3},{"damage":0,"enemies":"2 Louse","floor":5,"turns":2},{"damage":10,"enemies":"Large Slime","floor":7,"turns":7},{"damage":4,"enemies":"2 Fungi Beasts","floor":8,"turns":3},{"damage":5,"enemies":"Gremlin Nob","floor":12,"turns":8},{"damage":6,"enemies":"Looter","floor":13,"turns":3},{"damage":21,"enemies":"3 Sentries","floor":14,"turns":30},{"damage":40,"enemies":"Slime Boss","floor":16,"turns":11}],"seed_played":"1473783528135046644","potions_obtained":[{"floor":1,"key":"SpeedPotion"},{"floor":8,"key":"Energy Potion"},{"floor":12,"key":"Ancient Potion"},{"floor":14,"key":"SteroidPotion"}],"is_trial":false,"path_per_floor":["M","?","M","T","M","R","M","M","T","?","R","E","M","E","R","B"],"character_chosen":"DEFECT","items_purchased":[],"campfire_rested":2,"item_purchase_floors":[],"current_hp_per_floor":[55,55,53,53,53,53,43,39,39,28,47,42,36,15,34,0],"gold":395,"neow_bonus":"RANDOM_COMMON_RELIC","is_prod":false,"is_daily":false,"chose_seed":false,"campfire_upgraded":1,"win_rate":0,"timestamp":1556158162,"path_taken":["M","?","M","?","?","R","M","M","T","?","R","E","M","E","R","BOSS"],"build_version":"2019-01-23","purchased_purges":0,"victory":false,"max_hp_per_floor":[71,66,66,66,66,66,66,66,66,66,66,66,66,66,66,66],"card_choices":[{"not_picked":["Steam","Conserve Battery"],"picked":"Reinforced Body","floor":1},{"not_picked":["Melter","Hologram"],"picked":"Coolheaded","floor":3},{"not_picked":["Streamline","Double Energy"],"picked":"Cold Snap","floor":5},{"not_picked":["Ball Lightning","Stack"],"picked":"Glacier","floor":7},{"not_picked":["Leap","Rip and Tear"],"picked":"Coolheaded","floor":8},{"not_picked":["Undo","Turbo"],"picked":"Rip and Tear","floor":12},{"not_picked":["Ball Lightning","Thunder Strike"],"picked":"Go for the Eyes","floor":13},{"not_picked":["Hologram","Skim"],"picked":"Redo","floor":14}],"player_experience":1209849,"relics_obtained":[{"floor":9,"key":"Potion Belt"},{"floor":12,"key":"Ancient Tea Set"},{"floor":14,"key":"Gremlin Horn"}],"event_choices":[{"damage_healed":0,"gold_gain":0,"player_choice":"Lose Max HP","damage_taken":0,"relics_obtained":["Golden Idol"],"max_hp_gain":0,"max_hp_loss":5,"event_name":"Golden Idol","floor":2,"gold_loss":0},{"damage_healed":0,"gold_gain":75,"player_choice":"Gather Gold","damage_taken":11,"max_hp_gain":0,"max_hp_loss":0,"event_name":"World of Goop","floor":10,"gold_loss":0}],"is_beta":false,"boss_relics":[],"items_purged_floors":[],"is_endless":false,"potions_floor_spawned":[1,8,12,14],"killed_by":"Slime Boss","ascension_level":14}