{"gold_per_floor":[110,126,88,163,175,175,123,134,157,176,176,202,237,237],"floor_reached":14,"playtime":357,"items_purged":[],"score":99,"play_id":"15a88659-d6ab-4b54-b052-9171b30c99bd","local_time":"20190409104509","is_ascension_mode":true,"campfire_choices":[{"data":"Corruption","floor":6,"key":"SMITH"}],"neow_cost":"NONE","seed_source_timestamp":1472769381562600,"circlet_count":0,"master_deck":["Strike_R","Strike_R","Strike_R","Strike_R","Strike_R","Defend_R","Defend_R","Defend_R","Defend_R","Bash","Pommel Strike","Bloodletting","Corruption+1","Burning Pact","Twin Strike","Second Wind","Rupture","Dual Wield"],"relics":["Burning Blood","NeowsBlessing","PreservedInsect","Centennial Puzzle","Juzu Bracelet","StoneCalendar"],"potions_floor_usage":[],"damage_taken":[{"damage":0,"enemies":"Cultist","floor":1,"turns":1},{"damage":0,"enemies":"Jaw Worm","floor":2,"turns":1},{"damage":0,"enemies":"2 Louse","floor":5,"turns":1},{"damage":16,"enemies":"Blue Slaver","floor":8,"turns":4},{"damage":21,"enemies":"Large Slime","floor":10,"turns":7},{"damage":37,"enemies":"3 Sentries","floor":13,"turns":6},{"damage":12,"enemies":"Red Slaver","floor":14,"turns":2}],"seed_played":"-852482524017585570","potions_obtained":[{"floor":5,"key":"SteroidPotion"},{"floor":8,"key":"PowerPotion"}],"is_trial":false,"path_per_floor":["M","M","$","?","M","R","$","M","T","M","?","T","E","M"],"character_chosen":"IRONCLAD","items_purchased":["Corruption","Twin Strike"],"campfire_rested":0,"item_purchase_floors":[3,7],"current_hp_per_floor":[80,80,80,69,75,75,75,65,65,50,43,43,12,0],"gold":237,"neow_bonus":"THREE_ENEMY_KILL","is_prod":false,"is_daily":false,"chose_seed":false,"campfire_upgraded":1,"win_rate":0,"timestamp":1554821109,"path_taken":["M","?","$","?","M","R","$","M","T","M","?","?","E","M"],"build_version":"2019-01-23","purchased_purges":0,"victory":false,"max_hp_per_floor":[80,80,80,80,80,80,80,80,80,80,80,80,80,80],"card_choices":[{"not_picked":["Clash","Sentinel"],"picked":"Pommel Strike","floor":1},{"not_picked":["Second Wind","Rupture"],"picked":"Bloodletting","floor":2},{"not_picked":["Bloodletting","Havoc"],"picked":"Burning Pact","floor":5},{"not_picked":["Fire Breathing","Perfected Strike"],"picked":"Second Wind","floor":8},{"not_picked":["Body Slam","Perfected Strike"],"picked":"Rupture","floor":10},{"not_picked":["Burning Pact","Clothesline"],"picked":"Dual Wield","floor":13}],"player_experience":85785,"relics_obtained":[{"floor":9,"key":"PreservedInsect"},{"floor":12,"key":"Juzu Bracelet"},{"floor":13,"key":"StoneCalendar"}],"event_choices":[{"damage_healed":0,"gold_gain":75,"player_choice":"Gather Gold","damage_taken":11,"max_hp_gain":0,"max_hp_loss":0,"event_name":"World of Goop","floor":4,"gold_loss":0},{"damage_healed":0,"gold_gain":0,"player_choice":"Success","damage_taken":7,"relics_obtained":["Centennial Puzzle"],"max_hp_gain":0,"max_hp_loss":0,"event_name":"Scrap Ooze","floor":11,"gold_loss":0}],"is_beta":false,"boss_relics":[],"items_purged_floors":[],"is_endless":false,"potions_floor_spawned":[5,8],"killed_by":"Red Slaver","ascension_level":2}