{"gold_per_floor":[118,293,293,305,11,11,11,25,25,25,51,16,29,41,41,138,138,150,150,72,87,87,87,97,97],"floor_reached":25,"playtime":856,"items_purged":["Doubt"],"score":291,"play_id":"b8363687-1714-4897-b0e4-8e330690199f","local_time":"20190228190234","is_ascension_mode":true,"campfire_choices":[{"data":"Chaos","floor":7,"key":"SMITH"},{"floor":15,"key":"REST"},{"data":"Defragment","floor":23,"key":"SMITH"}],"neow_cost":"CURSE","seed_source_timestamp":1228869435893459,"circlet_count":0,"master_deck":["Strike_B+1","Strike_B","Strike_B","Strike_B","Defend_B","Defend_B","Defend_B","Defend_B","Zap","Dualcast","Clumsy","Chaos+1","Streamline+1","Reboot","Leap+1","Cold Snap","Glacier+1","Electrodynamics","Chaos+1","Defragment+1","Double Energy+1"],"relics":["Cracked Core","Gambling Chip","DataDisk","Toxic Egg 2","Symbiotic Virus","Cursed Key","Lantern"],"potions_floor_usage":[11,16,19,21,21,25,25,25],"damage_taken":[{"damage":12,"enemies":"2 Louse","floor":1,"turns":3},{"damage":8,"enemies":"Small Slimes","floor":4,"turns":4},{"damage":7,"enemies":"Jaw Worm","floor":8,"turns":2},{"damage":25,"enemies":"Lagavulin","floor":11,"turns":5},{"damage":3,"enemies":"2 Fungi Beasts","floor":13,"turns":3},{"damage":3,"enemies":"Exordium Thugs","floor":14,"turns":3},{"damage":19,"enemies":"Hexaghost","floor":16,"turns":9},{"damage":0,"enemies":"Spheric Guardian","floor":18,"turns":3},{"damage":3,"enemies":"3 Byrds","floor":21,"turns":3},{"damage":7,"enemies":"Snake Plant","floor":24,"turns":3},{"damage":75,"enemies":"Book of Stabbing","floor":25,"turns":5}],"seed_played":"-847386089214147371","potions_obtained":[{"floor":4,"key":"EssenceOfSteel"},{"floor":8,"key":"Poison Potion"},{"floor":11,"key":"FocusPotion"},{"floor":16,"key":"Regen Potion"},{"floor":19,"key":"Fruit Juice"},{"floor":19,"key":"EntropicBrew"},{"floor":21,"key":"SpeedPotion"}],"is_trial":false,"path_per_floor":["M","?","?","M","$","?","R","M","T","$","E","?","M","M","R","B",null,"M","?","$","M","?","R","M","E"],"character_chosen":"DEFECT","items_purchased":["DataDisk","Reboot","Chaos+1"],"campfire_rested":1,"item_purchase_floors":[5,5,20],"current_hp_per_floor":[56,56,61,53,53,37,37,30,30,30,5,25,22,19,43,24,66,66,71,71,77,77,77,70,0],"gold":97,"neow_bonus":"ONE_RARE_RELIC","is_prod":false,"is_daily":false,"chose_seed":false,"campfire_upgraded":2,"win_rate":0,"timestamp":1551391354,"path_taken":["M","?","?","M","$","?","R","M","T","?","E","?","?","M","R","BOSS","M","?","?","M","?","R","M","E"],"build_version":"2019-01-23","purchased_purges":1,"victory":false,"max_hp_per_floor":[75,75,80,80,80,80,80,80,80,80,80,80,80,80,80,80,80,80,85,85,85,85,85,85,85],"card_choices":[{"not_picked":["Beam Cell","Turbo"],"picked":"Chaos","floor":1},{"not_picked":["Consume","Steam Power"],"picked":"Streamline","floor":4},{"not_picked":["Steam","Compile Driver","Stack"],"picked":"SKIP","floor":8},{"not_picked":["Thunder Strike","Cold Snap"],"picked":"Leap+1","floor":11},{"not_picked":["Heatsinks","Redo+1"],"picked":"Cold Snap","floor":13},{"not_picked":["Steam+1","Beam Cell"],"picked":"Glacier+1","floor":14},{"not_picked":["Meteor Strike","Multi-Cast+1"],"picked":"Electrodynamics","floor":16},{"not_picked":["Streamline","Turbo+1","Rip and Tear"],"picked":"SKIP","floor":18},{"not_picked":["Streamline","Chill+1"],"picked":"Defragment","floor":21},{"not_picked":["Coolheaded+1","Ball Lightning+1"],"picked":"Double Energy+1","floor":24}],"player_experience":864752,"relics_obtained":[{"floor":9,"key":"Toxic Egg 2"},{"floor":11,"key":"Symbiotic Virus"}],"event_choices":[{"damage_healed":0,"gold_gain":175,"player_choice":"AGREE","damage_taken":0,"max_hp_gain":0,"max_hp_loss":0,"event_name":"Liars Game","floor":2,"gold_loss":0,"cards_obtained":["Doubt"]},{"damage_healed":0,"gold_gain":0,"player_choice":"Donut","damage_taken":0,"max_hp_gain":5,"max_hp_loss":0,"event_name":"Big Fish","floor":3,"gold_loss":0},{"damage_healed":0,"gold_gain":0,"player_choice":"Entered Light","damage_taken":16,"max_hp_gain":0,"max_hp_loss":0,"event_name":"Shining Light","floor":6,"gold_loss":0,"cards_upgraded":["Strike_B","Streamline"]},{"damage_healed":20,"gold_gain":0,"player_choice":"Healed","damage_taken":0,"max_hp_gain":0,"max_hp_loss":0,"event_name":"The Cleric","floor":12,"gold_loss":35},{"damage_healed":0,"gold_gain":0,"player_choice":"Got Potions","damage_taken":0,"max_hp_gain":0,"max_hp_loss":0,"event_name":"Lab","floor":19,"gold_loss":0},{"damage_healed":0,"gold_gain":0,"player_choice":"Gave Potion","damage_taken":0,"relics_obtained":["Lantern"],"max_hp_gain":0,"max_hp_loss":0,"event_name":"WeMeetAgain","floor":22,"gold_loss":0}],"is_beta":false,"boss_relics":[{"not_picked":["Empty Cage","Snecko Eye"],"picked":"Cursed Key"}],"items_purged_floors":[5],"is_endless":false,"potions_floor_spawned":[4,8,11,16,21],"killed_by":"Book of Stabbing","ascension_level":9}