{"gold_per_floor":[111,129,144,161,161,161,196,196,196,60,60,60,60,81,81,210,210,235,235,160],"floor_reached":20,"playtime":581,"items_purged":[],"score":232,"play_id":"a72b4be2-7ae8-4947-9b2e-c6a915cecb71","local_time":"20190131195220","is_ascension_mode":true,"campfire_choices":[{"data":"Armaments","floor":6,"key":"SMITH"},{"floor":8,"key":"REST"},{"data":"Shrug It Off","floor":11,"key":"SMITH"},{"data":"Perfected Strike","floor":15,"key":"SMITH"}],"neow_cost":"NONE","seed_source_timestamp":155237569828512,"circlet_count":0,"master_deck":["Strike_R","Strike_R","Strike_R","Strike_R","Strike_R","Defend_R","Defend_R","Defend_R","Defend_R","Bash","Impervious","Armaments+1","Perfected Strike+1","Shrug It Off+1","Havoc+1","Limit Break","Limit Break","Injury","Clash","Reaper","Havoc+1"],"relics":["Black Blood","Anchor","Golden Idol"],"potions_floor_usage":[16,18],"damage_taken":[{"damage":0,"enemies":"Small Slimes","floor":1,"turns":3},{"damage":0,"enemies":"Jaw Worm","floor":2,"turns":5},{"damage":5,"enemies":"Cultist","floor":3,"turns":5},{"damage":36,"enemies":"Gremlin Gang","floor":4,"turns":7},{"damage":34,"enemies":"Lagavulin","floor":7,"turns":8},{"damage":2,"enemies":"Blue Slaver","floor":14,"turns":5},{"damage":36,"enemies":"The Guardian","floor":16,"turns":16},{"damage":56,"enemies":"Chosen","floor":18,"turns":9},{"damage":36,"enemies":"2 Thieves","floor":20,"turns":3}],"seed_played":"4925182733830640846","potions_obtained":[{"floor":1,"key":"SpeedPotion"},{"floor":3,"key":"LiquidBronze"},{"floor":14,"key":"GamblersBrew"},{"floor":18,"key":"Block Potion"},{"floor":19,"key":"EntropicBrew"}],"is_trial":false,"path_per_floor":["M","M","M","M","?","R","E","R","T","$","R","?","$","M","R","B",null,"M","?","M"],"character_chosen":"IRONCLAD","items_purchased":["Limit Break"],"campfire_rested":1,"item_purchase_floors":[10],"current_hp_per_floor":[78,80,80,50,50,50,22,46,46,46,46,46,46,50,50,20,65,24,24,0],"gold":160,"neow_bonus":"ONE_RANDOM_RARE_CARD","is_prod":false,"is_daily":false,"chose_seed":false,"campfire_upgraded":3,"win_rate":0,"timestamp":1548975140,"path_taken":["M","M","M","M","?","R","E","R","T","$","R","?","$","M","R","BOSS","M","?","M"],"build_version":"2019-01-23","purchased_purges":0,"victory":false,"max_hp_per_floor":[80,80,80,80,80,80,80,80,80,80,80,80,80,80,80,80,80,80,80,80],"card_choices":[{"not_picked":["Flame Barrier","Perfected Strike"],"picked":"Armaments","floor":1},{"not_picked":["Uppercut","Burning Pact"],"picked":"Perfected Strike","floor":2},{"not_picked":["Twin Strike","Warcry"],"picked":"Shrug It Off","floor":3},{"not_picked":["Burning Pact","Dark Embrace"],"picked":"Havoc","floor":4},{"not_picked":["Thunderclap","Sword Boomerang"],"picked":"Limit Break","floor":7},{"not_picked":["Hemokinesis","Entrench"],"picked":"Clash","floor":14},{"not_picked":["Brutality","Fiend Fire"],"picked":"Reaper","floor":16},{"not_picked":["Pummel","Battle Trance"],"picked":"Havoc+1","floor":18}],"player_experience":700520,"relics_obtained":[{"floor":7,"key":"Anchor"}],"event_choices":[{"damage_healed":0,"gold_gain":0,"player_choice":"Grow","damage_taken":0,"max_hp_gain":0,"max_hp_loss":0,"event_name":"Living Wall","floor":5,"gold_loss":0,"cards_upgraded":["Havoc"]},{"damage_healed":0,"gold_gain":0,"player_choice":"Take Wound","damage_taken":0,"relics_obtained":["Golden Idol"],"max_hp_gain":0,"max_hp_loss":0,"event_name":"Golden Idol","floor":12,"gold_loss":0,"cards_obtained":["Injury"]},{"damage_healed":0,"gold_gain":0,"player_choice":"Got Potions","damage_taken":0,"max_hp_gain":0,"max_hp_loss":0,"event_name":"Lab","floor":19,"gold_loss":0}],"is_beta":false,"boss_relics":[{"not_picked":["Lizard Tail","Mark of Pain"],"picked":"Black Blood"}],"items_purged_floors":[],"is_endless":false,"potions_floor_spawned":[1,3,14,18],"killed_by":"2 Thieves","ascension_level":7}