{"gold_per_floor":[14,14,45,45,83,83,118,118,143,143,196,216,216,243,243,340,340,378,236,236,270,270,270,301,319,345,345,378,390,390,390,390,390],"floor_reached":33,"playtime":1104,"items_purged":["Strike_G"],"score":433,"play_id":"0dccd2ca-b026-49d9-ab89-e53b85d6f84a","local_time":"20190222014621","is_ascension_mode":true,"campfire_choices":[{"data":"Metamorphosis","floor":6,"key":"SMITH"},{"data":"Unload","floor":8,"key":"SMITH"},{"floor":13,"key":"REST"},{"floor":15,"key":"REST"},{"data":"RitualDagger","floor":23,"key":"SMITH"},{"floor":27,"key":"RECALL"},{"floor":30,"key":"REST"},{"floor":32,"key":"REST"}],"neow_cost":"NO_GOLD","seed_source_timestamp":647999040699947,"circlet_count":0,"master_deck":["AscendersBane","Defend_G","Defend_G","Defend_G","Defend_G","Defend_G","Strike_G","Strike_G","Strike_G","Survivor","Neutralize","HandOfGreed","Metamorphosis+1","PiercingWail","Unload+1","Grand Finale","Caltrops","RitualDagger+1","PiercingWail+1","Ghostly","Ghostly","Ghostly","Ghostly","Ghostly"],"relics":["Ring of the Snake","Orichalcum","Bag of Preparation","Centennial Puzzle","Sundial","Ancient Tea Set","Busted Crown","Molten Egg 2","Red Mask"],"potions_floor_usage":[7,14,14,28,29,33],"damage_taken":[{"damage":0,"enemies":"Cultist","floor":1,"turns":3},{"damage":2,"enemies":"Jaw Worm","floor":3,"turns":3},{"damage":4,"enemies":"Small Slimes","floor":5,"turns":4},{"damage":21,"enemies":"Lagavulin","floor":7,"turns":4},{"damage":6,"enemies":"Gremlin Nob","floor":11,"turns":3},{"damage":2,"enemies":"Red Slaver","floor":12,"turns":2},{"damage":11,"enemies":"3 Sentries","floor":14,"turns":4},{"damage":29,"enemies":"Hexaghost","floor":16,"turns":9},{"damage":6,"enemies":"2 Thieves","floor":18,"turns":3},{"damage":0,"enemies":"Chosen","floor":21,"turns":4},{"damage":3,"enemies":"Centurion and Healer","floor":24,"turns":5},{"damage":6,"enemies":"Chosen and Byrds","floor":25,"turns":3},{"damage":21,"enemies":"Masked Bandits","floor":28,"turns":5},{"damage":14,"enemies":"Snecko","floor":29,"turns":6},{"damage":48,"enemies":"Automaton","floor":33,"turns":6}],"seed_played":"-44138179513500394","potions_obtained":[{"floor":3,"key":"LiquidBronze"},{"floor":5,"key":"SteroidPotion"},{"floor":12,"key":"EntropicBrew"},{"floor":14,"key":"GamblersBrew"},{"floor":18,"key":"Block Potion"},{"floor":29,"key":"AttackPotion"}],"is_trial":false,"path_per_floor":["M","$","M","?","M","R","E","R","T","?","E","M","R","E","R","B",null,"M","$","?","M","?","R","M","M","T","R","?","M","R","?","R","B"],"character_chosen":"THE_SILENT","items_purchased":["Caltrops"],"campfire_rested":4,"item_purchase_floors":[19],"current_hp_per_floor":[63,63,61,61,57,57,36,36,36,36,30,28,49,38,59,30,60,54,54,48,48,48,48,45,39,39,39,18,4,25,25,35,0],"gold":390,"neow_bonus":"RANDOM_COLORLESS_2","is_prod":false,"is_daily":false,"chose_seed":false,"campfire_upgraded":3,"win_rate":0,"timestamp":1550810781,"path_taken":["M","?","M","?","?","R","E","R","T","?","E","?","R","E","R","BOSS","M","$","?","M","?","R","M","?","T","R","?","M","R","?","R","BOSS"],"build_version":"2019-01-23","purchased_purges":1,"victory":false,"max_hp_per_floor":[70,70,70,70,70,70,70,70,70,70,70,70,70,70,70,70,70,70,70,70,70,70,70,70,70,70,70,70,70,70,35,35,35],"card_choices":[{"not_picked":["Distraction","Catalyst"],"picked":"PiercingWail","floor":1},{"not_picked":["Cloak And Dagger","Deflect","Finisher"],"picked":"SKIP","floor":3},{"not_picked":["Slice","Deflect"],"picked":"Unload","floor":5},{"not_picked":["Poisoned Stab","Well Laid Plans","Infinite Blades"],"picked":"SKIP","floor":7},{"not_picked":["Sucker Punch","Deflect","Deadly Poison"],"picked":"SKIP","floor":11},{"not_picked":["Prepared","Tactician","Blade Dance"],"picked":"SKIP","floor":12},{"not_picked":["Endless Agony","Backflip","PiercingWail"],"picked":"SKIP","floor":14},{"not_picked":["Endless Agony","Backflip","PiercingWail"],"picked":"SKIP","floor":14},{"not_picked":["Corpse Explosion","Die Die Die"],"picked":"Grand Finale","floor":16},{"not_picked":["Bane"],"picked":"SKIP","floor":18},{"not_picked":["Flying Knee"],"picked":"SKIP","floor":21},{"not_picked":["Deflect"],"picked":"SKIP","floor":24},{"not_picked":["Flying Knee+1"],"picked":"SKIP","floor":25},{"not_picked":[],"picked":"PiercingWail+1","floor":28},{"not_picked":["Outmaneuver+1"],"picked":"SKIP","floor":29}],"player_experience":821672,"relics_obtained":[{"floor":7,"key":"Bag of Preparation"},{"floor":9,"key":"Centennial Puzzle"},{"floor":11,"key":"Sundial"},{"floor":14,"key":"Ancient Tea Set"},{"floor":28,"key":"Red Mask"}],"event_choices":[{"damage_healed":0,"gold_gain":0,"player_choice":"Gave Potion","damage_taken":0,"relics_obtained":["Orichalcum"],"max_hp_gain":0,"max_hp_loss":0,"event_name":"WeMeetAgain","floor":4,"gold_loss":0},{"cards_removed":["Strike_G"],"damage_healed":0,"gold_gain":0,"player_choice":"Card Removal","damage_taken":0,"max_hp_gain":0,"max_hp_loss":0,"event_name":"Wheel of Change","floor":10,"gold_loss":0},{"damage_healed":0,"gold_gain":0,"player_choice":"Joined the Cult","damage_taken":6,"max_hp_gain":0,"max_hp_loss":0,"event_name":"Nest","floor":20,"gold_loss":0,"cards_obtained":["RitualDagger"]},{"damage_healed":0,"gold_gain":0,"player_choice":"Opened","damage_taken":0,"relics_obtained":["Molten Egg 2"],"max_hp_gain":0,"max_hp_loss":0,"event_name":"The Mausoleum","floor":22,"gold_loss":0},{"damage_healed":0,"gold_gain":0,"player_choice":"Fought Bandits","damage_taken":0,"max_hp_gain":0,"max_hp_loss":0,"event_name":"Masked Bandits","floor":28,"gold_loss":0},{"damage_healed":0,"gold_gain":0,"player_choice":"Became a Ghost","damage_taken":0,"max_hp_gain":0,"max_hp_loss":35,"event_name":"Ghosts","floor":31,"gold_loss":0,"cards_obtained":["Ghostly","Ghostly","Ghostly","Ghostly","Ghostly"]}],"is_beta":false,"boss_relics":[{"not_picked":["Astrolabe","Cursed Key"],"picked":"Busted Crown"}],"items_purged_floors":[19],"is_endless":false,"potions_floor_spawned":[3,5,12,14,18,29],"killed_by":"Automaton","ascension_level":11}