{"gold_per_floor":[109,123,35,35,35,35,67,47,47,72,72,83,83,95,95,95],"floor_reached":16,"playtime":454,"items_purged":[],"score":253,"play_id":"4b3925b6-036e-4ea6-bfa6-00d45e5b16f1","local_time":"20190509224046","is_ascension_mode":true,"campfire_choices":[{"data":"Hemokinesis","floor":6,"key":"SMITH"},{"data":"Armaments","floor":11,"key":"SMITH"},{"data":"Seeing Red","floor":15,"key":"SMITH"}],"neow_cost":"NONE","seed_source_timestamp":2451271260313329,"circlet_count":0,"master_deck":["AscendersBane","Strike_R","Strike_R","Strike_R","Strike_R","Strike_R","Defend_R","Defend_R","Defend_R","Defend_R","Bash","Hemokinesis+1","Sword Boomerang","Feel No Pain","Armaments+1","Seeing Red+1","Feel No Pain","Iron Wave"],"relics":["Burning Blood","NeowsBlessing","Shuriken","Bag of Marbles","Mango","Calipers","Peace Pipe"],"potions_floor_usage":[10,16,16],"damage_taken":[{"damage":0,"enemies":"Jaw Worm","floor":1,"turns":1},{"damage":0,"enemies":"Cultist","floor":2,"turns":1},{"damage":0,"enemies":"Gremlin Nob","floor":7,"turns":1},{"damage":45,"enemies":"Lagavulin","floor":10,"turns":5},{"damage":9,"enemies":"Small Slimes","floor":12,"turns":3},{"damage":9,"enemies":"Red Slaver","floor":14,"turns":4},{"damage":44,"enemies":"The Guardian","floor":16,"turns":8}],"seed_played":"-7350706929899501591","potions_obtained":[{"floor":2,"key":"SteroidPotion"},{"floor":8,"key":"FearPotion"},{"floor":10,"key":"EssenceOfSteel"}],"is_trial":false,"path_per_floor":["M","M","$","?","T","R","E","?","T","E","R","M","?","M","R","B"],"character_chosen":"IRONCLAD","items_purchased":["Feel No Pain"],"campfire_rested":0,"item_purchase_floors":[3],"current_hp_per_floor":[74,75,75,75,75,75,89,89,89,50,50,47,47,44,44,0],"gold":95,"neow_bonus":"THREE_ENEMY_KILL","is_prod":false,"is_daily":false,"chose_seed":false,"campfire_upgraded":3,"win_rate":0,"timestamp":1557452446,"path_taken":["M","M","$","?","?","R","E","?","T","E","R","?","?","M","R","BOSS"],"build_version":"2019-01-23","purchased_purges":0,"victory":false,"max_hp_per_floor":[75,75,75,75,75,75,89,89,89,89,89,89,89,89,89,89],"card_choices":[{"not_picked":["Flex","Clothesline"],"picked":"Hemokinesis","floor":1},{"not_picked":["Bloodletting","Rage"],"picked":"Sword Boomerang","floor":2},{"not_picked":["Sword Boomerang","Pommel Strike"],"picked":"Armaments","floor":7},{"not_picked":["Cleave","Wild Strike"],"picked":"Seeing Red","floor":10},{"not_picked":["Havoc","Body Slam"],"picked":"Feel No Pain","floor":12},{"not_picked":["Pommel Strike","Armaments"],"picked":"Iron Wave","floor":14}],"player_experience":1317574,"relics_obtained":[{"floor":5,"key":"Bag of Marbles"},{"floor":7,"key":"Mango"},{"floor":9,"key":"Calipers"},{"floor":10,"key":"Peace Pipe"}],"event_choices":[{"damage_healed":0,"gold_gain":0,"player_choice":"Box","damage_taken":0,"relics_obtained":["Shuriken"],"max_hp_gain":0,"max_hp_loss":0,"event_name":"Big Fish","floor":4,"gold_loss":0,"cards_obtained":["Regret"]},{"damage_healed":0,"gold_gain":0,"player_choice":"Bought 1 Potion","damage_taken":0,"max_hp_gain":0,"max_hp_loss":0,"event_name":"The Woman in Blue","floor":8,"gold_loss":0},{"cards_removed":["Regret"],"damage_healed":0,"gold_gain":0,"player_choice":"Purged","damage_taken":0,"max_hp_gain":0,"max_hp_loss":0,"event_name":"Purifier","floor":13,"gold_loss":0}],"is_beta":false,"boss_relics":[],"items_purged_floors":[],"is_endless":false,"potions_floor_spawned":[2,10],"killed_by":"The Guardian","ascension_level":18}