{"gold_per_floor":[109,123,30,50,50,76,76,93,93,104,104,104,104,29,29,133,133,145,164,177,77,77,77,104,104,104,104,121,154,154,168,168,168],"floor_reached":33,"playtime":2713,"items_purged":["Bash","Defend_R"],"score":299,"play_id":"0768ed44-0a8d-4b0c-bffc-a1bd57b9ecb7","local_time":"20190509005316","is_ascension_mode":true,"campfire_choices":[{"data":"Whirlwind","floor":7,"key":"SMITH"},{"data":"Whirlwind","floor":11,"key":"SMITH"},{"data":"Perfected Strike","floor":13,"key":"SMITH"},{"data":"Panacea","floor":15,"key":"SMITH"},{"floor":23,"key":"REST"},{"floor":25,"key":"REST"},{"floor":32,"key":"REST"}],"neow_cost":"NONE","seed_source_timestamp":1156494310105403,"circlet_count":0,"master_deck":["Strike_R","Strike_R","Strike_R","Strike_R","Strike_R","Defend_R","Defend_R","Defend_R+1","Iron Wave","Iron Wave","Whirlwind+1","Thunderclap","Iron Wave","Whirlwind+1","Panacea+1","Fiend Fire","Perfected Strike+1","Twin Strike","Sever Soul","Dark Embrace","Searing Blow","Sentinel+1","Whirlwind","Parasite","Writhe","Rage"],"relics":["Burning Blood","Bronze Scales","Matryoshka","NlothsMask","Cursed Key","Torii","War Paint","Orichalcum","StoneCalendar","Pen Nib"],"potions_floor_usage":[6,24,31,31,33],"damage_taken":[{"damage":11,"enemies":"2 Louse","floor":1,"turns":3},{"damage":1,"enemies":"Cultist","floor":2,"turns":3},{"damage":0,"enemies":"Small Slimes","floor":4,"turns":5},{"damage":16,"enemies":"3 Sentries","floor":6,"turns":7},{"damage":7,"enemies":"Exordium Wildlife","floor":8,"turns":2},{"damage":7,"enemies":"3 Louse","floor":10,"turns":3},{"damage":58,"enemies":"Hexaghost","floor":16,"turns":9},{"damage":0,"enemies":"Chosen","floor":18,"turns":4},{"damage":0,"enemies":"3 Byrds","floor":19,"turns":2},{"damage":31,"enemies":"Shelled Parasite and Fungi","floor":20,"turns":4},{"damage":25,"enemies":"Colosseum Slavers","floor":22,"turns":3},{"damage":38,"enemies":"Slavers","floor":24,"turns":4},{"damage":2,"enemies":"Cultist and Chosen","floor":28,"turns":4},{"damage":48,"enemies":"Gremlin Leader","floor":29,"turns":6},{"damage":15,"enemies":"Centurion and Healer","floor":31,"turns":5},{"damage":58,"enemies":"Champ","floor":33,"turns":13}],"seed_played":"6350758045408358005","potions_obtained":[{"floor":2,"key":"AttackPotion"},{"floor":10,"key":"Ancient Potion"},{"floor":18,"key":"Dexterity Potion"},{"floor":29,"key":"Regen Potion"},{"floor":31,"key":"PowerPotion"}],"is_trial":false,"path_per_floor":["M","M","$","M","?","E","R","M","T","M","R","?","R","$","R","B",null,"M","M","M","$","?","R","E","R","T","T","M","E","?","M","R","B"],"character_chosen":"IRONCLAD","items_purchased":["Whirlwind","Thunderclap"],"campfire_rested":3,"item_purchase_floors":[3,3],"current_hp_per_floor":[83,88,88,88,88,78,78,77,77,76,76,76,76,76,76,24,88,88,88,63,63,44,70,38,64,64,64,68,26,26,31,57,0],"gold":168,"neow_bonus":"TEN_PERCENT_HP_BONUS","is_prod":false,"is_daily":false,"chose_seed":false,"campfire_upgraded":4,"win_rate":0,"timestamp":1557381196,"path_taken":["M","M","$","M","?","E","R","?","T","M","R","?","R","?","R","BOSS","M","M","M","$","?","R","E","R","T","?","M","E","?","M","R","BOSS"],"build_version":"2019-01-23","purchased_purges":2,"victory":false,"max_hp_per_floor":[88,88,88,88,88,88,88,88,88,88,88,88,88,88,88,88,88,88,88,88,88,88,88,88,88,88,88,88,88,88,88,88,88],"card_choices":[{"not_picked":["Shrug It Off","Inflame"],"picked":"Iron Wave","floor":1},{"not_picked":["Feel No Pain","Thunderclap"],"picked":"Iron Wave","floor":2},{"not_picked":["Havoc","Clash"],"picked":"Iron Wave","floor":4},{"not_picked":["Clothesline","Warcry"],"picked":"Perfected Strike","floor":6},{"not_picked":["Sentinel","Reckless Charge"],"picked":"Twin Strike","floor":8},{"not_picked":["True Grit","Armaments"],"picked":"Sever Soul","floor":10},{"not_picked":["Berserk","Impervious"],"picked":"Dark Embrace","floor":16},{"not_picked":["Fire Breathing","Body Slam"],"picked":"Searing Blow","floor":18},{"not_picked":["Clash+1","Pommel Strike"],"picked":"Sentinel","floor":19},{"not_picked":["Ghostly Armor","Power Through+1","Flex+1"],"picked":"SKIP","floor":20},{"not_picked":["Uppercut+1","Dark Embrace"],"picked":"Whirlwind","floor":24},{"not_picked":["Flex","Wild Strike","Rupture"],"picked":"SKIP","floor":28},{"not_picked":["Body Slam","Whirlwind","Flame Barrier+1"],"picked":"SKIP","floor":29},{"not_picked":["Hemokinesis","Dual Wield"],"picked":"Rage","floor":31}],"player_experience":251087,"relics_obtained":[{"floor":6,"key":"Bronze Scales"},{"floor":9,"key":"Matryoshka"},{"floor":24,"key":"Torii"},{"floor":26,"key":"War Paint"},{"floor":27,"key":"Orichalcum"},{"floor":27,"key":"StoneCalendar"},{"floor":29,"key":"Pen Nib"}],"event_choices":[{"damage_healed":0,"gold_gain":0,"player_choice":"3 cards matched","damage_taken":0,"max_hp_gain":0,"max_hp_loss":0,"event_name":"Match and Keep!","floor":5,"gold_loss":0,"cards_obtained":["Whirlwind","Panacea","Fiend Fire"]},{"damage_healed":0,"gold_gain":0,"player_choice":"Trade","damage_taken":0,"relics_obtained":["NlothsMask"],"max_hp_gain":0,"max_hp_loss":0,"event_name":"FaceTrader","floor":12,"gold_loss":0},{"damage_healed":0,"gold_gain":0,"player_choice":"Fight","damage_taken":0,"max_hp_gain":0,"max_hp_loss":0,"event_name":"Colosseum","floor":22,"gold_loss":0},{"damage_healed":0,"gold_gain":0,"player_choice":"Fled From Nobs","damage_taken":0,"max_hp_gain":0,"max_hp_loss":0,"event_name":"Colosseum","floor":22,"gold_loss":0},{"damage_healed":0,"gold_gain":0,"player_choice":"Ignored","damage_taken":0,"max_hp_gain":0,"max_hp_loss":0,"event_name":"Vampires","floor":30,"gold_loss":0}],"is_beta":false,"boss_relics":[{"not_picked":["Black Blood","Snecko Eye"],"picked":"Cursed Key"}],"items_purged_floors":[14,21],"is_endless":false,"potions_floor_spawned":[2,10,18,29,31],"killed_by":"Champ","ascension_level":1}