{"gold_per_floor":[113,127,6,6,6,40,40,53,53,110,123,123,148,167,167,265,265,275,291,206,4,4,4,37,37,62,62,62,74,107,126,126,221,271,287,299,399,411,686,686,715,715,715,715,744,755,755],"floor_reached":47,"playtime":1519,"items_purged":[],"score":863,"play_id":"6f8040f4-780f-4ea0-a9e0-bc270369c14c","local_time":"20190206121153","is_ascension_mode":true,"campfire_choices":[{"data":"Sunder","floor":7,"key":"SMITH"},{"floor":12,"key":"REST"},{"floor":15,"key":"REST"},{"data":"Self Repair","floor":23,"key":"SMITH"},{"data":"Loop","floor":25,"key":"SMITH"},{"data":"Defragment","floor":32,"key":"SMITH"},{"floor":40,"key":"RECALL"},{"floor":42,"key":"REST"},{"floor":44,"key":"REST"}],"neow_cost":"NONE","seed_source_timestamp":63958519827282,"circlet_count":0,"master_deck":["Strike_B+1","Strike_B+1","Strike_B+1","Strike_B+1","Defend_B+1","Defend_B+1","Defend_B+1","Defend_B+1","Zap","Dualcast","Cold Snap","Loop+1","Sunder+1","Static Discharge","Core Surge+1","Sweeping Beam","Hello World","Steam","Self Repair+1","Loop+1","Core Surge","Cold Snap+1","Hologram+1","Writhe","Recycle+1","Melter+1","Capacitor+1","Defragment+1","Creative AI","Double Energy","Stack+1","Reinforced Body+1","Self Repair","Regret","Blizzard+1","Conserve Battery+1","Sunder"],"relics":["Cracked Core","NeowsBlessing","StoneCalendar","Du-Vu Doll","Happy Flower","Vajra","Nuclear Battery","Centennial Puzzle","Sling","Peace Pipe","Matryoshka","Letter Opener","Art of War","Anchor","Tiny House","Turnip","Lantern","Bronze Scales","PreservedInsect"],"potions_floor_usage":[10,10,13,24,24,30,37,45,45],"damage_taken":[{"damage":0,"enemies":"Cultist","floor":1,"turns":1},{"damage":0,"enemies":"Small Slimes","floor":2,"turns":1},{"damage":0,"enemies":"Gremlin Nob","floor":6,"turns":1},{"damage":4,"enemies":"Jaw Worm","floor":8,"turns":3},{"damage":16,"enemies":"Gremlin Nob","floor":10,"turns":3},{"damage":16,"enemies":"3 Louse","floor":11,"turns":3},{"damage":0,"enemies":"Lagavulin","floor":13,"turns":6},{"damage":23,"enemies":"Large Slime","floor":14,"turns":5},{"damage":26,"enemies":"The Guardian","floor":16,"turns":7},{"damage":6,"enemies":"Spheric Guardian","floor":18,"turns":3},{"damage":2,"enemies":"Chosen","floor":19,"turns":4},{"damage":18,"enemies":"Gremlin Leader","floor":24,"turns":7},{"damage":17,"enemies":"Centurion and Healer","floor":29,"turns":5},{"damage":5,"enemies":"Slavers","floor":30,"turns":6},{"damage":13,"enemies":"3 Cultists","floor":31,"turns":5},{"damage":23,"enemies":"Champ","floor":33,"turns":12},{"damage":10,"enemies":"Orb Walker","floor":35,"turns":3},{"damage":10,"enemies":"3 Darklings","floor":36,"turns":7},{"damage":24,"enemies":"Mind Bloom Boss Battle","floor":37,"turns":6},{"damage":24,"enemies":"Spire Growth","floor":38,"turns":5},{"damage":38,"enemies":"Nemesis","floor":41,"turns":7},{"damage":55,"enemies":"Reptomancer","floor":45,"turns":6},{"damage":44,"enemies":"Maw","floor":46,"turns":8},{"damage":35,"enemies":"Transient","floor":47,"turns":3}],"seed_played":"-267412713686650345","potions_obtained":[{"floor":2,"key":"SteroidPotion"},{"floor":6,"key":"SkillPotion"},{"floor":11,"key":"Block Potion"},{"floor":13,"key":"GamblersBrew"},{"floor":18,"key":"Regen Potion"},{"floor":19,"key":"Fire Potion"},{"floor":29,"key":"SteroidPotion"},{"floor":31,"key":"Block Potion"},{"floor":33,"key":"Poison Potion"},{"floor":34,"key":"FairyPotion"},{"floor":37,"key":"Fire Potion"},{"floor":38,"key":"PowerPotion"},{"floor":46,"key":"Energy Potion"}],"is_trial":false,"path_per_floor":["M","M","$","?","?","E","R","M","T","?","M","R","E","M","R","B",null,"M","M","?","$","?","R","E","R","T","?","?","M","E","M","R","B",null,"M","M","?","M","?","R","E","R","T","R","E","M","M"],"character_chosen":"DEFECT","items_purchased":["Sunder","Static Discharge","Sling"],"campfire_rested":4,"item_purchase_floors":[3,3,21],"current_hp_per_floor":[68,68,68,68,53,53,53,49,49,33,17,39,39,23,45,26,63,64,69,69,69,69,69,75,75,75,75,75,68,73,60,60,37,71,71,71,57,43,43,43,22,46,46,70,32,25,0],"gold":755,"neow_bonus":"THREE_ENEMY_KILL","is_prod":false,"is_daily":false,"chose_seed":false,"campfire_upgraded":4,"win_rate":0,"timestamp":1549465913,"path_taken":["M","M","$","?","?","E","R","M","T","?","M","R","E","M","R","BOSS","M","M","?","$","?","R","E","R","T","?","?","M","E","M","R","BOSS","M","M","?","M","?","R","E","R","T","R","E","M","M"],"build_version":"2019-01-23","purchased_purges":0,"victory":false,"max_hp_per_floor":[75,75,75,75,75,75,75,75,75,75,75,75,75,75,75,75,75,75,75,75,75,75,75,75,75,75,75,75,75,75,75,75,75,80,80,80,80,80,80,80,80,80,80,80,80,80,80],"card_choices":[{"not_picked":["Redo","Barrage"],"picked":"Cold Snap","floor":1},{"not_picked":["Cold Snap","Sweeping Beam"],"picked":"Loop","floor":2},{"not_picked":["Steam Power","Rainbow"],"picked":"Core Surge","floor":6},{"not_picked":["Fusion","Beam Cell"],"picked":"Sweeping Beam","floor":8},{"not_picked":["BootSequence","Gash"],"picked":"Hello World","floor":10},{"not_picked":["Cold Snap","Rebound"],"picked":"Steam","floor":11},{"not_picked":["Recycle","Coolheaded"],"picked":"Self Repair","floor":13},{"not_picked":["Ball Lightning","Auto Shields"],"picked":"Loop","floor":14},{"not_picked":["Hyperbeam","Biased Cognition"],"picked":"Core Surge","floor":16},{"not_picked":["Barrage+1","Compile Driver"],"picked":"Cold Snap+1","floor":18},{"not_picked":["Gash","Barrage"],"picked":"Hologram+1","floor":19},{"not_picked":["Thunder Strike","Rebound"],"picked":"Recycle+1","floor":24},{"not_picked":["Reprogram","Turbo"],"picked":"Melter+1","floor":29},{"not_picked":["Self Repair","Conserve Battery"],"picked":"Capacitor+1","floor":30},{"not_picked":["Lockon+1","Redo"],"picked":"Defragment","floor":31},{"not_picked":["Rainbow","Core Surge"],"picked":"Creative AI","floor":33},{"not_picked":["Lockon","Hologram"],"picked":"Double Energy","floor":34},{"not_picked":["Go for the Eyes+1","Redo+1"],"picked":"Stack+1","floor":35},{"not_picked":["Streamline","Steam Power"],"picked":"Reinforced Body+1","floor":36},{"not_picked":["Loop","Melter+1"],"picked":"Self Repair","floor":38},{"not_picked":["Ball Lightning+1","Gash"],"picked":"Blizzard+1","floor":41},{"not_picked":["Blizzard","Rip and Tear+1"],"picked":"Conserve Battery+1","floor":45},{"not_picked":["Auto Shields","Reinforced Body"],"picked":"Sunder","floor":46}],"player_experience":727965,"relics_obtained":[{"floor":6,"key":"StoneCalendar"},{"floor":9,"key":"Du-Vu Doll"},{"floor":10,"key":"Happy Flower"},{"floor":13,"key":"Vajra"},{"floor":24,"key":"Matryoshka"},{"floor":26,"key":"Letter Opener"},{"floor":26,"key":"Art of War"},{"floor":30,"key":"Anchor"},{"floor":37,"key":"Turnip"},{"floor":41,"key":"Lantern"},{"floor":43,"key":"Bronze Scales"},{"floor":45,"key":"PreservedInsect"}],"event_choices":[{"damage_healed":0,"gold_gain":0,"player_choice":"Leave","damage_taken":0,"max_hp_gain":0,"max_hp_loss":0,"event_name":"The Cleric","floor":4,"gold_loss":0},{"damage_healed":0,"gold_gain":0,"player_choice":"Entered Light","damage_taken":15,"max_hp_gain":0,"max_hp_loss":0,"event_name":"Shining Light","floor":5,"gold_loss":0,"cards_upgraded":["Strike_B","Loop"]},{"damage_healed":0,"gold_gain":0,"player_choice":"Searched \u00271\u0027 times","damage_taken":0,"max_hp_gain":0,"max_hp_loss":0,"event_name":"Dead Adventurer","floor":10,"gold_loss":0},{"damage_healed":0,"gold_gain":0,"player_choice":"Obtained Relic","damage_taken":0,"relics_obtained":["Centennial Puzzle"],"max_hp_gain":0,"max_hp_loss":0,"event_name":"Addict","floor":20,"gold_loss":85},{"damage_healed":0,"gold_gain":0,"player_choice":"Opened","damage_taken":0,"relics_obtained":["Peace Pipe"],"max_hp_gain":0,"max_hp_loss":0,"event_name":"The Mausoleum","floor":22,"gold_loss":0,"cards_obtained":["Writhe"]},{"damage_healed":0,"gold_gain":0,"player_choice":"Simplicity","damage_taken":0,"max_hp_gain":0,"max_hp_loss":0,"event_name":"Back to Basics","floor":27,"gold_loss":0,"cards_upgraded":["Strike_B","Strike_B","Strike_B","Defend_B","Defend_B","Defend_B","Defend_B"]},{"damage_healed":0,"gold_gain":0,"player_choice":"Ignored","damage_taken":0,"max_hp_gain":0,"max_hp_loss":0,"event_name":"Beggar","floor":28,"gold_loss":0},{"damage_healed":0,"gold_gain":0,"player_choice":"Fight","damage_taken":0,"max_hp_gain":0,"max_hp_loss":0,"event_name":"MindBloom","floor":37,"gold_loss":0},{"damage_healed":0,"gold_gain":275,"player_choice":"Desecrate","damage_taken":0,"max_hp_gain":0,"max_hp_loss":0,"event_name":"Golden Shrine","floor":39,"gold_loss":0,"cards_obtained":["Regret"]}],"is_beta":false,"boss_relics":[{"not_picked":["Velvet Choker","Pandora\u0027s Box"],"picked":"Nuclear Battery"},{"not_picked":["Astrolabe","Coffee Dripper"],"picked":"Tiny House"}],"items_purged_floors":[],"is_endless":false,"potions_floor_spawned":[2,6,11,13,18,19,29,31,33,37,38,46],"killed_by":"Transient","ascension_level":8}