{"gold_per_floor":[115,134,134,149,149,180,197,197,197,220,220,246,246,257,257,353,353,373,391,404,404,22,22,32,32,32,67,86,86,35,63,63,161,161,180,180,226,226,246,273,273,300,300,314,325,360,360,24,24,24],"floor_reached":51,"playtime":2253,"items_purged":["Strike_R","Strike_R"],"score":958,"play_id":"f4163ab3-6506-485f-a429-54aea76fe9ff","local_time":"20190514151414","is_ascension_mode":false,"campfire_choices":[{"data":"Whirlwind","floor":8,"key":"SMITH"},{"data":"Bash","floor":13,"key":"SMITH"},{"data":"Iron Wave","floor":15,"key":"SMITH"},{"data":"Bloodletting","floor":23,"key":"SMITH"},{"data":"Feel No Pain","floor":25,"key":"SMITH"},{"data":"Ghostly Armor","floor":32,"key":"SMITH"},{"floor":41,"key":"REST"},{"data":"Demon Form","floor":47,"key":"SMITH"},{"data":"Fiend Fire","floor":49,"key":"SMITH"}],"neow_cost":"","seed_source_timestamp":1395662655246249,"circlet_count":0,"master_deck":["Defend_R","Defend_R+1","Defend_R","Defend_R+1","Bash+1","Iron Wave+1","Feel No Pain+1","Cleave","Whirlwind+1","Bloodletting+1","Ghostly Armor+1","Shrug It Off+1","Shrug It Off+1","Offering+1","Anger+1","Flex+1","Ghostly Armor+1","Offering+1","Body Slam+1","Impervious+1","Headbutt","True Grit+1","Seeing Red+1","Demon Form+1","Shrug It Off+1","Body Slam+1","Impervious+1","Fiend Fire+1","Warcry+1","Warcry+1","Shrug It Off+1","Shockwave+1"],"relics":["Burning Blood","Gremlin Horn","Odd Mushroom","Toxic Egg 2","Bag of Preparation","Empty Cage","Champion Belt","Bottled Flame","Lantern","War Paint","Runic Cube","Pocketwatch","Charon\u0027s Ashes","Incense Burner","Pen Nib","Kunai","Torii","Frozen Eye"],"potions_floor_usage":[16,33,33,33,50,50,50],"damage_taken":[{"damage":3,"enemies":"Jaw Worm","floor":1,"turns":4},{"damage":1,"enemies":"Cultist","floor":2,"turns":3},{"damage":2,"enemies":"2 Louse","floor":4,"turns":3},{"damage":20,"enemies":"3 Sentries","floor":6,"turns":9},{"damage":16,"enemies":"Large Slime","floor":7,"turns":5},{"damage":4,"enemies":"The Mushroom Lair","floor":10,"turns":3},{"damage":34,"enemies":"Lagavulin","floor":12,"turns":6},{"damage":0,"enemies":"3 Louse","floor":14,"turns":2},{"damage":30,"enemies":"The Guardian","floor":16,"turns":12},{"damage":19,"enemies":"Shell Parasite","floor":18,"turns":13},{"damage":9,"enemies":"2 Thieves","floor":19,"turns":4},{"damage":9,"enemies":"3 Cultists","floor":20,"turns":2},{"damage":9,"enemies":"Centurion and Healer","floor":24,"turns":4},{"damage":9,"enemies":"Slavers","floor":27,"turns":1},{"damage":8,"enemies":"Snecko","floor":28,"turns":7},{"damage":9,"enemies":"Gremlin Leader","floor":31,"turns":2},{"damage":56,"enemies":"Champ","floor":33,"turns":14},{"damage":0,"enemies":"3 Shapes","floor":35,"turns":1},{"damage":43,"enemies":"2 Orb Walkers","floor":37,"turns":3},{"damage":3,"enemies":"3 Darklings","floor":39,"turns":1},{"damage":15,"enemies":"Giant Head","floor":40,"turns":5},{"damage":6,"enemies":"Reptomancer","floor":42,"turns":2},{"damage":0,"enemies":"Sphere and 2 Shapes","floor":44,"turns":2},{"damage":0,"enemies":"4 Shapes","floor":45,"turns":1},{"damage":1,"enemies":"Nemesis","floor":46,"turns":3},{"damage":33,"enemies":"Awakened One","floor":50,"turns":8}],"seed_played":"6445475215583113026","potions_obtained":[{"floor":4,"key":"SneckoOil"},{"floor":7,"key":"EssenceOfSteel"},{"floor":12,"key":"Dexterity Potion"},{"floor":16,"key":"SpeedPotion"},{"floor":19,"key":"Poison Potion"},{"floor":24,"key":"BloodPotion"},{"floor":33,"key":"BloodPotion"},{"floor":39,"key":"AttackPotion"},{"floor":42,"key":"Swift Potion"},{"floor":44,"key":"Strength Potion"}],"is_trial":false,"path_per_floor":["M","M","?","M","?","E","M","R","T","?","?","E","R","M","R","B",null,"M","M","M","?","$","R","M","R","T","E","M","$","$","E","R","B",null,"M","?","?","T","M","E","R","E","T","M","M","E","R","$","R","B",null],"character_chosen":"IRONCLAD","items_purchased":["Champion Belt","True Grit+1","Frozen Eye","Shockwave+1"],"campfire_rested":1,"item_purchase_floors":[22,30,48,48],"current_hp_per_floor":[80,80,85,85,85,71,61,61,61,63,60,32,32,38,38,14,85,72,69,66,66,66,66,63,63,63,60,58,58,58,55,55,13,85,85,85,48,48,51,42,67,67,67,73,79,84,84,84,84,65],"gold":24,"neow_bonus":"","is_prod":false,"is_daily":false,"chose_seed":false,"campfire_upgraded":8,"win_rate":0.0,"timestamp":1557843254,"path_taken":["M","M","?","M","?","E","?","R","T","?","?","E","R","M","R","BOSS","M","M","M","?","$","R","M","R","T","E","M","?","$","E","R","BOSS","M","?","?","?","M","E","R","E","T","M","M","E","R","$","R","BOSS"],"build_version":"2019-05-07","purchased_purges":2,"victory":true,"max_hp_per_floor":[80,80,85,85,85,85,85,85,85,85,85,85,85,85,85,85,85,85,85,85,85,85,85,85,85,85,85,85,85,85,85,85,85,85,85,85,85,85,85,85,85,85,85,85,85,85,85,85,85,85],"card_choices":[{"not_picked":["Shrug It Off","Seeing Red"],"picked":"Iron Wave","floor":1},{"not_picked":["Entrench","Power Through"],"picked":"Feel No Pain","floor":2},{"not_picked":["Twin Strike","Pommel Strike"],"picked":"Cleave","floor":4},{"not_picked":["Twin Strike","Clothesline"],"picked":"Whirlwind","floor":6},{"not_picked":["Dual Wield","Perfected Strike"],"picked":"Bloodletting","floor":7},{"not_picked":["Corruption","Dropkick"],"picked":"Ghostly Armor","floor":10},{"not_picked":["Shockwave+1","Ghostly Armor+1"],"picked":"Shrug It Off+1","floor":12},{"not_picked":["Twin Strike","Cleave"],"picked":"Shrug It Off+1","floor":14},{"not_picked":["Juggernaut","Berserk"],"picked":"Offering+1","floor":16},{"not_picked":["Shrug It Off+1","Sever Soul"],"picked":"Anger+1","floor":18},{"not_picked":["True Grit+1","Iron Wave"],"picked":"Flex+1","floor":19},{"not_picked":["Clash","Carnage"],"picked":"Ghostly Armor+1","floor":20},{"not_picked":["Blood for Blood","Clash"],"picked":"Body Slam+1","floor":24},{"not_picked":["Flame Barrier+1","Warcry+1"],"picked":"Impervious+1","floor":27},{"not_picked":["Clothesline+1","Iron Wave+1"],"picked":"Headbutt","floor":28},{"not_picked":["Cleave+1","Dark Embrace"],"picked":"Seeing Red+1","floor":31},{"not_picked":["Offering+1","Feed"],"picked":"Demon Form","floor":33},{"not_picked":["Body Slam+1","Cleave+1"],"picked":"Shrug It Off+1","floor":35},{"not_picked":["Dual Wield+1","Carnage+1"],"picked":"Body Slam+1","floor":37},{"not_picked":["Pummel+1","Carnage+1","Body Slam+1"],"picked":"SKIP","floor":39},{"not_picked":["Rupture+1","Pommel Strike+1"],"picked":"Impervious+1","floor":40},{"not_picked":["Pommel Strike","Sever Soul"],"picked":"Fiend Fire","floor":42},{"not_picked":["Anger","Cleave+1"],"picked":"Warcry+1","floor":44},{"not_picked":["Demon Form","Armaments+1"],"picked":"Warcry+1","floor":45},{"not_picked":["Seeing Red+1","Uppercut+1"],"picked":"Shrug It Off+1","floor":46}],"player_experience":1422588,"relics_obtained":[{"floor":9,"key":"Gremlin Horn"},{"floor":10,"key":"Odd Mushroom"},{"floor":12,"key":"Bag of Preparation"},{"floor":26,"key":"Bottled Flame"},{"floor":27,"key":"Lantern"},{"floor":31,"key":"War Paint"},{"floor":37,"key":"Pocketwatch"},{"floor":38,"key":"Charon\u0027s Ashes"},{"floor":40,"key":"Incense Burner"},{"floor":42,"key":"Pen Nib"},{"floor":43,"key":"Kunai"},{"floor":46,"key":"Torii"}],"event_choices":[{"damage_healed":0,"gold_gain":0,"player_choice":"Donut","damage_taken":0,"max_hp_gain":5,"max_hp_loss":0,"event_name":"Big Fish","floor":3,"gold_loss":0},{"cards_removed":["Strike_R"],"damage_healed":0,"gold_gain":0,"player_choice":"Offered Basic","damage_taken":0,"max_hp_gain":0,"max_hp_loss":0,"event_name":"Bonfire Elementals","floor":5,"gold_loss":0},{"damage_healed":0,"gold_gain":0,"player_choice":"Fought Mushrooms","damage_taken":0,"max_hp_gain":0,"max_hp_loss":0,"event_name":"Mushrooms","floor":10,"gold_loss":0},{"damage_healed":0,"gold_gain":0,"player_choice":"Success","damage_taken":3,"relics_obtained":["Toxic Egg 2"],"max_hp_gain":0,"max_hp_loss":0,"event_name":"Scrap Ooze","floor":11,"gold_loss":0},{"damage_healed":0,"gold_gain":0,"player_choice":"Copied","damage_taken":0,"max_hp_gain":0,"max_hp_loss":0,"event_name":"Duplicator","floor":21,"gold_loss":0,"cards_obtained":["Offering"]},{"damage_healed":0,"gold_gain":0,"player_choice":"Ignored","damage_taken":0,"max_hp_gain":0,"max_hp_loss":0,"event_name":"Tomb of Lord Red Mask","floor":36,"gold_loss":0},{"damage_healed":0,"gold_gain":0,"player_choice":"Fight","damage_taken":0,"max_hp_gain":0,"max_hp_loss":0,"event_name":"Mysterious Sphere","floor":37,"gold_loss":0}],"is_beta":true,"boss_relics":[{"not_picked":["Orrery","Runic Dome"],"picked":"Empty Cage"},{"not_picked":["Coffee Dripper","Mark of Pain"],"picked":"Runic Cube"}],"items_purged_floors":[22,48],"is_endless":false,"potions_floor_spawned":[4,7,12,16,19,24,33,39,42,44],"ascension_level":0}