{"gold_per_floor":[111,36,36,52,52,83,83,109,109,109,120,132,44,56,56,133,133,153,153,153,168,186,186,211,211,238,5,37,56,56,56,56,131,131,142,142,142,162,182,208,208,234,286,286,106,137,149,194,206,218,230],"floor_reached":51,"playtime":3987,"items_purged":["Strike_B","Strike_B"],"score":1618,"play_id":"10efc1f5-85a3-4caf-b37e-eb96e5244d0e","local_time":"20190102114740","is_ascension_mode":true,"campfire_choices":[{"data":"Buffer","floor":7,"key":"SMITH"},{"data":"Sweeping Beam","floor":10,"key":"SMITH"},{"data":"Reinforced Body","floor":15,"key":"SMITH"},{"floor":23,"key":"REST"},{"data":"Barrage","floor":25,"key":"SMITH"},{"floor":32,"key":"REST"},{"data":"Storm","floor":41,"key":"SMITH"},{"floor":44,"key":"REST"},{"floor":47,"key":"REST"},{"floor":49,"key":"RECALL"}],"neow_cost":"NONE","seed_source_timestamp":1184696597974306,"circlet_count":0,"master_deck":["AscendersBane","Strike_B","Strike_B","Defend_B","Defend_B","Defend_B","Zap","Dualcast","Ball Lightning","Buffer+1","Sweeping Beam+1","Conserve Battery+1","Coolheaded","Reinforced Body+1","Capacitor","Biased Cognition","Auto Shields+1","Writhe","Barrage+1","Mayhem","Conserve Battery","Creative AI","Dark Shackles","Storm+1","Heatsinks","Glacier","Force Field+1","Glacier","All For One"],"relics":["Cracked Core","Pen Nib","Anchor","Cables","Du-Vu Doll","Gremlin Horn","Snecko Eye","PreservedInsect","Boot","Vajra","Philosopher\u0027s Stone","Bottled Lightning","Orichalcum","Oddly Smooth Stone","MawBank","War Paint"],"potions_floor_usage":[24,28,33,35,51,51],"damage_taken":[{"damage":2,"enemies":"Jaw Worm","floor":1,"turns":3},{"damage":0,"enemies":"Small Slimes","floor":4,"turns":2},{"damage":30,"enemies":"3 Sentries","floor":6,"turns":6},{"damage":0,"enemies":"Lagavulin","floor":8,"turns":6},{"damage":0,"enemies":"Cultist","floor":11,"turns":3},{"damage":0,"enemies":"Red Slaver","floor":12,"turns":2},{"damage":0,"enemies":"3 Louse","floor":14,"turns":2},{"damage":2,"enemies":"Slime Boss","floor":16,"turns":9},{"damage":11,"enemies":"2 Thieves","floor":18,"turns":3},{"damage":0,"enemies":"Chosen","floor":21,"turns":4},{"damage":8,"enemies":"Centurion and Healer","floor":22,"turns":6},{"damage":7,"enemies":"Book of Stabbing","floor":24,"turns":4},{"damage":10,"enemies":"Slavers","floor":28,"turns":3},{"damage":19,"enemies":"Snake Plant","floor":29,"turns":5},{"damage":18,"enemies":"Automaton","floor":33,"turns":10},{"damage":38,"enemies":"3 Darklings","floor":35,"turns":6},{"damage":5,"enemies":"3 Shapes","floor":38,"turns":6},{"damage":11,"enemies":"Transient","floor":39,"turns":6},{"damage":20,"enemies":"Reptomancer","floor":40,"turns":5},{"damage":4,"enemies":"Nemesis","floor":42,"turns":5},{"damage":37,"enemies":"Reptomancer","floor":46,"turns":4},{"damage":0,"enemies":"Giant Head","floor":48,"turns":9},{"damage":2,"enemies":"Donu and Deca","floor":50,"turns":12},{"damage":20,"enemies":"Awakened One","floor":51,"turns":6}],"seed_played":"-2621320084383597358","potions_obtained":[{"floor":4,"key":"Block Potion"},{"floor":6,"key":"Dexterity Potion"},{"floor":24,"key":"Explosive Potion"},{"floor":29,"key":"Energy Potion"},{"floor":35,"key":"LiquidBronze"},{"floor":40,"key":"Weak Potion"},{"floor":48,"key":"SpeedPotion"}],"is_trial":false,"path_per_floor":["M","$","?","M","?","E","R","E","T","R","M","M","$","M","R","B",null,"M","?","?","M","M","R","E","R","T","$","E","M","?","?","R","B",null,"M","?","?","M","M","E","R","E","T","R","$","E","R","E","R","B","B"],"character_chosen":"DEFECT","items_purchased":["Reinforced Body","Mayhem","Conserve Battery","Glacier"],"campfire_rested":4,"item_purchase_floors":[13,27,27,45],"current_hp_per_floor":[62,62,55,55,55,25,25,25,25,25,25,25,25,25,25,23,59,48,28,28,28,20,42,35,35,35,35,25,6,6,21,43,25,63,25,25,62,57,46,26,26,22,22,40,40,3,21,21,21,19,0],"gold":230,"neow_bonus":"RANDOM_COMMON_RELIC","is_prod":false,"is_daily":false,"chose_seed":false,"campfire_upgraded":5,"win_rate":0,"timestamp":1546447660,"path_taken":["M","$","?","M","?","E","R","E","T","R","?","M","?","M","R","BOSS","M","?","?","M","M","R","E","R","T","$","E","M","?","?","R","BOSS","M","?","?","M","M","E","R","E","T","R","$","E","R","E","R","BOSS","BOSS"],"build_version":"2019-01-01v2","purchased_purges":2,"victory":false,"max_hp_per_floor":[71,71,71,71,71,71,71,71,71,71,71,71,71,71,71,71,71,71,76,76,76,76,76,76,76,76,76,76,76,76,76,76,76,76,76,76,62,62,62,62,62,62,62,62,62,62,62,62,62,62,62],"card_choices":[{"not_picked":["Steam","Turbo"],"picked":"Ball Lightning","floor":1},{"not_picked":["Steam","Turbo"],"picked":"Rebound","floor":4},{"not_picked":["Turbo","Sweeping Beam"],"picked":"Buffer","floor":6},{"not_picked":["Streamline","Ball Lightning"],"picked":"Sweeping Beam","floor":8},{"not_picked":["Fusion","Melter"],"picked":"Conserve Battery","floor":11},{"not_picked":["Streamline","Barrage"],"picked":"Coolheaded","floor":12},{"not_picked":["Chill","Coolheaded"],"picked":"Capacitor","floor":14},{"not_picked":["Reboot","Creative AI"],"picked":"Biased Cognition","floor":16},{"not_picked":["Streamline","Darkness"],"picked":"Auto Shields","floor":18},{"not_picked":["Compile Driver","Double Energy","Reprogram"],"picked":"SKIP","floor":21},{"not_picked":["Sweeping Beam","Hologram"],"picked":"Barrage","floor":22},{"not_picked":["Amplify","Lockon","Gash+1"],"picked":"SKIP","floor":24},{"not_picked":["Genetic Algorithm","Compile Driver","Beam Cell"],"picked":"SKIP","floor":28},{"not_picked":["Skim","Gash","Rebound"],"picked":"SKIP","floor":29},{"not_picked":["Seek","Amplify"],"picked":"Creative AI","floor":33},{"not_picked":["Sweeping Beam","Compile Driver","Gash"],"picked":"SKIP","floor":35},{"not_picked":["Bandage Up","HandOfGreed"],"picked":"Dark Shackles","floor":36},{"not_picked":["Go for the Eyes","Beam Cell+1"],"picked":"Storm","floor":38},{"not_picked":["Compile Driver","Hello World+1"],"picked":"Heatsinks","floor":39},{"not_picked":["Streamline+1","Beam Cell+1"],"picked":"Glacier","floor":40},{"not_picked":["Hello World+1","Go for the Eyes"],"picked":"Force Field+1","floor":42},{"not_picked":["Gash","Streamline","Redo"],"picked":"SKIP","floor":46},{"not_picked":["Skim","Ball Lightning+1"],"picked":"All For One","floor":48}],"player_experience":1084420,"relics_obtained":[{"floor":6,"key":"Cables"},{"floor":8,"key":"Du-Vu Doll"},{"floor":9,"key":"Gremlin Horn"},{"floor":24,"key":"Boot"},{"floor":28,"key":"Vajra"},{"floor":40,"key":"Bottled Lightning"},{"floor":42,"key":"Orichalcum"},{"floor":43,"key":"Oddly Smooth Stone"},{"floor":46,"key":"MawBank"},{"floor":48,"key":"War Paint"}],"event_choices":[{"cards_removed":["Defend_B"],"damage_healed":0,"gold_gain":0,"player_choice":"Card Removal","damage_taken":7,"max_hp_gain":0,"max_hp_loss":0,"event_name":"Golden Wing","floor":3,"gold_loss":0},{"cards_removed":["Rebound"],"damage_healed":0,"gold_gain":0,"player_choice":"Gave Card","damage_taken":0,"relics_obtained":["Anchor"],"max_hp_gain":0,"max_hp_loss":0,"event_name":"WeMeetAgain","floor":5,"gold_loss":0},{"damage_healed":0,"gold_gain":0,"player_choice":"Shed Blood","damage_taken":25,"max_hp_gain":5,"max_hp_loss":0,"event_name":"Forgotten Altar","floor":19,"gold_loss":0},{"damage_healed":0,"gold_gain":0,"player_choice":"Opened","damage_taken":0,"relics_obtained":["PreservedInsect"],"max_hp_gain":0,"max_hp_loss":0,"event_name":"The Mausoleum","floor":20,"gold_loss":0,"cards_obtained":["Writhe"]},{"damage_healed":0,"gold_gain":0,"player_choice":"Ignored","damage_taken":0,"max_hp_gain":0,"max_hp_loss":0,"event_name":"Beggar","floor":30,"gold_loss":0},{"damage_healed":15,"gold_gain":0,"player_choice":"Heal","damage_taken":0,"max_hp_gain":0,"max_hp_loss":0,"event_name":"The Library","floor":31,"gold_loss":0},{"damage_healed":0,"gold_gain":0,"player_choice":"Memory 1","damage_taken":0,"max_hp_gain":0,"max_hp_loss":0,"event_name":"SensoryStone","floor":36,"gold_loss":0},{"damage_healed":62,"gold_gain":0,"player_choice":"Heal","damage_taken":0,"max_hp_gain":0,"max_hp_loss":14,"event_name":"The Moai Head","floor":37,"gold_loss":0}],"is_beta":true,"boss_relics":[{"not_picked":["Sozu","Fusion Hammer"],"picked":"Snecko Eye"},{"not_picked":["Runic Pyramid","White Beast Statue"],"picked":"Philosopher\u0027s Stone"}],"items_purged_floors":[2,45],"is_endless":false,"potions_floor_spawned":[4,6,11,16,24,29,35,40,48],"killed_by":"Awakened One","ascension_level":20}