{"gold_per_floor":[110,124,74,86,11,45,45,74,74,135,135,147,162,182,182,278,278,294,294,311,311,324,324,349,349,349,379,379,409,82,82,82,179,179,189,199,29,0,16,50,50,85,109,109,126,143,143,172,172,172,172,172,47,74,74],"floor_reached":55,"playtime":4320,"items_purged":["Zap","Strike_B+1","Defend_B+1"],"score":1205,"play_id":"4d0407c1-ee6f-4ba1-b23d-6713f1f4c375","local_time":"20190513213136","is_ascension_mode":true,"campfire_choices":[{"data":"Genetic Algorithm","floor":7,"key":"SMITH"},{"data":"Genetic Algorithm","floor":11,"key":"SMITH"},{"data":"Echo Form","floor":15,"key":"SMITH"},{"data":"Rainbow","floor":23,"key":"SMITH"},{"data":"Glacier","floor":25,"key":"SMITH"},{"data":"Coolheaded","floor":28,"key":"SMITH"},{"data":"Conserve Battery","floor":32,"key":"SMITH"},{"data":"Blizzard","floor":41,"key":"SMITH"},{"data":"Rainbow","floor":44,"key":"SMITH"},{"floor":49,"key":"RECALL"},{"data":"Glacier","floor":52,"key":"SMITH"}],"neow_cost":"NONE","seed_source_timestamp":2166306365094078,"circlet_count":0,"master_deck":["Strike_B+1","Strike_B+1","Defend_B+1","Defend_B+1","Defend_B+1","Dualcast","Ball Lightning","Conserve Battery+1","Chill","Genetic Algorithm+1","Genetic Algorithm+1","Echo Form+1","Coolheaded+1","Steam","Compile Driver","Cold Snap","Rainbow+1","Sunder+1","Glacier+1","Rainbow+1","Blizzard+1","Streamline+1","Writhe","Glacier+1","Madness","Madness"],"relics":["Cracked Core","Strawberry","Incense Burner","Kunai","Letter Opener","Tiny Chest","Busted Crown","Meat on the Bone","Art of War","Orichalcum","Pear","Mummified Hand","Cursed Key","Red Mask","Bottled Tornado","Centennial Puzzle","Vajra","Bag of Preparation"],"potions_floor_usage":[18,29,55,55,55],"damage_taken":[{"damage":0,"enemies":"Cultist","floor":1,"turns":4},{"damage":7,"enemies":"Small Slimes","floor":2,"turns":2},{"damage":0,"enemies":"2 Louse","floor":4,"turns":2},{"damage":8,"enemies":"Lagavulin","floor":6,"turns":7},{"damage":25,"enemies":"Gremlin Nob","floor":8,"turns":4},{"damage":0,"enemies":"Lagavulin","floor":10,"turns":6},{"damage":0,"enemies":"2 Fungi Beasts","floor":12,"turns":3},{"damage":0,"enemies":"3 Louse","floor":13,"turns":3},{"damage":0,"enemies":"Looter","floor":14,"turns":3},{"damage":3,"enemies":"The Guardian","floor":16,"turns":12},{"damage":2,"enemies":"3 Byrds","floor":18,"turns":5},{"damage":0,"enemies":"2 Thieves","floor":20,"turns":3},{"damage":0,"enemies":"Centurion and Healer","floor":22,"turns":5},{"damage":0,"enemies":"Book of Stabbing","floor":24,"turns":5},{"damage":0,"enemies":"Gremlin Leader","floor":27,"turns":7},{"damage":0,"enemies":"Book of Stabbing","floor":29,"turns":7},{"damage":14,"enemies":"Collector","floor":33,"turns":13},{"damage":0,"enemies":"Orb Walker","floor":35,"turns":4},{"damage":0,"enemies":"3 Shapes","floor":36,"turns":6},{"damage":10,"enemies":"Writhing Mass","floor":39,"turns":8},{"damage":0,"enemies":"Reptomancer","floor":40,"turns":10},{"damage":28,"enemies":"Giant Head","floor":42,"turns":8},{"damage":0,"enemies":"Sphere and 2 Shapes","floor":45,"turns":3},{"damage":0,"enemies":"Maw","floor":46,"turns":7},{"damage":0,"enemies":"Reptomancer","floor":48,"turns":9},{"damage":25,"enemies":"Donu and Deca","floor":50,"turns":10},{"damage":23,"enemies":"Shield and Spear","floor":54,"turns":7},{"damage":74,"enemies":"The Heart","floor":55,"turns":9}],"seed_played":"5826065459085760951","potions_obtained":[{"floor":6,"key":"Energy Potion"},{"floor":8,"key":"Ancient Potion"},{"floor":12,"key":"PowerPotion"},{"floor":18,"key":"AttackPotion"},{"floor":22,"key":"Weak Potion"},{"floor":33,"key":"Explosive Potion"},{"floor":39,"key":"SkillPotion"}],"is_trial":false,"path_per_floor":["M","M","?","M","$","E","R","E","T","E","R","M","M","M","R","B",null,"M","?","M","?","M","R","E","R","T","E","R","E","$","?","R","B",null,"M","M","$","?","M","E","R","E","T","R","M","M","?","E","R","B",null,"R","$","E","B"],"character_chosen":"DEFECT","items_purchased":["Genetic Algorithm","Mummified Hand","Blizzard"],"campfire_rested":0,"item_purchase_floors":[5,30,37],"current_hp_per_floor":[82,75,75,75,75,67,67,42,42,42,42,42,42,42,42,39,82,80,80,80,80,80,80,80,80,80,80,80,90,90,90,90,76,92,92,92,92,92,82,82,82,54,54,54,54,54,42,54,54,41,92,92,92,69,0],"gold":74,"neow_bonus":"RANDOM_COMMON_RELIC","is_prod":false,"is_daily":false,"chose_seed":false,"campfire_upgraded":10,"win_rate":0,"timestamp":1557801096,"path_taken":["M","?","?","M","$","E","R","E","T","E","R","M","M","M","R","BOSS","M","?","M","?","M","R","E","R","T","E","R","E","$","?","R","BOSS","M","M","$","?","M","E","R","E","T","R","M","M","?","E","R","BOSS","R","$","E","BOSS"],"build_version":"2019-01-23","purchased_purges":3,"victory":false,"max_hp_per_floor":[82,82,82,82,82,82,82,82,82,82,82,82,82,82,82,82,82,82,82,82,82,82,82,82,82,82,82,82,92,92,92,92,92,92,92,92,92,92,92,92,92,92,92,92,92,92,92,92,92,92,92,92,92,92,92],"card_choices":[{"not_picked":["Streamline","Coolheaded"],"picked":"Ball Lightning","floor":1},{"not_picked":["Fusion","Meteor Strike"],"picked":"Conserve Battery","floor":2},{"not_picked":["Rebound","Steam"],"picked":"Chill","floor":4},{"not_picked":["Skim","Go for the Eyes"],"picked":"Genetic Algorithm","floor":6},{"not_picked":["Conserve Battery","Turbo"],"picked":"Echo Form","floor":8},{"not_picked":["White Noise","Hologram"],"picked":"Coolheaded","floor":10},{"not_picked":["Hyperbeam","Beam Cell"],"picked":"Steam","floor":12},{"not_picked":["Coolheaded","Stack"],"picked":"Compile Driver","floor":13},{"not_picked":["Turbo","Sunder"],"picked":"Cold Snap","floor":14},{"not_picked":["Core Surge","Creative AI"],"picked":"Rainbow","floor":16},{"not_picked":[],"picked":"Sunder+1","floor":18},{"not_picked":["Compile Driver+1"],"picked":"SKIP","floor":20},{"not_picked":["Stack"],"picked":"SKIP","floor":22},{"not_picked":["Ball Lightning"],"picked":"SKIP","floor":24},{"not_picked":["Conserve Battery"],"picked":"SKIP","floor":27},{"not_picked":["Turbo"],"picked":"SKIP","floor":29},{"not_picked":[],"picked":"Rainbow","floor":33},{"not_picked":["Leap+1"],"picked":"SKIP","floor":35},{"not_picked":["Recycle+1"],"picked":"SKIP","floor":36},{"not_picked":["Darkness"],"picked":"SKIP","floor":39},{"not_picked":[],"picked":"Streamline+1","floor":40},{"not_picked":["Meteor Strike"],"picked":"SKIP","floor":42},{"not_picked":["Ball Lightning"],"picked":"SKIP","floor":45},{"not_picked":[],"picked":"Glacier","floor":46},{"not_picked":["Compile Driver"],"picked":"SKIP","floor":48},{"not_picked":["Steam"],"picked":"SKIP","floor":54}],"player_experience":317965,"relics_obtained":[{"floor":6,"key":"Incense Burner"},{"floor":8,"key":"Kunai"},{"floor":9,"key":"Letter Opener"},{"floor":10,"key":"Tiny Chest"},{"floor":24,"key":"Meat on the Bone"},{"floor":26,"key":"Art of War"},{"floor":27,"key":"Orichalcum"},{"floor":29,"key":"Pear"},{"floor":40,"key":"Bottled Tornado"},{"floor":42,"key":"Centennial Puzzle"},{"floor":48,"key":"Vajra"},{"floor":54,"key":"Bag of Preparation"}],"event_choices":[{"cards_removed":["Strike_B"],"damage_healed":0,"gold_gain":0,"player_choice":"Card Removal","damage_taken":0,"max_hp_gain":0,"max_hp_loss":0,"event_name":"The Cleric","floor":3,"gold_loss":50},{"damage_healed":0,"gold_gain":0,"player_choice":"Simplicity","damage_taken":0,"max_hp_gain":0,"max_hp_loss":0,"event_name":"Back to Basics","floor":19,"gold_loss":0,"cards_upgraded":["Strike_B","Strike_B","Strike_B","Defend_B","Defend_B","Defend_B","Defend_B"]},{"damage_healed":0,"gold_gain":0,"player_choice":"Read","damage_taken":0,"max_hp_gain":0,"max_hp_loss":0,"event_name":"The Library","floor":21,"gold_loss":0,"cards_obtained":["Glacier"]},{"damage_healed":0,"gold_gain":0,"player_choice":"Paid","damage_taken":0,"relics_obtained":["Red Mask"],"max_hp_gain":0,"max_hp_loss":0,"event_name":"Tomb of Lord Red Mask","floor":38,"gold_loss":29},{"damage_healed":0,"gold_gain":0,"player_choice":"Embrace Madness","damage_taken":12,"max_hp_gain":0,"max_hp_loss":0,"event_name":"Winding Halls","floor":47,"gold_loss":0,"cards_obtained":["Madness","Madness"]}],"is_beta":false,"boss_relics":[{"not_picked":["Velvet Choker","Orrery"],"picked":"Busted Crown"},{"not_picked":["Fusion Hammer","Coffee Dripper"],"picked":"Cursed Key"}],"items_purged_floors":[30,37,53],"is_endless":false,"potions_floor_spawned":[6,8,12,18,22,33,39,46],"killed_by":"The Heart","ascension_level":4}