{"gold_per_floor":[109,127,77,104,114,114,145,145,169,189,203,233,246,271,271,374,374,355,369,369,369,384,417,432,458,510,537,537,555,569,594,594,697,697,717,737,647,661,678,708,708,734,734,339,351,381,381,394,394,394,394,394,0,35,35],"floor_reached":56,"playtime":3489,"items_purged":["Strike_R+1"],"score":1444,"play_id":"e2837a94-33e0-4439-8f39-89a7ea0bc41d","local_time":"20190315082127","is_ascension_mode":true,"campfire_choices":[{"data":"Perfected Strike","floor":6,"key":"SMITH"},{"data":"Shockwave","floor":8,"key":"SMITH"},{"data":"Armaments","floor":15,"key":"SMITH"},{"data":"Demon Form","floor":28,"key":"SMITH"},{"floor":32,"key":"REST"},{"floor":41,"key":"RECALL"},{"data":"Warcry","floor":47,"key":"SMITH"},{"data":"Metallicize","floor":49,"key":"SMITH"},{"data":"Warcry","floor":52,"key":"SMITH"}],"neow_cost":"NONE","seed_source_timestamp":305153604056674,"circlet_count":0,"master_deck":["Strike_R+1","Defend_R","Defend_R","Defend_R","Bash","True Grit+1","Perfected Strike+1","Shrug It Off","Shockwave+1","Power Through","Demon Form+1","Armaments+1","Disarm","Immolate","Headbutt+1","Sword Boomerang","Metallicize+1","Rage","Shrug It Off","Spot Weakness","Immolate","Fiend Fire","Warcry+1","Fiend Fire","Shrug It Off+1","Havoc","Infernal Blade","Warcry+1","Fiend Fire","Armaments+1","Corruption+1","Shrug It Off"],"relics":["Burning Blood","Potion Belt","Centennial Puzzle","Du-Vu Doll","Strawberry","Busted Crown","Nloth\u0027s Gift","Blood Vial","Dead Branch","Whetstone","Happy Flower","Frozen Egg 2","Mark of Pain","Bag of Preparation","Orichalcum","Meat on the Bone","ClockworkSouvenir","Dream Catcher","Mummified Hand","Gambling Chip"],"potions_floor_usage":[23,24,27,39,46,55,55,55,55],"damage_taken":[{"damage":6,"enemies":"Jaw Worm","floor":1,"turns":3},{"damage":6,"enemies":"Cultist","floor":2,"turns":3},{"damage":4,"enemies":"Small Slimes","floor":5,"turns":3},{"damage":30,"enemies":"3 Sentries","floor":7,"turns":7},{"damage":6,"enemies":"Gremlin Gang","floor":10,"turns":6},{"damage":12,"enemies":"Exordium Wildlife","floor":11,"turns":5},{"damage":24,"enemies":"Gremlin Nob","floor":12,"turns":5},{"damage":5,"enemies":"3 Louse","floor":13,"turns":4},{"damage":35,"enemies":"3 Sentries","floor":14,"turns":8},{"damage":9,"enemies":"Hexaghost","floor":16,"turns":10},{"damage":11,"enemies":"2 Thieves","floor":18,"turns":4},{"damage":6,"enemies":"Shell Parasite","floor":19,"turns":5},{"damage":6,"enemies":"Snake Plant","floor":22,"turns":6},{"damage":13,"enemies":"Slavers","floor":23,"turns":4},{"damage":2,"enemies":"Cultist and Chosen","floor":24,"turns":6},{"damage":7,"enemies":"Gremlin Leader","floor":25,"turns":6},{"damage":30,"enemies":"Slavers","floor":27,"turns":7},{"damage":15,"enemies":"Centurion and Healer","floor":29,"turns":5},{"damage":20,"enemies":"Shelled Parasite and Fungi","floor":30,"turns":5},{"damage":9,"enemies":"Gremlin Leader","floor":31,"turns":8},{"damage":39,"enemies":"Automaton","floor":33,"turns":9},{"damage":18,"enemies":"3 Darklings","floor":35,"turns":4},{"damage":1,"enemies":"Orb Walker","floor":36,"turns":2},{"damage":6,"enemies":"Sphere and 2 Shapes","floor":38,"turns":5},{"damage":7,"enemies":"Jaw Worm Horde","floor":39,"turns":2},{"damage":16,"enemies":"Reptomancer","floor":40,"turns":5},{"damage":16,"enemies":"Giant Head","floor":42,"turns":8},{"damage":0,"enemies":"4 Shapes","floor":45,"turns":1},{"damage":2,"enemies":"Nemesis","floor":46,"turns":5},{"damage":0,"enemies":"Spire Growth","floor":48,"turns":4},{"damage":23,"enemies":"Awakened One","floor":50,"turns":8},{"damage":4,"enemies":"Shield and Spear","floor":54,"turns":2},{"damage":6,"enemies":"The Heart","floor":55,"turns":6}],"seed_played":"3265141770300572251","potions_obtained":[{"floor":1,"key":"Ancient Potion"},{"floor":10,"key":"Weak Potion"},{"floor":11,"key":"SpeedPotion"},{"floor":13,"key":"Ancient Potion"},{"floor":19,"key":"SteroidPotion"},{"floor":24,"key":"PowerPotion"},{"floor":31,"key":"SkillPotion"},{"floor":33,"key":"EssenceOfSteel"},{"floor":42,"key":"Weak Potion"},{"floor":48,"key":"LiquidBronze"}],"is_trial":false,"path_per_floor":["M","M","?","T","M","R","E","R","T","M","M","E","M","E","R","B",null,"M","M","?","?","M","E","M","E","T","E","R","M","M","E","R","B",null,"M","M","?","M","M","E","R","E","T","$","M","E","R","M","R","B",null,"R","$","E","B",null],"character_chosen":"IRONCLAD","items_purchased":["ClockworkSouvenir","Havoc","Infernal Blade","Corruption+1","Mummified Hand","Block Potion","Shrug It Off"],"campfire_rested":1,"item_purchase_floors":[44,44,44,53,53,53,53],"current_hp_per_floor":[80,80,80,80,80,80,66,66,66,66,60,42,43,21,21,18,97,92,92,92,92,92,85,91,92,92,70,70,63,51,50,79,48,97,85,92,92,94,95,87,87,79,79,79,87,93,93,97,97,80,97,97,97,97,97],"gold":35,"neow_bonus":"RANDOM_COMMON_RELIC","is_prod":false,"is_daily":false,"chose_seed":false,"campfire_upgraded":7,"win_rate":0,"timestamp":1552652487,"path_taken":["M","M","?","?","?","R","E","R","T","M","M","E","M","E","R","BOSS","M","M","?","?","M","E","M","E","T","E","R","?","M","E","R","BOSS","M","M","?","M","M","E","R","E","T","$","M","E","R","?","R","BOSS","R","$","E","BOSS"],"build_version":"2019-02-06","purchased_purges":1,"victory":true,"max_hp_per_floor":[80,80,80,80,80,80,90,90,90,90,90,90,90,97,97,97,97,97,97,97,97,97,97,97,97,97,97,97,97,97,97,97,97,97,97,97,97,97,97,97,97,97,97,97,97,97,97,97,97,97,97,97,97,97,97],"card_choices":[{"not_picked":["Cleave","Headbutt"],"picked":"True Grit","floor":1},{"not_picked":["Warcry","Clothesline"],"picked":"Perfected Strike","floor":2},{"not_picked":["Clothesline","Anger"],"picked":"Shrug It Off","floor":5},{"not_picked":["Carnage","Heavy Blade"],"picked":"Shockwave","floor":7},{"not_picked":["Reckless Charge","Flex","Clothesline"],"picked":"SKIP","floor":10},{"not_picked":["Entrench","Sentinel"],"picked":"Power Through","floor":11},{"not_picked":["Bloodletting","Thunderclap"],"picked":"Demon Form","floor":12},{"not_picked":["Headbutt","Bloodletting"],"picked":"Armaments","floor":13},{"not_picked":["Rupture","Flex"],"picked":"Disarm","floor":14},{"not_picked":["Dark Embrace","Demon Form"],"picked":"Immolate","floor":16},{"not_picked":[],"picked":"Headbutt+1","floor":18},{"not_picked":[],"picked":"Sword Boomerang","floor":19},{"not_picked":["Shockwave"],"picked":"SKIP","floor":22},{"not_picked":["Juggernaut"],"picked":"SKIP","floor":23},{"not_picked":["Heavy Blade"],"picked":"SKIP","floor":24},{"not_picked":["True Grit"],"picked":"SKIP","floor":25},{"not_picked":[],"picked":"Shrug It Off","floor":27},{"not_picked":[],"picked":"Spot Weakness","floor":29},{"not_picked":["Power Through"],"picked":"SKIP","floor":30},{"not_picked":[],"picked":"Immolate","floor":31},{"not_picked":[],"picked":"Fiend Fire","floor":33},{"not_picked":[],"picked":"Warcry","floor":35},{"not_picked":[],"picked":"Fiend Fire","floor":36},{"not_picked":["Twin Strike+1"],"picked":"SKIP","floor":38},{"not_picked":["Headbutt"],"picked":"SKIP","floor":39},{"not_picked":[],"picked":"Shrug It Off+1","floor":40},{"not_picked":["Bludgeon"],"picked":"SKIP","floor":42},{"not_picked":[],"picked":"Warcry","floor":45},{"not_picked":[],"picked":"Fiend Fire","floor":46},{"not_picked":[],"picked":"Armaments+1","floor":48},{"not_picked":["Perfected Strike+1"],"picked":"SKIP","floor":54}],"player_experience":4894982,"relics_obtained":[{"floor":4,"key":"Centennial Puzzle"},{"floor":7,"key":"Pear"},{"floor":12,"key":"Du-Vu Doll"},{"floor":14,"key":"Strawberry"},{"floor":23,"key":"Blood Vial"},{"floor":25,"key":"Dead Branch"},{"floor":26,"key":"Whetstone"},{"floor":27,"key":"Happy Flower"},{"floor":31,"key":"Frozen Egg 2"},{"floor":40,"key":"Bag of Preparation"},{"floor":42,"key":"Orichalcum"},{"floor":43,"key":"Meat on the Bone"},{"floor":46,"key":"Dream Catcher"},{"floor":54,"key":"Gambling Chip"}],"event_choices":[{"cards_removed":["Defend_R"],"damage_healed":0,"gold_gain":0,"player_choice":"Card Removal","damage_taken":0,"max_hp_gain":0,"max_hp_loss":0,"event_name":"The Cleric","floor":3,"gold_loss":50},{"damage_healed":0,"gold_gain":0,"cards_transformed":["Strike_R","Strike_R"],"player_choice":"Became Test Subject","damage_taken":0,"max_hp_gain":0,"max_hp_loss":0,"event_name":"Drug Dealer","floor":20,"gold_loss":0,"cards_obtained":["Metallicize","Rage"]},{"damage_healed":0,"gold_gain":0,"player_choice":"Traded Relic","damage_taken":0,"relics_obtained":["Nloth\u0027s Gift"],"max_hp_gain":0,"max_hp_loss":0,"event_name":"N\u0027loth","floor":21,"relics_lost":["Pear"],"gold_loss":0},{"cards_removed":["Strike_R"],"damage_healed":0,"gold_gain":0,"player_choice":"Upgrade and Remove","damage_taken":0,"max_hp_gain":0,"max_hp_loss":0,"event_name":"Designer","floor":37,"gold_loss":90,"cards_upgraded":["True Grit"]}],"is_beta":true,"boss_relics":[{"not_picked":["Astrolabe","Pandora\u0027s Box"],"picked":"Busted Crown"},{"not_picked":["White Beast Statue","Velvet Choker"],"picked":"Mark of Pain"}],"items_purged_floors":[44],"is_endless":false,"potions_floor_spawned":[1,10,11,13,19,22,24,31,33,36,42,45,48,54],"ascension_level":1}