{"gold_per_floor":[118,118,131,62,62,62,62,14,14,14,29,50,94,110,110,241,304,319,319,5,5,22,22,22],"floor_reached":24,"playtime":1029,"items_purged":[],"score":310,"play_id":"1dc15530-93b4-414d-877a-eb5af9b71cca","local_time":"20190325010306","is_ascension_mode":true,"campfire_choices":[{"data":"Neutralize","floor":6,"key":"SMITH"},{"floor":15,"key":"REST"},{"floor":23,"key":"REST"}],"neow_cost":"NONE","seed_source_timestamp":348767818377435,"circlet_count":0,"master_deck":["AscendersBane","Defend_G","Defend_G","Defend_G","Defend_G","Defend_G","Strike_G","Strike_G","Strike_G","Strike_G","Survivor+1","Neutralize+1","Poisoned Stab","Well Laid Plans","Parasite","PiercingWail","Masterful Stab","Predator","Leg Sweep","Backflip","Burst","Poisoned Stab","Dagger Spray","Footwork","Neutralize+1","Caltrops"],"relics":["Ring of the Snake","NeowsBlessing","Bloody Idol","Ancient Tea Set","Letter Opener","WingedGreaves","Tiny House","Molten Egg 2"],"potions_floor_usage":[13,16,16],"damage_taken":[{"damage":0,"enemies":"2 Louse","floor":1,"turns":1},{"damage":0,"enemies":"Small Slimes","floor":3,"turns":1},{"damage":0,"enemies":"Cultist","floor":11,"turns":1},{"damage":0,"enemies":"Looter","floor":12,"turns":4},{"damage":36,"enemies":"Lagavulin","floor":13,"turns":9},{"damage":0,"enemies":"2 Fungi Beasts","floor":14,"turns":3},{"damage":17,"enemies":"Hexaghost","floor":16,"turns":12},{"damage":28,"enemies":"Shell Parasite","floor":18,"turns":10},{"damage":32,"enemies":"3 Byrds","floor":22,"turns":8},{"damage":58,"enemies":"Snecko","floor":24,"turns":9}],"seed_played":"1722802055676366986","potions_obtained":[{"floor":11,"key":"Weak Potion"},{"floor":13,"key":"SteroidPotion"},{"floor":14,"key":"Strength Potion"},{"floor":17,"key":"FairyPotion"}],"is_trial":false,"path_per_floor":["M","?","M","$","?","R","?","$","T","T","M","M","E","M","R","B",null,"M","?","$","?","M","R","M"],"character_chosen":"THE_SILENT","items_purchased":["Well Laid Plans","PiercingWail","Footwork","Molten Egg 2"],"campfire_rested":2,"item_purchase_floors":[4,8,20,20],"current_hp_per_floor":[63,63,63,63,56,56,65,65,65,65,65,65,29,29,48,31,62,34,34,34,34,7,28,0],"gold":22,"neow_bonus":"THREE_ENEMY_KILL","is_prod":false,"is_daily":false,"chose_seed":false,"campfire_upgraded":1,"win_rate":0,"timestamp":1553486586,"path_taken":["M","?","M","$","?","R","?","$","T","?","?","M","E","M","R","BOSS","M","?","$","?","M","R","?"],"build_version":"2019-01-23","purchased_purges":0,"victory":false,"max_hp_per_floor":[70,65,65,65,65,65,65,65,65,65,65,65,65,65,65,65,70,70,70,70,70,70,70,70],"card_choices":[{"not_picked":["Eviscerate","Concentrate"],"picked":"Poisoned Stab","floor":1},{"not_picked":["Bane","Finisher","Outmaneuver"],"picked":"SKIP","floor":3},{"not_picked":["Eviscerate","Sucker Punch"],"picked":"Masterful Stab","floor":11},{"not_picked":["PiercingWail","Deflect"],"picked":"Predator","floor":12},{"not_picked":["Finisher","Well Laid Plans"],"picked":"Leg Sweep","floor":13},{"not_picked":["Predator","Dagger Throw"],"picked":"Backflip","floor":14},{"not_picked":["Glass Knife","Doppelganger"],"picked":"Burst","floor":16},{"not_picked":["Eviscerate","Dagger Throw"],"picked":"Poisoned Stab","floor":17},{"not_picked":["Sucker Punch+1","Deflect"],"picked":"Dagger Spray","floor":18},{"not_picked":["Prepared","Deflect"],"picked":"Caltrops","floor":22}],"player_experience":990982,"relics_obtained":[{"floor":9,"key":"Ancient Tea Set"},{"floor":10,"key":"Letter Opener"},{"floor":13,"key":"WingedGreaves"}],"event_choices":[{"damage_healed":0,"gold_gain":0,"player_choice":"Lose Max HP","damage_taken":0,"relics_obtained":["Golden Idol"],"max_hp_gain":0,"max_hp_loss":5,"event_name":"Golden Idol","floor":2,"gold_loss":0},{"cards_removed":["Strike_G"],"damage_healed":0,"gold_gain":0,"player_choice":"Card Removal","damage_taken":7,"max_hp_gain":0,"max_hp_loss":0,"event_name":"Golden Wing","floor":5,"gold_loss":0},{"damage_healed":16,"gold_gain":0,"player_choice":"Healed and dodged fight","damage_taken":0,"max_hp_gain":0,"max_hp_loss":0,"event_name":"Mushrooms","floor":7,"gold_loss":0,"cards_obtained":["Parasite"]},{"damage_healed":0,"gold_gain":0,"player_choice":"Gave Idol","damage_taken":0,"relics_obtained":["Bloody Idol"],"max_hp_gain":0,"max_hp_loss":0,"event_name":"Forgotten Altar","floor":19,"relics_lost":["Golden Idol"],"gold_loss":0},{"damage_healed":0,"gold_gain":0,"player_choice":"Copied","damage_taken":0,"max_hp_gain":0,"max_hp_loss":0,"event_name":"Duplicator","floor":21,"gold_loss":0,"cards_obtained":["Neutralize"]}],"is_beta":false,"boss_relics":[{"not_picked":["Lizard Tail","Empty Cage"],"picked":"Tiny House"}],"items_purged_floors":[],"is_endless":false,"potions_floor_spawned":[11,13,14],"killed_by":"Snecko","ascension_level":12}