{"gold_per_floor":[110,128,138,63,81,81,97,97,97,126,126,160,177,188,188,283,283,283,283,283,60,60,60,60,60,60,60,60,60,40,40,40,40],"floor_reached":33,"playtime":1141,"items_purged":["Pain"],"score":475,"play_id":"c936fa39-c460-4315-91ba-6b960c2a535f","local_time":"20190204193640","is_ascension_mode":true,"campfire_choices":[{"floor":6,"key":"REST"},{"data":"Armaments","floor":11,"key":"SMITH"},{"data":"Armaments","floor":15,"key":"SMITH"},{"data":"Mayhem","floor":24,"key":"SMITH"},{"floor":29,"key":"REST"},{"floor":32,"key":"REST"}],"neow_cost":"CURSE","seed_source_timestamp":499355990610461,"circlet_count":0,"master_deck":["Strike_R","Strike_R","Strike_R","Strike_R","Strike_R","Defend_R","Defend_R","Defend_R","Defend_R","Bash","Rage","Armaments+1","Perfected Strike","Intimidate","Sword Boomerang","Armaments+1","Headbutt","Metallicize","Infernal Blade+1","Perfected Strike","Mayhem+1","Armaments","Battle Trance","Second Wind","Sword Boomerang+1"],"relics":["Burning Blood","Self Forming Clay","Lantern","Thread and Needle","Ectoplasm","Bag of Preparation","Calipers","Mercury Hourglass","Mummified Hand","Juzu Bracelet"],"potions_floor_usage":[12,16,16,25,27,31,33],"damage_taken":[{"damage":11,"enemies":"2 Louse","floor":1,"turns":3},{"damage":11,"enemies":"Cultist","floor":2,"turns":5},{"damage":21,"enemies":"Small Slimes","floor":3,"turns":5},{"damage":44,"enemies":"Gremlin Gang","floor":5,"turns":5},{"damage":9,"enemies":"Large Slime","floor":7,"turns":8},{"damage":11,"enemies":"Gremlin Nob","floor":10,"turns":4},{"damage":15,"enemies":"Lagavulin","floor":12,"turns":6},{"damage":0,"enemies":"Blue Slaver","floor":13,"turns":3},{"damage":6,"enemies":"Exordium Wildlife","floor":14,"turns":4},{"damage":29,"enemies":"Hexaghost","floor":16,"turns":9},{"damage":8,"enemies":"Shell Parasite","floor":18,"turns":4},{"damage":12,"enemies":"Spheric Guardian","floor":20,"turns":4},{"damage":30,"enemies":"Book of Stabbing","floor":23,"turns":6},{"damage":52,"enemies":"Gremlin Leader","floor":25,"turns":8},{"damage":4,"enemies":"Slavers","floor":27,"turns":6},{"damage":9,"enemies":"Book of Stabbing","floor":31,"turns":5},{"damage":118,"enemies":"Automaton","floor":33,"turns":12}],"seed_played":"6617042021411150510","potions_obtained":[{"floor":2,"key":"PowerPotion"},{"floor":10,"key":"Dexterity Potion"},{"floor":12,"key":"Poison Potion"},{"floor":13,"key":"Strength Potion"},{"floor":16,"key":"Dexterity Potion"},{"floor":23,"key":"SpeedPotion"},{"floor":27,"key":"BloodPotion"},{"floor":30,"key":"Poison Potion"}],"is_trial":false,"path_per_floor":["M","M","M","$","M","R","M","?","T","E","R","E","M","M","R","B",null,"M","?","M","$","?","E","R","E","T","E","$","R","?","E","R","B"],"character_chosen":"IRONCLAD","items_purchased":["Mayhem","Armaments"],"campfire_rested":3,"item_purchase_floors":[21,21],"current_hp_per_floor":[83,78,63,63,25,53,50,82,82,77,77,68,74,74,74,51,85,83,96,90,90,90,66,66,20,20,22,22,50,50,56,84,0],"gold":40,"neow_bonus":"TWENTY_PERCENT_HP_BONUS","is_prod":false,"is_daily":false,"chose_seed":false,"campfire_upgraded":3,"win_rate":0,"timestamp":1549319800,"path_taken":["M","M","M","$","M","R","M","?","T","E","R","E","M","M","R","BOSS","M","?","?","$","?","E","R","E","T","E","$","R","?","E","R","BOSS"],"build_version":"2019-01-23","purchased_purges":1,"victory":false,"max_hp_per_floor":[96,96,96,96,96,96,96,96,96,96,96,96,96,96,96,96,96,96,96,96,96,96,96,96,96,96,96,96,96,96,96,96,96],"card_choices":[{"not_picked":["Thunderclap","Power Through"],"picked":"Rage","floor":1},{"not_picked":["Ghostly Armor","Flex"],"picked":"Armaments","floor":2},{"not_picked":["Combust","Anger"],"picked":"Perfected Strike","floor":3},{"not_picked":["Perfected Strike","Disarm"],"picked":"Intimidate","floor":5},{"not_picked":["Rampage","Heavy Blade"],"picked":"Sword Boomerang","floor":7},{"not_picked":["Iron Wave","Barricade"],"picked":"Armaments","floor":10},{"not_picked":["Hemokinesis","Warcry","Sentinel"],"picked":"SKIP","floor":12},{"not_picked":["Whirlwind","Sword Boomerang"],"picked":"Headbutt","floor":13},{"not_picked":["Burning Pact","Pommel Strike"],"picked":"Metallicize","floor":14},{"not_picked":["Iron Wave+1","Havoc"],"picked":"Infernal Blade+1","floor":18},{"not_picked":["Intimidate+1","Headbutt+1"],"picked":"Perfected Strike","floor":20},{"not_picked":["Combust","Pummel"],"picked":"Battle Trance","floor":23},{"not_picked":["Clash","Pummel","Searing Blow+1"],"picked":"SKIP","floor":25},{"not_picked":["Havoc","Clash"],"picked":"Second Wind","floor":27},{"not_picked":["Havoc","Iron Wave"],"picked":"Sword Boomerang+1","floor":31}],"player_experience":717888,"relics_obtained":[{"floor":9,"key":"Self Forming Clay"},{"floor":10,"key":"Lantern"},{"floor":12,"key":"Thread and Needle"},{"floor":23,"key":"Bag of Preparation"},{"floor":25,"key":"Calipers"},{"floor":26,"key":"Mercury Hourglass"},{"floor":27,"key":"Mummified Hand"},{"floor":31,"key":"Juzu Bracelet"}],"event_choices":[{"damage_healed":32,"gold_gain":0,"player_choice":"Banana","damage_taken":0,"max_hp_gain":0,"max_hp_loss":0,"event_name":"Big Fish","floor":8,"gold_loss":0},{"damage_healed":13,"gold_gain":0,"player_choice":"Full Heal","damage_taken":0,"max_hp_gain":0,"max_hp_loss":0,"event_name":"Wheel of Change","floor":19,"gold_loss":0},{"damage_healed":0,"gold_gain":0,"player_choice":"Ignored","damage_taken":0,"max_hp_gain":0,"max_hp_loss":0,"event_name":"Beggar","floor":22,"gold_loss":0},{"damage_healed":0,"gold_gain":0,"player_choice":"Bought 1 Potion","damage_taken":0,"max_hp_gain":0,"max_hp_loss":0,"event_name":"The Woman in Blue","floor":30,"gold_loss":0}],"is_beta":false,"boss_relics":[{"not_picked":["Astrolabe","Eternal Feather"],"picked":"Ectoplasm"}],"items_purged_floors":[4],"is_endless":false,"potions_floor_spawned":[2,10,12,13,14,16,23,27],"killed_by":"Automaton","ascension_level":7}