{"gold_per_floor":[111,128,141,156,156,181,181,200,250,280,9,20,49,49,49,154,154,171,171,3,3,15,49,49,59,82,114,124,223,256,37,37,139,139,150,150,164,175,192,219,237,265,265,265,365,390,405,459,459,459,459,459,149,184,184],"floor_reached":56,"playtime":3584,"items_purged":["Strike_B","Regret","Strike_B"],"score":1792,"play_id":"56976815-f876-468a-bf43-3f2a6536b4fd","local_time":"20190427023356","is_ascension_mode":true,"campfire_choices":[{"data":"Defragment","floor":7,"key":"SMITH"},{"data":"Zap","floor":15,"key":"SMITH"},{"data":"Capacitor","floor":24,"key":"SMITH"},{"data":"Defragment","floor":32,"key":"SMITH"},{"floor":44,"key":"REST"},{"floor":49,"key":"RECALL"},{"data":"Seek","floor":52,"key":"SMITH"}],"neow_cost":"NONE","seed_source_timestamp":3999399929409398,"circlet_count":0,"master_deck":["Strike_B","Defend_B","Defend_B","Defend_B","Defend_B","Zap+1","Dualcast","Reinforced Body","Defragment+1","Conserve Battery","Cold Snap","Electrodynamics","Glacier","Doom and Gloom","Seek+1","Steam Power","Redo","Conserve Battery","Ball Lightning","Rainbow","White Noise+1","Defragment+1","Capacitor+1","Cold Snap","Darkness","Defragment+1","Coolheaded","Skim","Buffer","Hello World+1","Blind","Magnetism","Impatience","Force Field","Steam Power+1","Echo Form","Hologram+1","Storm","Discovery","Heatsinks"],"relics":["Cracked Core","Lantern","Pen Nib","Mummified Hand","Orichalcum","Centennial Puzzle","Ancient Tea Set","Philosopher\u0027s Stone","Bronze Scales","Sundial","Oddly Smooth Stone","Sozu","Art of War","Pantograph","Gremlin Horn","Prayer Wheel","Singing Bowl","Anchor","Happy Flower","Strawberry"],"potions_floor_usage":[13,16,16,23,30,33,55],"damage_taken":[{"damage":5,"enemies":"Small Slimes","floor":1,"turns":4},{"damage":0,"enemies":"Cultist","floor":2,"turns":3},{"damage":1,"enemies":"Jaw Worm","floor":3,"turns":3},{"damage":0,"enemies":"2 Fungi Beasts","floor":4,"turns":5},{"damage":2,"enemies":"Lagavulin","floor":6,"turns":9},{"damage":0,"enemies":"Gremlin Gang","floor":8,"turns":2},{"damage":0,"enemies":"3 Sentries","floor":10,"turns":5},{"damage":2,"enemies":"Blue Slaver","floor":12,"turns":3},{"damage":0,"enemies":"Gremlin Nob","floor":13,"turns":3},{"damage":6,"enemies":"The Guardian","floor":16,"turns":11},{"damage":1,"enemies":"Shell Parasite","floor":18,"turns":4},{"damage":0,"enemies":"Spheric Guardian","floor":22,"turns":3},{"damage":0,"enemies":"Book of Stabbing","floor":23,"turns":4},{"damage":0,"enemies":"3 Cultists","floor":25,"turns":2},{"damage":8,"enemies":"Gremlin Leader","floor":27,"turns":5},{"damage":3,"enemies":"Centurion and Healer","floor":28,"turns":3},{"damage":0,"enemies":"Slavers","floor":30,"turns":3},{"damage":0,"enemies":"Automaton","floor":33,"turns":7},{"damage":0,"enemies":"Orb Walker","floor":35,"turns":3},{"damage":13,"enemies":"3 Shapes","floor":37,"turns":3},{"damage":11,"enemies":"3 Darklings","floor":38,"turns":4},{"damage":0,"enemies":"Maw","floor":39,"turns":7},{"damage":0,"enemies":"Nemesis","floor":40,"turns":7},{"damage":0,"enemies":"Transient","floor":41,"turns":5},{"damage":10,"enemies":"Reptomancer","floor":42,"turns":4},{"damage":0,"enemies":"Mind Bloom Boss Battle","floor":45,"turns":3},{"damage":0,"enemies":"Giant Head","floor":46,"turns":8},{"damage":0,"enemies":"3 Darklings","floor":47,"turns":2},{"damage":0,"enemies":"Nemesis","floor":48,"turns":5},{"damage":0,"enemies":"Donu and Deca","floor":50,"turns":8},{"damage":15,"enemies":"Shield and Spear","floor":54,"turns":5},{"damage":26,"enemies":"The Heart","floor":55,"turns":8}],"seed_played":"8038911691053682127","potions_obtained":[{"floor":1,"key":"PowerPotion"},{"floor":4,"key":"PowerPotion"},{"floor":8,"key":"Poison Potion"},{"floor":16,"key":"EssenceOfSteel"},{"floor":18,"key":"SpeedPotion"},{"floor":23,"key":"Swift Potion"},{"floor":30,"key":"SkillPotion"},{"floor":33,"key":"Ancient Potion"}],"is_trial":false,"path_per_floor":["M","M","M","M","?","E","R","M","T","E","$","M","E","?","R","B",null,"M","?","$","?","M","E","R","M","T","E","M","?","E","$","R","B",null,"M","?","M","M","M","E","M","E","T","R","?","E","M","E","R","B",null,"R","$","E","B",null],"character_chosen":"DEFECT","items_purchased":["Orichalcum","Redo","Capacitor","Coolheaded","Skim","Storm","Happy Flower","Discovery"],"campfire_rested":1,"item_purchase_floors":[11,11,20,31,31,53,53,53],"current_hp_per_floor":[70,70,69,69,69,67,67,67,67,67,67,65,65,65,65,59,75,74,74,74,74,74,74,74,74,74,66,63,63,63,63,63,63,75,75,65,52,41,41,41,41,31,31,53,75,75,79,79,79,79,79,79,79,71,60],"gold":184,"neow_bonus":"REMOVE_CARD","is_prod":false,"is_daily":false,"chose_seed":false,"campfire_upgraded":5,"win_rate":0,"timestamp":1556346836,"path_taken":["M","M","M","M","?","E","R","?","T","E","$","M","E","?","R","BOSS","M","?","$","?","M","E","R","M","T","E","?","?","E","$","R","BOSS","M","?","M","M","M","E","M","E","T","R","?","E","M","E","R","BOSS","R","$","E","BOSS"],"build_version":"2019-04-23","purchased_purges":3,"victory":true,"max_hp_per_floor":[75,75,75,75,75,75,75,75,75,75,75,75,75,75,75,75,75,75,75,75,75,75,75,75,75,75,75,75,75,75,75,75,75,75,75,75,75,75,75,75,75,75,75,75,75,75,79,79,79,79,79,79,79,86,86],"card_choices":[{"not_picked":["Steam","Turbo"],"picked":"Reinforced Body","floor":1},{"not_picked":["Loop","Conserve Battery"],"picked":"Defragment","floor":2},{"not_picked":["Sweeping Beam","Hologram"],"picked":"Conserve Battery","floor":3},{"not_picked":["Hello World","Redo"],"picked":"Cold Snap","floor":4},{"not_picked":["Lockon","Melter"],"picked":"Doom and Gloom","floor":6},{"not_picked":["Steam","Rebound"],"picked":"Seek","floor":8},{"not_picked":["Recycle","Gash"],"picked":"Steam Power","floor":10},{"not_picked":["Static Discharge","Aggregate"],"picked":"Conserve Battery","floor":12},{"not_picked":["Streamline","Static Discharge"],"picked":"Ball Lightning","floor":13},{"not_picked":["Machine Learning","Reboot"],"picked":"Rainbow","floor":16},{"not_picked":["Steam","Turbo"],"picked":"White Noise+1","floor":18},{"not_picked":["Cold Snap","Reinforced Body","Turbo"],"picked":"SKIP","floor":22},{"not_picked":["Conserve Battery","Sweeping Beam"],"picked":"Cold Snap","floor":23},{"not_picked":["Ball Lightning","Blizzard","Streamline+1"],"picked":"SKIP","floor":25},{"not_picked":["Leap+1","Consume"],"picked":"Darkness","floor":27},{"not_picked":["Beam Cell","Fusion"],"picked":"Defragment","floor":28},{"not_picked":["Amplify","Conserve Battery","Doom and Gloom"],"picked":"SKIP","floor":30},{"not_picked":["Meteor Strike","Hyperbeam"],"picked":"Buffer","floor":33},{"not_picked":["Rebound+1","Defragment"],"picked":"Hello World+1","floor":35},{"not_picked":["Secret Weapon","Finesse"],"picked":"Blind","floor":36},{"not_picked":["Trip","PanicButton"],"picked":"Magnetism","floor":36},{"not_picked":["Thinking Ahead","Chrysalis"],"picked":"Impatience","floor":36},{"not_picked":["Double Energy+1","Recycle+1"],"picked":"Force Field","floor":37},{"not_picked":["Redo+1","Rip and Tear+1"],"picked":"Steam Power+1","floor":38},{"not_picked":["Barrage+1","Turbo","Sweeping Beam"],"picked":"SKIP","floor":39},{"not_picked":["Conserve Battery","Leap","Stack"],"picked":"SKIP","floor":40},{"not_picked":["Stack+1","Cold Snap+1","Sweeping Beam+1"],"picked":"SKIP","floor":41},{"not_picked":["Turbo+1","Chaos","Buffer"],"picked":"SKIP","floor":42},{"not_picked":["Barrage","Heatsinks"],"picked":"Echo Form","floor":46},{"not_picked":["Leap+1","Rebound","Steam+1"],"picked":"Singing Bowl","floor":47},{"not_picked":["Gash","Turbo","Skim+1"],"picked":"Singing Bowl","floor":47},{"not_picked":["Steam+1","Blizzard"],"picked":"Hologram+1","floor":48},{"not_picked":["Consume","Conserve Battery+1"],"picked":"Heatsinks","floor":54}],"player_experience":5513111,"relics_obtained":[{"floor":6,"key":"Lantern"},{"floor":9,"key":"Pen Nib"},{"floor":10,"key":"Mummified Hand"},{"floor":13,"key":"Centennial Puzzle"},{"floor":23,"key":"Bronze Scales"},{"floor":27,"key":"Sundial"},{"floor":30,"key":"Oddly Smooth Stone"},{"floor":40,"key":"Art of War"},{"floor":42,"key":"Pantograph"},{"floor":43,"key":"Gremlin Horn"},{"floor":45,"key":"Prayer Wheel"},{"floor":46,"key":"Singing Bowl"},{"floor":48,"key":"Anchor"},{"floor":54,"key":"Strawberry"}],"event_choices":[{"damage_healed":0,"gold_gain":0,"player_choice":"2 cards matched","damage_taken":0,"max_hp_gain":0,"max_hp_loss":0,"event_name":"Match and Keep!","floor":5,"gold_loss":0,"cards_obtained":["Electrodynamics","Glacier"]},{"damage_healed":0,"gold_gain":0,"player_choice":"Box","damage_taken":0,"relics_obtained":["Ancient Tea Set"],"max_hp_gain":0,"max_hp_loss":0,"event_name":"Big Fish","floor":14,"gold_loss":0,"cards_obtained":["Regret"]},{"damage_healed":0,"gold_gain":0,"player_choice":"Read","damage_taken":0,"max_hp_gain":0,"max_hp_loss":0,"event_name":"The Library","floor":19,"gold_loss":0,"cards_obtained":["Defragment"]},{"damage_healed":0,"gold_gain":0,"player_choice":"Upgraded","damage_taken":0,"max_hp_gain":0,"max_hp_loss":0,"event_name":"Upgrade Shrine","floor":21,"gold_loss":0,"cards_upgraded":["Defragment"]},{"damage_healed":0,"gold_gain":99,"player_choice":"Stole From Cult","damage_taken":0,"max_hp_gain":0,"max_hp_loss":0,"event_name":"Nest","floor":29,"gold_loss":0},{"damage_healed":0,"gold_gain":0,"player_choice":"Memory 3","damage_taken":10,"max_hp_gain":0,"max_hp_loss":0,"event_name":"SensoryStone","floor":36,"gold_loss":0},{"damage_healed":0,"gold_gain":0,"player_choice":"Fight","damage_taken":0,"max_hp_gain":0,"max_hp_loss":0,"event_name":"MindBloom","floor":45,"gold_loss":0}],"is_beta":true,"boss_relics":[{"not_picked":["Orrery","White Beast Statue"],"picked":"Philosopher\u0027s Stone"},{"not_picked":["Nuclear Battery","Eternal Feather"],"picked":"Sozu"}],"items_purged_floors":[11,20,31],"is_endless":false,"potions_floor_spawned":[1,4,8,16,18,23,30,33,35,38,40,41,47,54],"ascension_level":1}