{"gold_per_floor":[115,115,125,3,3,3,31,31,31,51,126,126,141,141,141,241,241,261,274,274],"floor_reached":20,"playtime":889,"items_purged":[],"score":275,"play_id":"79be430a-7d6c-47e7-b5fd-8adcc2706433","local_time":"20190320010325","is_ascension_mode":true,"campfire_choices":[{"data":"Armaments","floor":6,"key":"SMITH"},{"data":"Seeing Red","floor":8,"key":"SMITH"},{"data":"Spot Weakness","floor":12,"key":"SMITH"},{"data":"Sword Boomerang","floor":15,"key":"SMITH"}],"neow_cost":"NONE","seed_source_timestamp":602891938672485,"circlet_count":0,"master_deck":["AscendersBane","Strike_R","Strike_R","Strike_R","Strike_R","Defend_R","Defend_R","Defend_R","Defend_R","Bash","Headbutt","Seeing Red+1","Armaments+1","Spot Weakness+1","Decay","Twin Strike","Exhume+1","Sword Boomerang+1","Reaper","Headbutt+1"],"relics":["Black Blood","Toxic Egg 2","Ornamental Fan"],"potions_floor_usage":[13,19,20,20],"damage_taken":[{"damage":7,"enemies":"Jaw Worm","floor":1,"turns":3},{"damage":1,"enemies":"Cultist","floor":3,"turns":3},{"damage":37,"enemies":"3 Sentries","floor":7,"turns":10},{"damage":3,"enemies":"2 Louse","floor":10,"turns":3},{"damage":9,"enemies":"Red Slaver","floor":13,"turns":3},{"damage":65,"enemies":"The Guardian","floor":16,"turns":10},{"damage":29,"enemies":"Spheric Guardian","floor":18,"turns":5},{"damage":15,"enemies":"3 Byrds","floor":19,"turns":2},{"damage":55,"enemies":"Colosseum Slavers","floor":20,"turns":4},{"damage":75,"enemies":"Colosseum Nobs","floor":20,"turns":5}],"seed_played":"1998853372471572670","potions_obtained":[{"floor":1,"key":"LiquidBronze"},{"floor":3,"key":"SkillPotion"},{"floor":16,"key":"SkillPotion"},{"floor":19,"key":"SpeedPotion"}],"is_trial":false,"path_per_floor":["M","?","M","$","?","R","E","R","T","M","?","R","M","?","R","B",null,"M","M","?"],"character_chosen":"IRONCLAD","items_purchased":["Armaments","Spot Weakness"],"campfire_rested":0,"item_purchase_floors":[4,4],"current_hp_per_floor":[79,79,84,84,84,84,53,53,53,56,45,45,42,71,71,12,69,58,64,0],"gold":274,"neow_bonus":"TEN_PERCENT_HP_BONUS","is_prod":false,"is_daily":false,"chose_seed":false,"campfire_upgraded":4,"win_rate":0,"timestamp":1553054605,"path_taken":["M","?","?","$","?","R","E","R","T","?","?","R","M","?","R","BOSS","M","M","?"],"build_version":"2019-01-23","purchased_purges":0,"victory":false,"max_hp_per_floor":[88,88,88,88,88,88,88,88,88,88,88,88,88,88,88,88,88,88,88,88],"card_choices":[{"not_picked":["Warcry","Wild Strike"],"picked":"Headbutt","floor":1},{"not_picked":["Heavy Blade","Corruption"],"picked":"Seeing Red","floor":3},{"not_picked":["Flex","Burning Pact"],"picked":"Twin Strike","floor":7},{"not_picked":["Clash","Warcry+1"],"picked":"Exhume+1","floor":10},{"not_picked":["Fire Breathing","Iron Wave"],"picked":"Sword Boomerang","floor":13},{"not_picked":["Brutality","Fiend Fire"],"picked":"Reaper","floor":16},{"not_picked":["Perfected Strike","Fire Breathing"],"picked":"Headbutt+1","floor":18},{"not_picked":["Perfected Strike","Hemokinesis","Reckless Charge"],"picked":"SKIP","floor":19}],"player_experience":975393,"relics_obtained":[{"floor":7,"key":"Toxic Egg 2"},{"floor":9,"key":"Ornamental Fan"}],"event_choices":[{"cards_removed":["Strike_R"],"damage_healed":0,"gold_gain":0,"player_choice":"Purged","damage_taken":0,"max_hp_gain":0,"max_hp_loss":0,"event_name":"Purifier","floor":2,"gold_loss":0},{"damage_healed":0,"gold_gain":0,"player_choice":"Cursed","damage_taken":0,"max_hp_gain":0,"max_hp_loss":0,"event_name":"Wheel of Change","floor":5,"gold_loss":0,"cards_obtained":["Decay"]},{"damage_healed":0,"gold_gain":75,"player_choice":"Gather Gold","damage_taken":11,"max_hp_gain":0,"max_hp_loss":0,"event_name":"World of Goop","floor":11,"gold_loss":0},{"damage_healed":29,"gold_gain":0,"player_choice":"Banana","damage_taken":0,"max_hp_gain":0,"max_hp_loss":0,"event_name":"Big Fish","floor":14,"gold_loss":0},{"damage_healed":0,"gold_gain":0,"player_choice":"Fight","damage_taken":0,"max_hp_gain":0,"max_hp_loss":0,"event_name":"Colosseum","floor":20,"gold_loss":0},{"damage_healed":0,"gold_gain":0,"player_choice":"Fought Nobs","damage_taken":0,"max_hp_gain":0,"max_hp_loss":0,"event_name":"Colosseum","floor":20,"gold_loss":0}],"is_beta":false,"boss_relics":[{"not_picked":["White Beast Statue","Lizard Tail"],"picked":"Black Blood"}],"items_purged_floors":[],"is_endless":false,"potions_floor_spawned":[1,3,16,19,20],"killed_by":"Colosseum Nobs","ascension_level":12}