{"gold_per_floor":[109,109,109,184,203,203,229,284,284,304,314,314,314,314,314,314],"floor_reached":16,"playtime":376,"items_purged":[],"score":132,"play_id":"7d606be9-dd87-45dd-b052-aa6859388d78","local_time":"20190118150324","is_ascension_mode":true,"campfire_choices":[{"data":"Infernal Blade","floor":6,"key":"SMITH"},{"data":"Headbutt","floor":13,"key":"SMITH"},{"floor":15,"key":"REST"}],"neow_cost":"TEN_PERCENT_HP_LOSS","seed_source_timestamp":443724286506841,"circlet_count":0,"master_deck":["Strike_R+1","Strike_R+1","Strike_R+1","Defend_R","Defend_R","Defend_R","Defend_R","Bash","Pommel Strike","Infernal Blade+1","Dark Embrace+1","Shockwave+1","Headbutt+1"],"relics":["Burning Blood","Self Forming Clay","Gremlin Horn","Whetstone"],"potions_floor_usage":[7],"damage_taken":[{"damage":16,"enemies":"2 Louse","floor":1,"turns":3},{"damage":8,"enemies":"Small Slimes","floor":5,"turns":4},{"damage":20,"enemies":"3 Sentries","floor":7,"turns":5},{"damage":6,"enemies":"Cultist","floor":10,"turns":3},{"damage":6,"enemies":"2 Fungi Beasts","floor":11,"turns":3},{"damage":51,"enemies":"The Guardian","floor":16,"turns":12}],"seed_played":"-2237609322253537901","potions_obtained":[{"floor":1,"key":"SteroidPotion"},{"floor":7,"key":"SpeedPotion"},{"floor":11,"key":"Dexterity Potion"}],"is_trial":false,"path_per_floor":["M","?","?","?","M","R","E","T","T","M","M","?","R","?","R","B"],"character_chosen":"IRONCLAD","items_purchased":[],"campfire_rested":1,"item_purchase_floors":[],"current_hp_per_floor":[62,72,69,58,56,56,42,42,42,42,42,42,42,28,49,0],"gold":314,"neow_bonus":"REMOVE_TWO","is_prod":false,"is_daily":false,"chose_seed":false,"campfire_upgraded":2,"win_rate":0,"timestamp":1547834604,"path_taken":["M","?","?","?","M","R","E","?","T","M","?","?","R","?","R","BOSS"],"build_version":"2019-01-17v2","purchased_purges":0,"victory":false,"max_hp_per_floor":[72,72,72,72,72,72,72,72,72,72,72,72,72,72,72,72],"card_choices":[{"not_picked":["Sentinel","Dual Wield"],"picked":"Pommel Strike","floor":1},{"not_picked":["Fire Breathing","Sentinel"],"picked":"Infernal Blade","floor":5},{"not_picked":["Combust","Flex"],"picked":"Dark Embrace","floor":7},{"not_picked":["Body Slam","Rage"],"picked":"Shockwave","floor":10},{"not_picked":["Disarm","Anger"],"picked":"Headbutt","floor":11}],"player_experience":639113,"relics_obtained":[{"floor":7,"key":"Gremlin Horn"},{"floor":8,"key":"Whetstone"}],"event_choices":[{"damage_healed":24,"gold_gain":0,"player_choice":"Banana","damage_taken":0,"max_hp_gain":0,"max_hp_loss":0,"event_name":"Big Fish","floor":2,"gold_loss":0},{"damage_healed":0,"gold_gain":0,"player_choice":"Success","damage_taken":3,"relics_obtained":["Self Forming Clay"],"max_hp_gain":0,"max_hp_loss":0,"event_name":"Scrap Ooze","floor":3,"gold_loss":0},{"damage_healed":0,"gold_gain":75,"player_choice":"Gather Gold","damage_taken":11,"max_hp_gain":0,"max_hp_loss":0,"event_name":"World of Goop","floor":4,"gold_loss":0},{"damage_healed":0,"gold_gain":0,"player_choice":"Grow","damage_taken":0,"max_hp_gain":0,"max_hp_loss":0,"event_name":"Living Wall","floor":12,"gold_loss":0,"cards_upgraded":["Dark Embrace"]},{"damage_healed":0,"gold_gain":0,"player_choice":"Entered Light","damage_taken":14,"max_hp_gain":0,"max_hp_loss":0,"event_name":"Shining Light","floor":14,"gold_loss":0,"cards_upgraded":["Shockwave","Strike_R"]}],"is_beta":false,"boss_relics":[],"items_purged_floors":[],"is_endless":false,"potions_floor_spawned":[1,7,11],"killed_by":"The Guardian","ascension_level":7}