{"path_per_floor":["M","?","?","M","$","R","M","R","T","$","M","M","M","?","R","B",null,"M","?","M","?","M","E","R","$","T","R","M","E","M","M","R","B",null,"M","?","?","?","?","R","E","R","T","M","M","M","M","M","R","B"],"character_chosen":"THE_SILENT","items_purchased":["Poisoned Stab","Crippling Poison","All Out Attack","Noxious Fumes","All Out Attack"],"gold_per_floor":[109,109,209,228,104,104,122,122,122,5,16,29,46,46,46,151,151,151,151,151,151,151,151,151,80,80,80,80,80,80,80,80,80,80,80,80,80,80,0,0,0,0,0,0,0,0,0,0,0,0],"floor_reached":51,"campfire_rested":7,"playtime":4054,"item_purchase_floors":[5,5,10,10,25],"current_hp_per_floor":[69,51,51,45,45,66,62,62,62,62,58,48,37,37,58,27,75,68,68,68,68,53,31,53,53,53,75,54,2,36,23,45,22,75,65,65,65,75,75,75,25,47,53,42,36,23,11,10,34,33],"items_purged":[],"gold":0,"score":822,"play_id":"f2086614-fb3c-45cf-8a80-1570f79f2778","local_time":"20180602023017","is_prod":false,"is_daily":false,"chose_seed":false,"is_ascension_mode":true,"campfire_upgraded":1,"win_rate":0,"timestamp":1527917417,"campfire_choices":[{"floor":6,"key":"REST"},{"data":"Die Die Die","floor":8,"key":"SMITH"},{"floor":15,"key":"REST"},{"floor":24,"key":"REST"},{"floor":27,"key":"REST"},{"floor":32,"key":"REST"},{"data":"1","floor":40,"key":"LIFT"},{"floor":42,"key":"REST"},{"floor":49,"key":"REST"}],"path_taken":["M","?","?","M","$","R","M","R","T","?","?","M","M","?","R","BOSS","M","?","M","?","M","E","R","?","T","R","M","E","M","?","R","BOSS","M","?","?","?","?","R","E","R","T","M","?","M","M","M","R","BOSS"],"build_version":"2018-05-31","seed_source_timestamp":1047052486899913,"purchased_purges":0,"victory":true,"master_deck":["Defend_G+1","Defend_G+1","Defend_G+1","Defend_G+1","Defend_G+1","Strike_G+1","Strike_G+1","Strike_G+1","Strike_G+1","Strike_G+1","Survivor","Neutralize","Writhe","Outmaneuver","Poisoned Stab","Dagger Spray","Poisoned Stab","Crippling Poison","Outmaneuver","Die Die Die+1","All Out Attack","Noxious Fumes+1","Outmaneuver","Cloak And Dagger","Outmaneuver","Quick Slash","Corpse Explosion","All Out Attack+1","Choke","Quick Slash+1","Backflip+1","PiercingWail+1","Dagger Spray","Underhanded Strike","All Out Attack","Prepared","Escape Plan+1","Dagger Throw+1","Escape Plan","Outmaneuver+1","Heel Hook+1","Backstab","Envenom","Malaise+1","Outmaneuver+1","Writhe","Poisoned Stab+1","Regret","Quick Slash+1","Blur+1","Flying Knee+1","PiercingWail","Prepared+1","Escape Plan+1","Terror+1","Dodge and Roll","Flying Knee+1"],"max_hp_per_floor":[70,70,70,70,70,70,70,70,70,70,70,70,70,70,70,75,75,75,75,75,75,75,75,75,75,75,75,75,75,75,75,75,75,75,75,75,75,75,75,75,75,75,81,81,81,81,81,81,81,81],"relics":["Ring of the Snake","Gambling Chip","Prayer Wheel","Kunai","Ectoplasm","Bottled Flame","Orichalcum","Girya","Cursed Key","Red Mask","Darkstone Periapt","Unceasing Top"],"card_choices":[{"not_picked":["Flying Knee","Acrobatics"],"picked":"Outmaneuver","floor":1},{"not_picked":["Well Laid Plans","Blade Dance"],"picked":"Poisoned Stab","floor":4},{"not_picked":["Quick Slash","Blade Dance"],"picked":"Dagger Spray","floor":4},{"not_picked":["Setup","Heel Hook"],"picked":"Outmaneuver","floor":7},{"not_picked":["Poisoned Stab","Caltrops"],"picked":"Die Die Die","floor":7},{"not_picked":["Cloak And Dagger","Dagger Throw"],"picked":"Prepared","floor":11},{"not_picked":["Accuracy","Prepared","Endless Agony"],"picked":"SKIP","floor":11},{"not_picked":["Prepared","Well Laid Plans"],"picked":"Outmaneuver","floor":12},{"not_picked":["Deflect","Calculated Gamble"],"picked":"Cloak And Dagger","floor":12},{"not_picked":["Poisoned Stab","Phantasmal Killer"],"picked":"Outmaneuver","floor":13},{"not_picked":["Underhanded Strike","Bane"],"picked":"Quick Slash","floor":13},{"not_picked":["A Thousand Cuts","Die Die Die"],"picked":"Corpse Explosion","floor":16},{"not_picked":["Prepared","Blur"],"picked":"All Out Attack+1","floor":18},{"not_picked":["Malaise","Deadly Poison"],"picked":"Choke","floor":18},{"not_picked":["Eviscerate","Deflect"],"picked":"Quick Slash+1","floor":20},{"not_picked":["Dodge and Roll","Bane"],"picked":"Backflip+1","floor":20},{"not_picked":["Sucker Punch","Leg Sweep"],"picked":"PiercingWail+1","floor":22},{"not_picked":["Deflect","Outmaneuver"],"picked":"Dagger Spray","floor":22},{"not_picked":["Distraction","Backflip"],"picked":"Underhanded Strike","floor":23},{"not_picked":["Leg Sweep","Deflect"],"picked":"Prepared","floor":28},{"not_picked":["Doppelganger","Concentrate"],"picked":"Escape Plan+1","floor":28},{"not_picked":["Eviscerate","Acrobatics"],"picked":"Dagger Throw+1","floor":29},{"not_picked":["Prepared","Bane+1"],"picked":"Escape Plan","floor":30},{"not_picked":["Setup","Reflex+1"],"picked":"Outmaneuver+1","floor":30},{"not_picked":["Leg Sweep","Burst"],"picked":"Heel Hook+1","floor":31},{"not_picked":["Sucker Punch","Backflip"],"picked":"Backstab","floor":31},{"not_picked":["Bullet Time","Storm of Steel"],"picked":"Envenom","floor":33},{"not_picked":["Blur+1","Outmaneuver"],"picked":"Malaise+1","floor":35},{"not_picked":["Dagger Throw+1","Accuracy"],"picked":"Outmaneuver+1","floor":35},{"not_picked":["Deflect+1","Dagger Throw"],"picked":"Poisoned Stab+1","floor":41},{"not_picked":["Slice+1","Cloak And Dagger"],"picked":"Quick Slash+1","floor":44},{"not_picked":["Slice","Blade Dance+1","Infinite Blades"],"picked":"SKIP","floor":44},{"not_picked":["Slice","Poisoned Stab"],"picked":"Blur+1","floor":45},{"not_picked":["Tools of the Trade","Escape Plan"],"picked":"Flying Knee+1","floor":45},{"not_picked":["Slice+1","Caltrops"],"picked":"PiercingWail","floor":46},{"not_picked":["Eviscerate","Poisoned Stab"],"picked":"Prepared+1","floor":46},{"not_picked":["Reflex","Dagger Spray+1"],"picked":"Escape Plan+1","floor":47},{"not_picked":["Dodge and Roll+1","Grand Finale"],"picked":"Terror+1","floor":47},{"not_picked":["Infinite Blades","Deflect"],"picked":"Dodge and Roll","floor":48},{"not_picked":["Terror","Leg Sweep+1"],"picked":"Flying Knee+1","floor":48}],"player_experience":260471,"potions_floor_usage":[12,16,23,28,30,30,33,33,45,50,50,50,50,50,50],"damage_taken":[{"damage":1,"enemies":"Cultist","floor":1,"turns":4},{"damage":6,"enemies":"Jaw Worm","floor":4,"turns":6},{"damage":4,"enemies":"2 Louse","floor":7,"turns":2},{"damage":4,"enemies":"Looter","floor":11,"turns":3},{"damage":10,"enemies":"Exordium Thugs","floor":12,"turns":3},{"damage":11,"enemies":"Blue Slaver","floor":13,"turns":5},{"damage":36,"enemies":"Hexaghost","floor":16,"turns":9},{"damage":7,"enemies":"Chosen","floor":18,"turns":4},{"damage":0,"enemies":"3 Byrds","floor":20,"turns":4},{"damage":15,"enemies":"Centurion and Healer","floor":22,"turns":6},{"damage":22,"enemies":"Gremlin Leader","floor":23,"turns":6},{"damage":21,"enemies":"Chosen and Byrds","floor":28,"turns":5},{"damage":52,"enemies":"Book of Stabbing","floor":29,"turns":7},{"damage":0,"enemies":"Snecko","floor":30,"turns":5},{"damage":13,"enemies":"Sentry and Sphere","floor":31,"turns":4},{"damage":23,"enemies":"Automaton","floor":33,"turns":10},{"damage":10,"enemies":"Orb Walker","floor":35,"turns":4},{"damage":50,"enemies":"2 Orb Walkers","floor":41,"turns":6},{"damage":11,"enemies":"3 Darklings","floor":44,"turns":4},{"damage":6,"enemies":"4 Shapes","floor":45,"turns":2},{"damage":13,"enemies":"Maw","floor":46,"turns":7},{"damage":12,"enemies":"Sphere and 2 Shapes","floor":47,"turns":5},{"damage":1,"enemies":"3 Darklings","floor":48,"turns":3},{"damage":1,"enemies":"Awakened One","floor":50,"turns":13}],"relics_obtained":[{"floor":9,"key":"Kunai"},{"floor":23,"key":"Bottled Flame"},{"floor":26,"key":"Orichalcum"},{"floor":29,"key":"Girya"},{"floor":41,"key":"Darkstone Periapt"},{"floor":43,"key":"Unceasing Top"}],"event_choices":[{"event_name":"Scrap Ooze","player_choice":"success","floor":2,"damage_taken":18},{"event_name":"Golden Shrine","player_choice":"Pray","floor":3,"damage_taken":0},{"event_name":"Living Wall","player_choice":"Grow","floor":14,"damage_taken":0},{"event_name":"Back to Basics","player_choice":"Simplicity","floor":19,"damage_taken":0},{"event_name":"Vampires","player_choice":"Ignored","floor":21,"damage_taken":0},{"event_name":"The Lab","player_choice":"Got Potions","floor":36,"damage_taken":0},{"event_name":"Winding Halls","player_choice":"Writhe","floor":38,"damage_taken":0},{"event_name":"Tomb of Lord Red Mask","player_choice":"Paid","floor":39,"damage_taken":0}],"boss_relics":[{"not_picked":["Snecko Eye","Runic Dome"],"picked":"Ectoplasm"},{"not_picked":["Sozu","Black Star"],"picked":"Cursed Key"}],"items_purged_floors":[],"potions_floor_spawned":[1,4,13,16,22,23,29,31,44,46,47],"seed_played":"428025795745212866","ascension_level":1,"potions_obtained":[{"floor":1,"key":"SteroidPotion"},{"floor":4,"key":"Fruit Juice"},{"floor":13,"key":"Strength Potion"},{"floor":16,"key":"Dexterity Potion"},{"floor":22,"key":"Regen Potion"},{"floor":23,"key":"Block Potion"},{"floor":29,"key":"Regen Potion"},{"floor":31,"key":"GhostInAJar"},{"floor":36,"key":"Energy Potion"},{"floor":36,"key":"Energy Potion"},{"floor":36,"key":"Explosive Potion"},{"floor":44,"key":"EssenceOfSteel"},{"floor":46,"key":"EntropicBrew"}],"is_trial":false}