{"gold_per_floor":[109,109,119,69,244,276,296,296,296,327,340,32,67,77,77,172,172,184,184,33,52,66,94,108,139,164,180,195,229,241,268,268,369,369,379,390,390,410,425,459,459,489,512,538,555,195,145,162,162,162,162,162,40,65,65],"floor_reached":56,"playtime":4429,"items_purged":["Doubt","Strike_G","Strike_G"],"score":1761,"play_id":"70881fed-8f8a-4cee-b6ae-a24c453cb173","local_time":"20190503184133","is_ascension_mode":true,"campfire_choices":[{"data":"Malaise","floor":8.0,"key":"SMITH"},{"data":"Noxious Fumes","floor":15.0,"key":"SMITH"},{"data":"Wraith Form v2","floor":32.0,"key":"SMITH"},{"floor":41.0,"key":"RECALL"},{"data":"Wraith Form v2","floor":49,"key":"SMITH"},{"data":"Doppelganger","floor":52,"key":"SMITH"}],"neow_cost":"NONE","seed_source_timestamp":0,"circlet_count":0,"master_deck":["Defend_G","Defend_G","Defend_G","Defend_G","Defend_G","Strike_G","Strike_G","Survivor","Neutralize+1","Flying Knee","Dagger Spray","Malaise+1","Sucker Punch","Terror","Footwork+1","Corpse Explosion","PiercingWail","Bouncing Flask","Noxious Fumes+1","Adrenaline","Dodge and Roll+1","Escape Plan","Wraith Form v2+1","Dodge and Roll+1","Bane+1","Dodge and Roll+1","PiercingWail","Deflect","Bouncing Flask","Wraith Form v2+1","Prepared","Bullet Time","Doppelganger+1","Acrobatics+1","Footwork+1","Catalyst+1","Reflex+1","Deadly Poison+1","Bouncing Flask","Leg Sweep+1","Reflex+1","Discovery","Backflip+1","Blur","Reflex"],"special_seed":0,"relics":["Ring of the Snake","PreservedInsect","Snake Skull","Meat on the Bone","Dodecahedron","Orichalcum","Runic Pyramid","Lantern","Prayer Wheel","Centennial Puzzle","Oddly Smooth Stone","Darkstone Periapt","Smiling Mask","HoveringKite","Art of War","Shuriken","The Specimen","Anchor","Pen Nib"],"potions_floor_usage":[45,55,55,55,55,55,55],"damage_taken":[{"damage":0.0,"enemies":"2 Louse","floor":1.0,"turns":3.0},{"damage":2.0,"enemies":"Small Slimes","floor":3.0,"turns":6.0},{"damage":14.0,"enemies":"3 Sentries","floor":6.0,"turns":10.0},{"damage":1.0,"enemies":"Jaw Worm","floor":7.0,"turns":5.0},{"damage":10.0,"enemies":"Lagavulin","floor":10.0,"turns":11.0},{"damage":6.0,"enemies":"Gremlin Gang","floor":11.0,"turns":5.0},{"damage":16.0,"enemies":"3 Sentries","floor":13.0,"turns":3.0},{"damage":13.0,"enemies":"Lots of Slimes","floor":14.0,"turns":2.0},{"damage":0.0,"enemies":"Hexaghost","floor":16.0,"turns":8.0},{"damage":0.0,"enemies":"2 Thieves","floor":18.0,"turns":3.0},{"damage":2.0,"enemies":"Shell Parasite","floor":21.0,"turns":4.0},{"damage":0.0,"enemies":"Snecko","floor":22.0,"turns":8.0},{"damage":6.0,"enemies":"Gremlin Leader","floor":23.0,"turns":5.0},{"damage":2.0,"enemies":"Sentry and Sphere","floor":24.0,"turns":6.0},{"damage":1.0,"enemies":"Slavers","floor":25.0,"turns":3.0},{"damage":6.0,"enemies":"Cultist and Chosen","floor":27.0,"turns":7.0},{"damage":1.0,"enemies":"3 Cultists","floor":28.0,"turns":6.0},{"damage":0.0,"enemies":"Book of Stabbing","floor":29.0,"turns":5.0},{"damage":0.0,"enemies":"Centurion and Healer","floor":30.0,"turns":4.0},{"damage":0.0,"enemies":"Slavers","floor":31.0,"turns":2.0},{"damage":0.0,"enemies":"Collector","floor":33.0,"turns":13.0},{"damage":0.0,"enemies":"3 Shapes","floor":35.0,"turns":5.0},{"damage":0.0,"enemies":"3 Darklings","floor":36.0,"turns":5.0},{"damage":0.0,"enemies":"Jaw Worm Horde","floor":38.0,"turns":4.0},{"damage":0.0,"enemies":"Spire Growth","floor":39.0,"turns":5.0},{"damage":0.0,"enemies":"Nemesis","floor":40.0,"turns":5.0},{"damage":0,"enemies":"Giant Head","floor":42,"turns":7},{"damage":0,"enemies":"Nemesis","floor":44,"turns":5},{"damage":0,"enemies":"3 Darklings","floor":45,"turns":3},{"damage":0,"enemies":"4 Shapes","floor":48,"turns":3},{"damage":0,"enemies":"Donu and Deca","floor":50,"turns":7},{"damage":0,"enemies":"Shield and Spear","floor":54,"turns":7},{"damage":13,"enemies":"The Heart","floor":55,"turns":8}],"seed_played":"-2763064239595641908","potions_obtained":[{"floor":1.0,"key":"LiquidBronze"},{"floor":7.0,"key":"Explosive Potion"},{"floor":13.0,"key":"Strength Potion"},{"floor":16.0,"key":"Poison Potion"},{"floor":18.0,"key":"Fire Potion"},{"floor":23.0,"key":"Poison Potion"},{"floor":25.0,"key":"SpeedPotion"},{"floor":28.0,"key":"Swift Potion"},{"floor":33.0,"key":"Regen Potion"},{"floor":37.0,"key":"EntropicBrew"},{"floor":42,"key":"GamblersBrew"}],"is_trial":false,"path_per_floor":["M","?","M","?","?","E","M","R","T","E","M","$","E","M","R","B",null,"M","?","$","M","M","E","M","E","T","M","M","E","M","E","R","B",null,"M","M","?","M","M","E","R","E","T","E","M","$","$","M","R","B",null,"R","$","E","B",null],"character_chosen":"THE_SILENT","items_purchased":["Footwork","Corpse Explosion","PiercingWail","Lantern","Anchor","Ancient Potion","Discovery","PowerPotion","Blur"],"campfire_rested":0,"item_purchase_floors":[12,12,12,20,46,46,46,53,53],"current_hp_per_floor":[70,70,68,68,68,54,53,53,53,43,37,37,33,32,32,44,70,70,70,70,68,68,62,60,59,59,53,52,52,52,52,52,52,70,70,70,70,70,70,70,70,70,70,70,70,70,70,70,70,70,70,70,70,70,57],"gold":65,"neow_bonus":"RANDOM_COMMON_RELIC","is_prod":false,"is_daily":false,"chose_seed":false,"campfire_upgraded":5,"win_rate":0,"timestamp":1556923293,"path_taken":["M","?","M","?","?","E","M","R","T","E","M","$","E","M","R","BOSS","M","?","$","M","M","E","?","E","T","M","?","E","M","E","R","BOSS","M","M","?","M","M","E","R","E","T","E","M","?","$","M","R","BOSS","R","$","E","BOSS"],"build_version":"2019-04-23","purchased_purges":3,"victory":true,"max_hp_per_floor":[70,70,70,70,70,70,70,70,70,70,70,70,70,70,70,70,70,70,70,70,70,70,70,70,70,70,70,70,70,70,70,70,70,70,70,70,70,70,70,70,70,70,70,70,70,70,70,70,70,70,70,70,70,70,70],"card_choices":[{"not_picked":["Acrobatics","Deflect"],"picked":"Flying Knee","floor":1.0},{"not_picked":["Catalyst","Expertise","Underhanded Strike"],"picked":"SKIP","floor":3.0},{"not_picked":["Blade Dance","Slice"],"picked":"Dagger Spray","floor":6.0},{"not_picked":["Flying Knee","Bane"],"picked":"Malaise","floor":7.0},{"not_picked":["Prepared","Riddle With Holes"],"picked":"Sucker Punch","floor":10.0},{"not_picked":["Escape Plan","Bane"],"picked":"Terror","floor":11.0},{"not_picked":["Blur","Riddle With Holes"],"picked":"Bouncing Flask","floor":13.0},{"not_picked":["Escape Plan","Dagger Throw"],"picked":"Noxious Fumes","floor":14.0},{"not_picked":["Phantasmal Killer","Glass Knife"],"picked":"Adrenaline","floor":16.0},{"not_picked":["Dagger Throw","Slice"],"picked":"Dodge and Roll+1","floor":18.0},{"not_picked":["Underhanded Strike","Flying Knee","Caltrops"],"picked":"SKIP","floor":21.0},{"not_picked":["Reflex","Deadly Poison"],"picked":"Escape Plan","floor":22.0},{"not_picked":["Endless Agony","Dodge and Roll"],"picked":"Wraith Form v2","floor":23.0},{"not_picked":["Backflip","Quick Slash"],"picked":"Dodge and Roll+1","floor":24.0},{"not_picked":["Flying Knee+1","Blade Dance"],"picked":"Bane+1","floor":24.0},{"not_picked":["Phantasmal Killer","All Out Attack","Caltrops"],"picked":"SKIP","floor":25.0},{"not_picked":["Dagger Throw","Outmaneuver"],"picked":"Dodge and Roll+1","floor":27.0},{"not_picked":["Sucker Punch","Flying Knee+1"],"picked":"PiercingWail","floor":27.0},{"not_picked":["Outmaneuver","Masterful Stab"],"picked":"Deflect","floor":28.0},{"not_picked":["Poisoned Stab+1","Deadly Poison"],"picked":"Bouncing Flask","floor":28.0},{"not_picked":["Blade Dance","PiercingWail"],"picked":"Wraith Form v2","floor":29.0},{"not_picked":["Acrobatics","Quick Slash+1"],"picked":"Prepared","floor":30.0},{"not_picked":["Underhanded Strike+1","Eviscerate","Bane"],"picked":"SKIP","floor":30.0},{"not_picked":["Bane","Riddle With Holes"],"picked":"Bullet Time","floor":31.0},{"not_picked":["Tools of the Trade","After Image"],"picked":"Doppelganger","floor":33.0},{"not_picked":["Bane","Outmaneuver+1","Dodge and Roll+1"],"picked":"SKIP","floor":35.0},{"not_picked":["Deadly Poison","Accuracy","Heel Hook"],"picked":"SKIP","floor":35.0},{"not_picked":["Night Terror","Concentrate+1"],"picked":"Acrobatics+1","floor":36.0},{"not_picked":["Sucker Punch+1","Flying Knee","Slice+1"],"picked":"SKIP","floor":36.0},{"not_picked":["Flechettes+1","Poisoned Stab+1"],"picked":"Footwork+1","floor":38.0},{"not_picked":["Prepared+1","Bouncing Flask+1"],"picked":"Catalyst+1","floor":38.0},{"not_picked":["Footwork","Dagger Spray+1"],"picked":"Reflex+1","floor":39.0},{"not_picked":["Dagger Spray+1","Flying Knee+1"],"picked":"Deadly Poison+1","floor":39.0},{"not_picked":["Die Die Die","Deflect"],"picked":"Bouncing Flask","floor":40.0},{"not_picked":["Accuracy+1","Setup+1"],"picked":"Leg Sweep+1","floor":42},{"not_picked":["Blade Dance","Dagger Throw+1","Dodge and Roll+1"],"picked":"SKIP","floor":44},{"not_picked":["All Out Attack","Heel Hook+1"],"picked":"Reflex+1","floor":45},{"not_picked":["Dagger Spray","Sucker Punch+1","Predator"],"picked":"SKIP","floor":45},{"not_picked":["PiercingWail","Leg Sweep"],"picked":"Backflip+1","floor":48},{"not_picked":["Sucker Punch+1","Terror+1","PiercingWail"],"picked":"SKIP","floor":48},{"not_picked":["Predator","Infinite Blades"],"picked":"Reflex","floor":54}],"player_experience":5613682,"relics_obtained":[{"floor":6.0,"key":"Snake Skull"},{"floor":9.0,"key":"Meat on the Bone"},{"floor":10.0,"key":"Dodecahedron"},{"floor":13.0,"key":"Orichalcum"},{"floor":23.0,"key":"Prayer Wheel"},{"floor":25.0,"key":"Centennial Puzzle"},{"floor":26.0,"key":"Oddly Smooth Stone"},{"floor":29.0,"key":"Darkstone Periapt"},{"floor":31.0,"key":"Smiling Mask"},{"floor":40.0,"key":"Art of War"},{"floor":42,"key":"Shuriken"},{"floor":44,"key":"The Specimen"},{"floor":54,"key":"Pen Nib"}],"event_choices":[{"damage_healed":0.0,"max_hp_gain":0.0,"max_hp_loss":0.0,"gold_gain":0.0,"event_name":"Living Wall","player_choice":"Grow","floor":2.0,"gold_loss":0.0,"damage_taken":0.0,"cards_upgraded":["Neutralize"]},{"cards_removed":["Strike_G"],"damage_healed":0.0,"max_hp_gain":0.0,"max_hp_loss":0.0,"gold_gain":0.0,"event_name":"The Cleric","player_choice":"Card Removal","floor":4.0,"gold_loss":50.0,"damage_taken":0.0},{"damage_healed":0.0,"max_hp_gain":0.0,"max_hp_loss":0.0,"gold_gain":175.0,"event_name":"Liars Game","player_choice":"AGREE","floor":5.0,"gold_loss":0.0,"damage_taken":0.0,"cards_obtained":["Doubt"]},{"damage_healed":0.0,"max_hp_gain":0.0,"max_hp_loss":0.0,"gold_gain":0.0,"event_name":"Upgrade Shrine","player_choice":"Upgraded","floor":19.0,"gold_loss":0.0,"damage_taken":0.0,"cards_upgraded":["Footwork"]},{"damage_healed":0.0,"max_hp_gain":0.0,"max_hp_loss":0.0,"gold_gain":0.0,"event_name":"Lab","player_choice":"Got Potions","floor":37.0,"gold_loss":0.0,"damage_taken":0.0}],"is_beta":true,"boss_relics":[{"not_picked":["Black Star","Empty Cage"],"picked":"Runic Pyramid"},{"not_picked":["Velvet Choker","Calling Bell"],"picked":"HoveringKite"}],"items_purged_floors":[12,46,47],"is_endless":false,"potions_floor_spawned":[1,7,13,16,18,22,23,25,28,33,38,42,44,54],"ascension_level":1}