{"gold_per_floor":[116,129,129,147,72,72,3,69,69,95,95,95,121,131,131,233,233,249,266,366,366],"floor_reached":21,"playtime":918,"items_purged":["Normality"],"score":299,"play_id":"9c98f4b6-9611-46d8-9b52-7f1f57b411cc","local_time":"20190403231343","is_ascension_mode":true,"campfire_choices":[{"data":"Quick Slash","floor":6,"key":"SMITH"},{"data":"Noxious Fumes","floor":11,"key":"SMITH"},{"data":"Neutralize","floor":15,"key":"SMITH"}],"neow_cost":"CURSE","seed_source_timestamp":213177498211487,"circlet_count":0,"master_deck":["AscendersBane","Defend_G","Defend_G","Defend_G","Defend_G","Defend_G","Strike_G","Strike_G","Strike_G","Strike_G","Strike_G","Survivor","Neutralize+1","Backstab+1","Quick Slash+1","Noxious Fumes+1","All Out Attack","Poisoned Stab","Dodge and Roll","A Thousand Cuts","Dodge and Roll","Cloak And Dagger","Deflect+1"],"relics":["Ring of the Serpent","Thread and Needle","Pocketwatch","Happy Flower","Juzu Bracelet","Incense Burner","Toxic Egg 2"],"potions_floor_usage":[16,16,20,20],"damage_taken":[{"damage":1,"enemies":"2 Louse","floor":1,"turns":4},{"damage":0,"enemies":"Cultist","floor":2,"turns":4},{"damage":0,"enemies":"Small Slimes","floor":4,"turns":3},{"damage":24,"enemies":"Gremlin Nob","floor":10,"turns":5},{"damage":1,"enemies":"Lagavulin","floor":13,"turns":5},{"damage":0,"enemies":"3 Louse","floor":14,"turns":2},{"damage":12,"enemies":"Hexaghost","floor":16,"turns":9},{"damage":15,"enemies":"Spheric Guardian","floor":18,"turns":4},{"damage":13,"enemies":"Shell Parasite","floor":19,"turns":6},{"damage":7,"enemies":"Colosseum Slavers","floor":20,"turns":4},{"damage":27,"enemies":"Colosseum Nobs","floor":20,"turns":7},{"damage":18,"enemies":"Cultist and Chosen","floor":21,"turns":4}],"seed_played":"8717391544624139386","potions_obtained":[{"floor":4,"key":"Regen Potion"},{"floor":10,"key":"Regen Potion"},{"floor":16,"key":"EssenceOfSteel"},{"floor":19,"key":"Dexterity Potion"}],"is_trial":false,"path_per_floor":["M","M","?","M","$","R","$","?","T","E","R","?","E","M","R","B",null,"M","M","?","M"],"character_chosen":"THE_SILENT","items_purchased":["Noxious Fumes"],"campfire_rested":0,"item_purchase_floors":[7],"current_hp_per_floor":[62,62,62,62,62,62,62,62,62,38,38,43,42,42,42,70,74,59,46,12,0],"gold":366,"neow_bonus":"ONE_RARE_RELIC","is_prod":false,"is_daily":false,"chose_seed":false,"campfire_upgraded":3,"win_rate":0,"timestamp":1554344023,"path_taken":["M","M","?","M","$","R","?","?","T","E","R","?","E","M","R","BOSS","M","M","?","M"],"build_version":"2019-01-23","purchased_purges":1,"victory":false,"max_hp_per_floor":[70,70,70,70,70,70,70,70,70,70,70,75,75,75,75,75,75,75,75,75,75],"card_choices":[{"not_picked":["Deflect","Cloak And Dagger"],"picked":"Backstab","floor":1},{"not_picked":["Underhanded Strike","Tactician","Reflex"],"picked":"SKIP","floor":2},{"not_picked":["Dagger Throw","Underhanded Strike"],"picked":"Quick Slash","floor":4},{"not_picked":["Prepared","Distraction"],"picked":"All Out Attack","floor":10},{"not_picked":["Underhanded Strike","Bane"],"picked":"Poisoned Stab","floor":13},{"not_picked":["Sucker Punch","Flying Knee"],"picked":"Dodge and Roll","floor":14},{"not_picked":["Corpse Explosion","Glass Knife"],"picked":"A Thousand Cuts","floor":16},{"not_picked":["Dagger Throw+1","Acrobatics"],"picked":"Dodge and Roll","floor":18},{"not_picked":["Outmaneuver","Slice"],"picked":"Cloak And Dagger","floor":19},{"not_picked":["Crippling Poison","Riddle With Holes"],"picked":"Deflect","floor":20}],"player_experience":1031716,"relics_obtained":[{"floor":9,"key":"Pocketwatch"},{"floor":10,"key":"Happy Flower"},{"floor":13,"key":"Juzu Bracelet"},{"floor":20,"key":"Incense Burner"},{"floor":20,"key":"Toxic Egg 2"}],"event_choices":[{"damage_healed":0,"gold_gain":0,"player_choice":"Forge","damage_taken":0,"max_hp_gain":0,"max_hp_loss":0,"event_name":"Accursed Blacksmith","floor":3,"gold_loss":0,"cards_upgraded":["Backstab"]},{"damage_healed":0,"gold_gain":66,"player_choice":"Gained Gold","damage_taken":0,"max_hp_gain":0,"max_hp_loss":0,"event_name":"Golden Wing","floor":8,"gold_loss":0},{"damage_healed":0,"gold_gain":0,"player_choice":"Donut","damage_taken":0,"max_hp_gain":5,"max_hp_loss":0,"event_name":"Big Fish","floor":12,"gold_loss":0},{"damage_healed":0,"gold_gain":0,"player_choice":"Fight","damage_taken":0,"max_hp_gain":0,"max_hp_loss":0,"event_name":"Colosseum","floor":20,"gold_loss":0},{"damage_healed":0,"gold_gain":0,"player_choice":"Fought Nobs","damage_taken":0,"max_hp_gain":0,"max_hp_loss":0,"event_name":"Colosseum","floor":20,"gold_loss":0}],"is_beta":false,"boss_relics":[{"not_picked":["Philosopher\u0027s Stone","Sozu"],"picked":"Ring of the Serpent"}],"items_purged_floors":[5],"is_endless":false,"potions_floor_spawned":[4,10,14,16,19],"killed_by":"Cultist and Chosen","ascension_level":12}