{"gold_per_floor":[109,124,124,124,143,170,170,185,185,185,195,221,231,250,250,352,352,370,370,295,311,311],"floor_reached":22,"playtime":1179,"items_purged":[],"score":198,"play_id":"4fead35a-aec0-4a76-b287-78e8e238519a","local_time":"20190329220218","is_ascension_mode":false,"campfire_choices":[{"data":"Zap","floor":7,"key":"SMITH"},{"floor":15,"key":"REST"}],"neow_cost":"NONE","seed_source_timestamp":562172481103200,"circlet_count":0,"master_deck":["Strike_B","Strike_B","Strike_B","Strike_B","Defend_B","Defend_B","Defend_B","Zap+1","Dualcast","Cold Snap","Rebound","Steam","Hologram","Compile Driver","Parasite","Sweeping Beam","Machine Learning","Force Field+1","Hologram+1","Amplify+1","Leap+1","RitualDagger","Go for the Eyes+1"],"relics":["Cracked Core","Oddly Smooth Stone","Bottled Lightning","Art of War","Darkstone Periapt","Shuriken","Toxic Egg 2","Inserter"],"potions_floor_usage":[13,16,22],"damage_taken":[{"damage":0,"enemies":"Cultist","floor":1,"turns":5},{"damage":0,"enemies":"Small Slimes","floor":2,"turns":3},{"damage":3,"enemies":"Jaw Worm","floor":5,"turns":3},{"damage":20,"enemies":"Gremlin Nob","floor":6,"turns":4},{"damage":10,"enemies":"Large Slime","floor":8,"turns":6},{"damage":5,"enemies":"2 Fungi Beasts","floor":11,"turns":3},{"damage":29,"enemies":"Lagavulin","floor":12,"turns":7},{"damage":2,"enemies":"Exordium Thugs","floor":13,"turns":4},{"damage":6,"enemies":"Looter","floor":14,"turns":2},{"damage":28,"enemies":"Hexaghost","floor":16,"turns":11},{"damage":25,"enemies":"Chosen","floor":18,"turns":7},{"damage":26,"enemies":"Shell Parasite","floor":21,"turns":6},{"damage":34,"enemies":"Snecko","floor":22,"turns":6}],"seed_played":"-228272100634347835","potions_obtained":[{"floor":1,"key":"Swift Potion"},{"floor":6,"key":"SkillPotion"},{"floor":11,"key":"FocusPotion"},{"floor":21,"key":"GamblersBrew"}],"is_trial":false,"path_per_floor":["M","M","T","?","M","E","R","M","T","?","M","E","M","M","R","B",null,"M","?","?","M","M"],"character_chosen":"DEFECT","items_purchased":[],"campfire_rested":1,"item_purchase_floors":[],"current_hp_per_floor":[75,75,75,68,65,45,45,35,35,59,54,25,23,17,41,13,81,56,50,50,24,0],"gold":311,"neow_bonus":"RANDOM_COMMON_RELIC","is_prod":false,"is_daily":false,"chose_seed":false,"campfire_upgraded":1,"win_rate":0.0,"timestamp":1553911338,"path_taken":["M","M","?","?","M","E","R","M","T","?","M","E","M","M","R","BOSS","M","?","?","M","?"],"build_version":"2019-01-23","purchased_purges":0,"victory":false,"max_hp_per_floor":[75,75,75,75,75,75,75,75,75,81,81,81,81,81,81,81,81,81,81,81,81,81],"card_choices":[{"not_picked":["Sunder","Streamline"],"picked":"Cold Snap","floor":1},{"not_picked":["Reinforced Body","Turbo"],"picked":"Rebound","floor":2},{"not_picked":["Conserve Battery","Barrage"],"picked":"Steam","floor":5},{"not_picked":["Rip and Tear","Coolheaded"],"picked":"Hologram","floor":6},{"not_picked":["Rebound","Coolheaded"],"picked":"Compile Driver","floor":8},{"not_picked":["White Noise","Conserve Battery"],"picked":"Sweeping Beam","floor":11},{"not_picked":["Consume","Stack"],"picked":"Machine Learning","floor":12},{"not_picked":["Barrage","Gash"],"picked":"Force Field+1","floor":13},{"not_picked":["Creative AI","Turbo+1"],"picked":"Hologram+1","floor":14},{"not_picked":["Biased Cognition","Multi-Cast+1"],"picked":"Amplify+1","floor":16},{"not_picked":["Steam+1","Stack+1"],"picked":"Leap+1","floor":18},{"not_picked":["Scrape+1","Skim+1"],"picked":"Go for the Eyes+1","floor":21}],"player_experience":37615,"relics_obtained":[{"floor":3,"key":"Bottled Lightning"},{"floor":6,"key":"Darkstone Periapt"},{"floor":9,"key":"Shuriken"},{"floor":12,"key":"Toxic Egg 2"}],"event_choices":[{"damage_healed":0,"gold_gain":0,"player_choice":"Success","damage_taken":7,"relics_obtained":["Art of War"],"max_hp_gain":0,"max_hp_loss":0,"event_name":"Scrap Ooze","floor":4,"gold_loss":0},{"damage_healed":18,"gold_gain":0,"player_choice":"Healed and dodged fight","damage_taken":0,"max_hp_gain":0,"max_hp_loss":0,"event_name":"Mushrooms","floor":10,"gold_loss":0,"cards_obtained":["Parasite"]},{"damage_healed":0,"gold_gain":0,"player_choice":"Joined the Cult","damage_taken":6,"max_hp_gain":0,"max_hp_loss":0,"event_name":"Nest","floor":19,"gold_loss":0,"cards_obtained":["RitualDagger"]},{"cards_removed":["Defend_B"],"damage_healed":0,"gold_gain":0,"player_choice":"Gave Gold","damage_taken":0,"max_hp_gain":0,"max_hp_loss":0,"event_name":"Beggar","floor":20,"gold_loss":75}],"is_beta":false,"boss_relics":[{"not_picked":["White Beast Statue","Runic Dome"],"picked":"Inserter"}],"items_purged_floors":[],"is_endless":false,"potions_floor_spawned":[1,6,11,12,21],"killed_by":"Snecko","ascension_level":0}