{"gold_per_floor":[116,116,66,79,95,95,128,139,209,209,241,261,436,451,451,549,549,549,119,44,44,44,44,44,44,44,44,44,44,44,44,44,44,44,44,44,44,44,44,44,44,44,44,44,44,44,44,44,44,44,44,44,44,44,44],"floor_reached":55,"playtime":6096,"items_purged":["Doubt"],"score":1092,"play_id":"26e7aa7c-cb35-4e45-bec4-f584845bed4a","local_time":"20190221223104","is_ascension_mode":true,"campfire_choices":[{"data":"Footwork","floor":6,"key":"SMITH"},{"data":"Noxious Fumes","floor":10,"key":"SMITH"},{"data":"Noxious Fumes","floor":15,"key":"SMITH"},{"floor":23,"key":"REST"},{"floor":27,"key":"REST"},{"floor":32,"key":"REST"},{"floor":42,"key":"REST"},{"floor":44,"key":"RECALL"},{"floor":49,"key":"REST"},{"data":"Catalyst","floor":52,"key":"SMITH"}],"neow_cost":"TEN_PERCENT_HP_LOSS","seed_source_timestamp":631229300901703,"circlet_count":0,"master_deck":["AscendersBane","Defend_G","Defend_G","Defend_G","Defend_G","Strike_G","Strike_G","Strike_G","Survivor","Neutralize+1","Noxious Fumes+1","Footwork+1","Riddle With Holes+1","Catalyst+1","Noxious Fumes+1","PiercingWail","Poisoned Stab","Burst","Bane+1","Poisoned Stab+1","Dodge and Roll","Leg Sweep","Poisoned Stab","Caltrops","Bullet Time","Dash+1","Catalyst+1","Catalyst+1","Deflect","Leg Sweep+1","Noxious Fumes+1","Escape Plan","Escape Plan+1"],"relics":["Ring of the Snake","StoneCalendar","Centennial Puzzle","The Courier","Ice Cream","Ectoplasm","Oddly Smooth Stone","Bag of Preparation","Snake Skull","Whetstone","Blood Vial","Dream Catcher","Red Mask","Eternal Feather","Gremlin Horn","Orichalcum"],"potions_floor_usage":[7,11,16,22,24,24,24,28,38,40,55,55,55],"damage_taken":[{"damage":2,"enemies":"Small Slimes","floor":1,"turns":5},{"damage":0,"enemies":"2 Louse","floor":4,"turns":4},{"damage":1,"enemies":"Cultist","floor":5,"turns":6},{"damage":16,"enemies":"3 Sentries","floor":7,"turns":7},{"damage":0,"enemies":"2 Fungi Beasts","floor":8,"turns":5},{"damage":8,"enemies":"Gremlin Nob","floor":11,"turns":4},{"damage":0,"enemies":"Blue Slaver","floor":12,"turns":5},{"damage":3,"enemies":"Red Slaver","floor":14,"turns":5},{"damage":6,"enemies":"Hexaghost","floor":16,"turns":8},{"damage":19,"enemies":"Spheric Guardian","floor":18,"turns":6},{"damage":11,"enemies":"2 Thieves","floor":20,"turns":4},{"damage":6,"enemies":"Chosen and Byrds","floor":21,"turns":6},{"damage":7,"enemies":"Centurion and Healer","floor":22,"turns":4},{"damage":6,"enemies":"Gremlin Leader","floor":24,"turns":2},{"damage":15,"enemies":"Snake Plant","floor":25,"turns":4},{"damage":3,"enemies":"Book of Stabbing","floor":28,"turns":6},{"damage":0,"enemies":"3 Cultists","floor":30,"turns":5},{"damage":19,"enemies":"Masked Bandits","floor":31,"turns":4},{"damage":25,"enemies":"Automaton","floor":33,"turns":8},{"damage":19,"enemies":"3 Darklings","floor":35,"turns":5},{"damage":7,"enemies":"Orb Walker","floor":36,"turns":3},{"damage":15,"enemies":"3 Darklings","floor":38,"turns":5},{"damage":13,"enemies":"Giant Head","floor":40,"turns":6},{"damage":4,"enemies":"Spire Growth","floor":41,"turns":3},{"damage":22,"enemies":"Jaw Worm Horde","floor":45,"turns":5},{"damage":10,"enemies":"Writhing Mass","floor":46,"turns":4},{"damage":3,"enemies":"4 Shapes","floor":48,"turns":5},{"damage":16,"enemies":"Donu and Deca","floor":50,"turns":6},{"damage":20,"enemies":"Shield and Spear","floor":54,"turns":5},{"damage":45,"enemies":"The Heart","floor":55,"turns":5}],"seed_played":"6088637527860844718","potions_obtained":[{"floor":1,"key":"Strength Potion"},{"floor":4,"key":"Fire Potion"},{"floor":7,"key":"AttackPotion"},{"floor":8,"key":"Block Potion"},{"floor":14,"key":"FearPotion"},{"floor":16,"key":"Ancient Potion"},{"floor":20,"key":"SteroidPotion"},{"floor":22,"key":"SteroidPotion"},{"floor":25,"key":"SkillPotion"},{"floor":33,"key":"SteroidPotion"},{"floor":36,"key":"SpeedPotion"},{"floor":46,"key":"Ancient Potion"},{"floor":48,"key":"EntropicBrew"}],"is_trial":false,"path_per_floor":["M","?","?","M","M","R","E","M","T","R","E","M","?","M","R","B",null,"M","$","M","M","M","R","E","M","T","R","E","?","M","?","R","B",null,"M","M","?","M","?","E","M","R","T","R","M","M","?","M","R","B",null,"R","$","E","B"],"character_chosen":"THE_SILENT","items_purchased":["Oddly Smooth Stone","Bag of Preparation","Snake Skull"],"campfire_rested":5,"item_purchase_floors":[19,19,19],"current_hp_per_floor":[61,61,61,61,60,60,44,44,44,44,36,36,36,33,33,27,54,35,35,24,18,11,29,23,8,8,26,25,25,27,10,28,5,49,32,27,27,14,14,3,1,37,37,55,35,27,27,26,62,47,59,63,63,43,0],"gold":44,"neow_bonus":"REMOVE_TWO","is_prod":false,"is_daily":false,"chose_seed":false,"campfire_upgraded":4,"win_rate":0,"timestamp":1550799064,"path_taken":["M","?","?","M","M","R","E","M","T","R","E","M","?","M","R","BOSS","M","$","M","M","M","R","E","M","T","R","E","?","?","?","R","BOSS","M","M","?","?","?","E","M","R","T","R","M","?","?","M","R","BOSS","R","$","E","BOSS"],"build_version":"2019-01-23","purchased_purges":1,"victory":false,"max_hp_per_floor":[63,63,63,63,63,63,63,63,63,63,63,63,63,63,63,63,63,63,63,63,63,63,63,63,63,63,63,63,63,63,63,63,63,63,63,63,63,63,63,63,63,63,63,63,63,63,63,63,63,63,63,63,63,63,63],"card_choices":[{"not_picked":["Tactician","PiercingWail"],"picked":"Noxious Fumes","floor":1},{"not_picked":["Masterful Stab","Accuracy"],"picked":"Footwork","floor":4},{"not_picked":["Acrobatics","Expertise"],"picked":"Riddle With Holes","floor":5},{"not_picked":["Deadly Poison","Backflip"],"picked":"Catalyst","floor":7},{"not_picked":["Deflect","Blade Dance"],"picked":"Noxious Fumes","floor":8},{"not_picked":["Distraction","Night Terror","Blade Dance"],"picked":"SKIP","floor":11},{"not_picked":["Bane","Dodge and Roll"],"picked":"PiercingWail","floor":12},{"not_picked":["Backflip","Masterful Stab"],"picked":"Poisoned Stab","floor":14},{"not_picked":["A Thousand Cuts","Phantasmal Killer"],"picked":"Burst","floor":16},{"not_picked":["Setup","Prepared"],"picked":"Bane+1","floor":18},{"not_picked":["Dagger Spray+1","Slice","Acrobatics"],"picked":"SKIP","floor":20},{"not_picked":["Masterful Stab","Terror","PiercingWail+1"],"picked":"SKIP","floor":21},{"not_picked":["Distraction+1","Dagger Throw","Acrobatics+1"],"picked":"SKIP","floor":22},{"not_picked":["Deadly Poison","Dagger Spray"],"picked":"Poisoned Stab+1","floor":24},{"not_picked":["Blade Dance","Deadly Poison+1"],"picked":"Dodge and Roll","floor":25},{"not_picked":["Riddle With Holes+1","Backflip"],"picked":"Leg Sweep","floor":28},{"not_picked":["Concentrate","Flying Knee+1"],"picked":"Poisoned Stab","floor":30},{"not_picked":["Sucker Punch","Crippling Poison"],"picked":"Caltrops","floor":32},{"not_picked":["Venomology","Storm of Steel"],"picked":"Bullet Time","floor":33},{"not_picked":["Skewer","Dagger Spray+1"],"picked":"Dash+1","floor":35},{"not_picked":["Poisoned Stab","Outmaneuver"],"picked":"Catalyst+1","floor":36},{"not_picked":["Bane","Quick Slash+1","Blur"],"picked":"SKIP","floor":38},{"not_picked":["Dagger Spray+1","Finisher+1","Accuracy+1"],"picked":"SKIP","floor":40},{"not_picked":["Riddle With Holes+1","PiercingWail+1"],"picked":"Leg Sweep+1","floor":41},{"not_picked":["Sucker Punch","Escape Plan"],"picked":"Noxious Fumes+1","floor":42},{"not_picked":["Deadly Poison+1","Heel Hook"],"picked":"Escape Plan","floor":45},{"not_picked":["Outmaneuver","Slice","Flying Knee"],"picked":"SKIP","floor":46},{"not_picked":["Dagger Spray","Accuracy+1","Deadly Poison"],"picked":"SKIP","floor":48},{"not_picked":["Heel Hook+1","Calculated Gamble+1"],"picked":"Escape Plan+1","floor":49},{"not_picked":["Skewer+1","Underhanded Strike","Blade Dance"],"picked":"SKIP","floor":54}],"player_experience":813996,"relics_obtained":[{"floor":7,"key":"Centennial Puzzle"},{"floor":9,"key":"The Courier"},{"floor":11,"key":"Ice Cream"},{"floor":24,"key":"Whetstone"},{"floor":26,"key":"Blood Vial"},{"floor":28,"key":"Dream Catcher"},{"floor":31,"key":"Red Mask"},{"floor":40,"key":"Gremlin Horn"},{"floor":54,"key":"Orichalcum"}],"event_choices":[{"damage_healed":0,"gold_gain":0,"player_choice":"Box","damage_taken":0,"relics_obtained":["StoneCalendar"],"max_hp_gain":0,"max_hp_loss":0,"event_name":"Big Fish","floor":2,"gold_loss":0,"cards_obtained":["Regret"]},{"cards_removed":["Regret"],"damage_healed":0,"gold_gain":0,"player_choice":"Card Removal","damage_taken":0,"max_hp_gain":0,"max_hp_loss":0,"event_name":"The Cleric","floor":3,"gold_loss":50},{"damage_healed":0,"gold_gain":175,"player_choice":"AGREE","damage_taken":0,"max_hp_gain":0,"max_hp_loss":0,"event_name":"Liars Game","floor":13,"gold_loss":0,"cards_obtained":["Doubt"]},{"damage_healed":0,"gold_gain":0,"player_choice":"Upgraded","damage_taken":0,"max_hp_gain":0,"max_hp_loss":0,"event_name":"Upgrade Shrine","floor":29,"gold_loss":0,"cards_upgraded":["Catalyst"]},{"damage_healed":0,"gold_gain":0,"player_choice":"Fought Bandits","damage_taken":0,"max_hp_gain":0,"max_hp_loss":0,"event_name":"Masked Bandits","floor":31,"gold_loss":0},{"cards_removed":["Strike_G"],"damage_healed":0,"gold_gain":0,"player_choice":"Purged","damage_taken":0,"max_hp_gain":0,"max_hp_loss":0,"event_name":"Purifier","floor":37,"gold_loss":0},{"damage_healed":0,"gold_gain":0,"player_choice":"2 cards matched","damage_taken":0,"max_hp_gain":0,"max_hp_loss":0,"event_name":"Match and Keep!","floor":39,"gold_loss":0,"cards_obtained":["Catalyst","Deflect"]},{"damage_healed":0,"gold_gain":0,"player_choice":"Ignored","damage_taken":0,"max_hp_gain":0,"max_hp_loss":0,"event_name":"Tomb of Lord Red Mask","floor":47,"gold_loss":0}],"is_beta":false,"boss_relics":[{"not_picked":["HoveringKite","Pandora\u0027s Box"],"picked":"Ectoplasm"},{"not_picked":["Velvet Choker","Cursed Key"],"picked":"Eternal Feather"}],"items_purged_floors":[19],"is_endless":false,"potions_floor_spawned":[1,4,7,8,14,16,20,21,22,25,33,36,46,48],"killed_by":"The Heart","ascension_level":10}