{"gold_per_floor":[117,132,149,149,163,198,75,85,85,85,98,131,131,144,144,248,248,263,188,188,206,224,224,253,266,335,335,350,11,11,38,38,140,140,157,157,68,81,100,127,139,139,164,208,234,265,330,34,34,34],"floor_reached":50,"playtime":13642,"items_purged":["Strike_B","Defend_B"],"score":556,"play_id":"879c1f49-13c2-4fa6-b624-0d53c0e7b0bb","local_time":"20190511184311","is_ascension_mode":false,"campfire_choices":[{"data":"Dualcast","floor":10.0,"key":"SMITH"},{"data":"Conserve Battery","floor":15.0,"key":"SMITH"},{"floor":23.0,"key":"REST"},{"floor":27.0,"key":"REST"},{"floor":32.0,"key":"REST"},{"floor":42.0,"key":"REST"},{"floor":49,"key":"REST"}],"neow_cost":"NONE","seed_source_timestamp":0,"circlet_count":0,"master_deck":["Strike_B","Defend_B","Defend_B","Defend_B","Zap+1","Dualcast+1","Conserve Battery+1","Capacitor","Capacitor","Auto Shields","Electrodynamics+1","Conserve Battery","Skim","Redo","White Noise","Coolheaded","Seek","Capacitor+1","Necronomicurse","Chaos","Barrage","Chill","Echo Form","Transmutation","Shame","Seek","Steam Power","Sweeping Beam+1","Echo Form","Master of Strategy"],"special_seed":0,"relics":["Cracked Core","Ginger","Oddly Smooth Stone","Bag of Preparation","Fusion Hammer","Necronomicon","Bottled Lightning","Mercury Hourglass","Anchor","Smiling Mask","Omamori","Busted Crown","FossilizedHelix","MawBank","Happy Flower","Peace Pipe"],"potions_floor_usage":[47,50],"damage_taken":[{"damage":1.0,"enemies":"Jaw Worm","floor":1.0,"turns":3.0},{"damage":0.0,"enemies":"Cultist","floor":2.0,"turns":3.0},{"damage":10.0,"enemies":"Small Slimes","floor":3.0,"turns":4.0},{"damage":1.0,"enemies":"Exordium Wildlife","floor":5.0,"turns":7.0},{"damage":8.0,"enemies":"Lagavulin","floor":6.0,"turns":10.0},{"damage":0.0,"enemies":"Blue Slaver","floor":8.0,"turns":4.0},{"damage":0.0,"enemies":"3 Louse","floor":11.0,"turns":1.0},{"damage":22.0,"enemies":"Gremlin Nob","floor":12.0,"turns":5.0},{"damage":0.0,"enemies":"Large Slime","floor":14.0,"turns":4.0},{"damage":7.0,"enemies":"The Guardian","floor":16.0,"turns":7.0},{"damage":0.0,"enemies":"Spheric Guardian","floor":18.0,"turns":5.0},{"damage":0.0,"enemies":"3 Byrds","floor":21.0,"turns":2.0},{"damage":3.0,"enemies":"Centurion and Healer","floor":22.0,"turns":7.0},{"damage":13.0,"enemies":"Slavers","floor":24.0,"turns":4.0},{"damage":2.0,"enemies":"Cultist and Chosen","floor":25.0,"turns":4.0},{"damage":10.0,"enemies":"Shelled Parasite and Fungi","floor":28.0,"turns":6.0},{"damage":28.0,"enemies":"Book of Stabbing","floor":31.0,"turns":5.0},{"damage":63.0,"enemies":"Collector","floor":33.0,"turns":8.0},{"damage":0.0,"enemies":"3 Shapes","floor":35.0,"turns":1.0},{"damage":5.0,"enemies":"Orb Walker","floor":38.0,"turns":4.0},{"damage":2.0,"enemies":"Spire Growth","floor":39.0,"turns":5.0},{"damage":12.0,"enemies":"Giant Head","floor":40.0,"turns":8.0},{"damage":0.0,"enemies":"Jaw Worm Horde","floor":41.0,"turns":2.0},{"damage":13.0,"enemies":"Nemesis","floor":44.0,"turns":7.0},{"damage":0.0,"enemies":"4 Shapes","floor":45.0,"turns":2.0},{"damage":16.0,"enemies":"Transient","floor":46.0,"turns":5.0},{"damage":51,"enemies":"2 Orb Walkers","floor":47,"turns":4},{"damage":47,"enemies":"Donu and Deca","floor":50,"turns":5}],"seed_played":"8205903564288102165","potions_obtained":[{"floor":2.0,"key":"Dexterity Potion"},{"floor":3.0,"key":"Poison Potion"},{"floor":5.0,"key":"LiquidBronze"},{"floor":8.0,"key":"SkillPotion"},{"floor":14.0,"key":"AttackPotion"},{"floor":21.0,"key":"Swift Potion"},{"floor":25.0,"key":"Energy Potion"},{"floor":31.0,"key":"SteroidPotion"},{"floor":33.0,"key":"Strength Potion"},{"floor":39.0,"key":"SpeedPotion"},{"floor":40.0,"key":"Dexterity Potion"},{"floor":45.0,"key":"Regen Potion"},{"floor":47,"key":"FearPotion"}],"is_trial":false,"path_per_floor":["M","M","M","?","M","E","$","M","T","R","M","E","?","M","R","B",null,"M","?","?","M","M","R","E","M","T","R","M","$","?","E","R","B",null,"M","?","$","M","M","E","M","R","T","E","M","M","?","$","R","B"],"character_chosen":"DEFECT","items_purchased":["Conserve Battery","Transmutation","Anchor","Steam Power","Echo Form","Master of Strategy"],"campfire_rested":5,"item_purchase_floors":[7,29,29,37,48,48],"current_hp_per_floor":[81,81,71,71,70,62,62,62,62,62,62,40,24,24,24,17,82,82,82,66,66,63,82,69,67,67,82,72,72,72,44,68,5,82,82,82,82,77,75,63,63,82,82,69,69,53,11,11,35,0],"gold":34,"neow_bonus":"TEN_PERCENT_HP_BONUS","is_prod":false,"is_daily":false,"chose_seed":false,"campfire_upgraded":2,"win_rate":0.0,"timestamp":1557580391,"path_taken":["M","M","M","?","?","E","$","M","T","R","M","E","?","M","R","BOSS","M","?","?","M","M","R","E","M","T","R","M","$","?","E","R","BOSS","M","?","$","M","M","E","M","R","T","E","M","M","?","?","R","BOSS"],"build_version":"2019-01-23","purchased_purges":2,"victory":false,"max_hp_per_floor":[82,82,82,82,82,82,82,82,82,82,82,82,82,82,82,82,82,82,82,82,82,82,82,82,82,82,82,82,82,82,82,82,82,82,82,82,82,82,82,82,82,82,82,82,82,82,82,82,82,82],"card_choices":[{"not_picked":["Hologram","Compile Driver"],"picked":"Conserve Battery","floor":1.0},{"not_picked":["FTL","Stack"],"picked":"Capacitor","floor":2.0},{"not_picked":["Reprogram","Sweeping Beam"],"picked":"Capacitor","floor":3.0},{"not_picked":["Blizzard","Reprogram"],"picked":"Auto Shields","floor":5.0},{"not_picked":["Turbo","FTL"],"picked":"Electrodynamics","floor":6.0},{"not_picked":["Heatsinks","Go for the Eyes"],"picked":"Skim","floor":8.0},{"not_picked":["Force Field","Steam"],"picked":"Redo","floor":11.0},{"not_picked":["Turbo","Gash"],"picked":"White Noise","floor":12.0},{"not_picked":["Chaos","Hologram"],"picked":"Coolheaded","floor":14.0},{"not_picked":["Buffer","Amplify"],"picked":"Seek","floor":16.0},{"not_picked":["Gash","Static Discharge"],"picked":"Capacitor+1","floor":18.0},{"not_picked":["Sweeping Beam","Reinforced Body"],"picked":"Chaos","floor":21.0},{"not_picked":["Leap","Double Energy"],"picked":"Barrage","floor":22.0},{"not_picked":["Auto Shields","Turbo","Self Repair+1"],"picked":"SKIP","floor":24.0},{"not_picked":["Chaos","Blizzard"],"picked":"Chill","floor":25.0},{"not_picked":["Leap+1","Aggregate"],"picked":"Echo Form","floor":28.0},{"not_picked":["Skim","Gash+1","BootSequence"],"picked":"SKIP","floor":31.0},{"not_picked":["Creative AI","Machine Learning"],"picked":"Seek","floor":33.0},{"not_picked":["Go for the Eyes+1"],"picked":"SKIP","floor":35.0},{"not_picked":["Double Energy"],"picked":"SKIP","floor":38.0},{"not_picked":["Barrage"],"picked":"SKIP","floor":39.0},{"not_picked":["Steam"],"picked":"SKIP","floor":40.0},{"not_picked":["Darkness+1"],"picked":"SKIP","floor":41.0},{"not_picked":["FTL+1"],"picked":"SKIP","floor":44.0},{"not_picked":[],"picked":"Sweeping Beam+1","floor":45.0},{"not_picked":["Go for the Eyes"],"picked":"SKIP","floor":46.0}],"player_experience":126036,"relics_obtained":[{"floor":6.0,"key":"Ginger"},{"floor":9.0,"key":"Oddly Smooth Stone"},{"floor":12.0,"key":"Bag of Preparation"},{"floor":20.0,"key":"Necronomicon"},{"floor":24.0,"key":"Bottled Lightning"},{"floor":26.0,"key":"Mercury Hourglass"},{"floor":31.0,"key":"Omamori"},{"floor":40.0,"key":"FossilizedHelix"},{"floor":43.0,"key":"MawBank"},{"floor":44.0,"key":"Happy Flower"},{"floor":47,"key":"Peace Pipe"}],"event_choices":[{"cards_removed":["Strike_B"],"damage_healed":0.0,"max_hp_gain":0.0,"max_hp_loss":0.0,"gold_gain":0.0,"event_name":"Wheel of Change","player_choice":"Card Removal","floor":4.0,"gold_loss":0.0,"damage_taken":0.0},{"damage_healed":0.0,"max_hp_gain":0.0,"max_hp_loss":0.0,"gold_gain":0.0,"event_name":"Shining Light","player_choice":"Entered Light","floor":13.0,"gold_loss":0.0,"damage_taken":16.0,"cards_upgraded":["Zap","Electrodynamics"]},{"cards_removed":["Strike_B"],"damage_healed":0.0,"max_hp_gain":0.0,"max_hp_loss":0.0,"gold_gain":0.0,"event_name":"Beggar","player_choice":"Gave Gold","floor":19.0,"gold_loss":75.0,"damage_taken":0.0},{"damage_healed":0.0,"max_hp_gain":0.0,"max_hp_loss":0.0,"gold_gain":0.0,"event_name":"Cursed Tome","player_choice":"Obtained Book","floor":20.0,"gold_loss":0.0,"damage_taken":16.0},{"damage_healed":0.0,"max_hp_gain":0.0,"max_hp_loss":0.0,"gold_gain":0.0,"event_name":"Addict","player_choice":"Stole Relic","floor":30.0,"gold_loss":0.0,"damage_taken":0.0,"relics_obtained":["Smiling Mask"],"cards_obtained":["Shame"]},{"damage_healed":0.0,"max_hp_gain":0.0,"max_hp_loss":0.0,"gold_gain":0.0,"event_name":"Tomb of Lord Red Mask","player_choice":"Ignored","floor":36.0,"gold_loss":0.0,"damage_taken":0.0},{"damage_healed":0,"gold_gain":0,"player_choice":"Fight","damage_taken":0,"max_hp_gain":0,"max_hp_loss":0,"event_name":"Mysterious Sphere","floor":47,"gold_loss":0}],"is_beta":false,"boss_relics":[{"not_picked":["Inserter","Runic Dome"],"picked":"Fusion Hammer"},{"not_picked":["White Beast Statue","Lizard Tail"],"picked":"Busted Crown"}],"items_purged_floors":[7,37],"is_endless":false,"potions_floor_spawned":[2,3,5,8,14,21,25,31,33,39,40,45,47],"killed_by":"Donu and Deca","ascension_level":0}