{"gold_per_floor":[113,188,188,207,81,110,110,145,145,145,145,181,193,218,230,341,353,380,411,423,82,95,129,129,163,163,194,194,0,15,29,29,124,124,145,570,635,654,654,654,697,697,697,697,713,754,773,113,113,113,113,113,65,104,104],"floor_reached":56,"playtime":4511,"items_purged":["Strike_B","Strike_B","Strike_B"],"score":2092,"play_id":"c764b7b6-2d30-4467-8e10-16c91541a66b","local_time":"20190204141233","is_ascension_mode":true,"campfire_choices":[{"data":"Streamline","floor":7,"key":"SMITH"},{"data":"Consume","floor":10,"key":"SMITH"},{"data":"Zap","floor":13,"key":"SMITH"},{"data":"Leap","floor":15,"key":"SMITH"},{"floor":24,"key":"REST"},{"data":"Defragment","floor":28,"key":"SMITH"},{"data":"Skim","floor":32,"key":"SMITH"},{"floor":40,"key":"REST"},{"floor":42,"key":"RECALL"},{"floor":49,"key":"REST"},{"floor":52,"key":"REST"}],"neow_cost":"NONE","seed_source_timestamp":10744429959726,"circlet_count":0,"master_deck":["AscendersBane","Defend_B","Defend_B","Defend_B","Defend_B","Zap+1","Dualcast","Leap+1","Consume+1","Ball Lightning","Ball Lightning","Core Surge","Skim+1","Glacier","Leap+1","Defragment+1","Master of Strategy","Coolheaded","Turbo","Hologram+1","Compile Driver+1","Biased Cognition","Panacea","Coolheaded"],"relics":["Cracked Core","NeowsBlessing","Mango","Omamori","Meat on the Bone","Golden Idol","MawBank","Inserter","Ancient Tea Set","Mercury Hourglass","Unceasing Top","Singing Bowl","Bag of Preparation","Fusion Hammer","Old Coin","Emotion Chip","Lantern","Potion Belt","DataDisk","Centennial Puzzle","TheAbacus","Bottled Tornado"],"potions_floor_usage":[8,12,23,25,27,33,36,37,55,55,55,55],"damage_taken":[{"damage":0,"enemies":"Jaw Worm","floor":1,"turns":1},{"damage":0,"enemies":"2 Louse","floor":4,"turns":1},{"damage":0,"enemies":"3 Sentries","floor":6,"turns":1},{"damage":15,"enemies":"Lagavulin","floor":8,"turns":6},{"damage":19,"enemies":"3 Sentries","floor":12,"turns":5},{"damage":5,"enemies":"Cultist","floor":14,"turns":4},{"damage":38,"enemies":"Hexaghost","floor":16,"turns":9},{"damage":12,"enemies":"3 Byrds","floor":18,"turns":4},{"damage":36,"enemies":"2 Thieves","floor":19,"turns":4},{"damage":5,"enemies":"Snecko","floor":22,"turns":4},{"damage":15,"enemies":"Book of Stabbing","floor":23,"turns":7},{"damage":13,"enemies":"Gremlin Leader","floor":25,"turns":9},{"damage":31,"enemies":"Slavers","floor":27,"turns":6},{"damage":3,"enemies":"Shelled Parasite and Fungi","floor":30,"turns":6},{"damage":0,"enemies":"Sentry and Sphere","floor":31,"turns":6},{"damage":19,"enemies":"Automaton","floor":33,"turns":11},{"damage":0,"enemies":"Orb Walker","floor":35,"turns":3},{"damage":0,"enemies":"Mind Bloom Boss Battle","floor":36,"turns":7},{"damage":13,"enemies":"2 Orb Walkers","floor":37,"turns":6},{"damage":3,"enemies":"3 Shapes","floor":38,"turns":4},{"damage":0,"enemies":"Giant Head","floor":41,"turns":10},{"damage":0,"enemies":"Maw","floor":45,"turns":7},{"damage":28,"enemies":"Nemesis","floor":46,"turns":9},{"damage":26,"enemies":"3 Darklings","floor":47,"turns":6},{"damage":0,"enemies":"Time Eater","floor":50,"turns":14},{"damage":4,"enemies":"Shield and Spear","floor":54,"turns":7},{"damage":14,"enemies":"The Heart","floor":55,"turns":12}],"seed_played":"4350373276749076212","potions_obtained":[{"floor":8,"key":"Energy Potion"},{"floor":16,"key":"Strength Potion"},{"floor":23,"key":"SteroidPotion"},{"floor":25,"key":"SteroidPotion"},{"floor":30,"key":"PowerPotion"},{"floor":35,"key":"Weak Potion"},{"floor":45,"key":"Regen Potion"},{"floor":46,"key":"Ancient Potion"},{"floor":47,"key":"Poison Potion"},{"floor":54,"key":"Swift Potion"}],"is_trial":false,"path_per_floor":["M","?","?","M","$","E","R","E","T","R","?","E","R","M","R","B",null,"M","M","?","$","M","E","R","E","T","E","R","$","M","M","R","B",null,"M","?","?","M","?","R","E","R","T","?","M","E","M","$","R","B",null,"R","$","E","B",null],"character_chosen":"DEFECT","items_purchased":["Weak Potion","Defragment","Master of Strategy","Weak Potion","Bag of Preparation","Poison Potion","DataDisk","Centennial Puzzle","TheAbacus","SpeedPotion","Dexterity Potion"],"campfire_rested":4,"item_purchase_floors":[5,21,21,21,29,29,48,48,48,48,53],"current_hp_per_floor":[64,53,53,53,53,67,67,52,52,52,52,45,45,52,52,26,70,58,34,34,34,41,38,63,50,50,31,31,31,42,56,56,51,81,83,85,72,69,69,95,97,97,97,97,99,73,59,59,89,89,98,101,101,99,85],"gold":104,"neow_bonus":"THREE_ENEMY_KILL","is_prod":false,"is_daily":false,"chose_seed":false,"campfire_upgraded":6,"win_rate":0,"timestamp":1549289553,"path_taken":["M","?","?","?","$","E","R","E","T","R","?","E","R","M","R","BOSS","M","M","?","$","?","E","R","E","T","E","R","$","M","?","R","BOSS","M","?","?","M","?","R","E","R","T","?","M","E","M","$","R","BOSS","R","$","E","BOSS"],"build_version":"2019-01-23","purchased_purges":3,"victory":true,"max_hp_per_floor":[71,71,71,71,71,85,85,85,85,85,85,85,85,85,85,85,85,85,85,85,85,85,85,85,85,85,85,85,85,87,89,89,91,91,93,95,95,95,95,95,97,97,97,97,99,101,101,101,101,101,101,101,101,103,103],"card_choices":[{"not_picked":["Hologram","Redo"],"picked":"Leap","floor":1},{"not_picked":["Machine Learning","Conserve Battery"],"picked":"Streamline","floor":4},{"not_picked":["Tempest","Skim"],"picked":"Consume","floor":6},{"not_picked":["Hologram","Fusion"],"picked":"Ball Lightning","floor":8},{"not_picked":["Force Field","Thunder Strike","Doom and Gloom"],"picked":"SKIP","floor":12},{"not_picked":["Sweeping Beam","Redo"],"picked":"Ball Lightning","floor":14},{"not_picked":["Meteor Strike","Seek"],"picked":"Core Surge","floor":16},{"not_picked":["Compile Driver","Rebound+1"],"picked":"Skim","floor":18},{"not_picked":["Stack","Chaos"],"picked":"Glacier","floor":19},{"not_picked":["Conserve Battery","Leap"],"picked":"Coolheaded","floor":22},{"not_picked":["Reprogram","Beam Cell","Stack"],"picked":"SKIP","floor":23},{"not_picked":["Scrape","Steam"],"picked":"Turbo","floor":25},{"not_picked":["Skim","Genetic Algorithm"],"picked":"Hologram+1","floor":27},{"not_picked":["Amplify","White Noise","Heatsinks"],"picked":"Singing Bowl","floor":30},{"not_picked":["Barrage","Genetic Algorithm","Steam+1"],"picked":"Singing Bowl","floor":31},{"not_picked":["Rainbow","Multi-Cast","Meteor Strike"],"picked":"Singing Bowl","floor":33},{"not_picked":["Loop","Heatsinks","Beam Cell"],"picked":"Singing Bowl","floor":35},{"not_picked":["Streamline","Stack+1","Cold Snap"],"picked":"Singing Bowl","floor":36},{"not_picked":["Beam Cell","Gash"],"picked":"Compile Driver+1","floor":37},{"not_picked":["Turbo","Sweeping Beam"],"picked":"Biased Cognition","floor":38},{"not_picked":["Barrage","Self Repair+1","Auto Shields"],"picked":"Singing Bowl","floor":41},{"not_picked":["Forethought","Secret Weapon"],"picked":"Panacea","floor":44},{"not_picked":["Barrage","Redo+1","Go for the Eyes"],"picked":"Singing Bowl","floor":45},{"not_picked":["BootSequence","Steam Power+1","Redo+1"],"picked":"Singing Bowl","floor":46},{"not_picked":["Loop","Auto Shields"],"picked":"Coolheaded","floor":47},{"not_picked":["Streamline","Tempest+1","Leap"],"picked":"Singing Bowl","floor":54}],"player_experience":823023,"relics_obtained":[{"floor":6,"key":"Mango"},{"floor":8,"key":"Omamori"},{"floor":9,"key":"Meat on the Bone"},{"floor":12,"key":"MawBank"},{"floor":23,"key":"Ancient Tea Set"},{"floor":25,"key":"Mercury Hourglass"},{"floor":26,"key":"Unceasing Top"},{"floor":27,"key":"Singing Bowl"},{"floor":36,"key":"Old Coin"},{"floor":37,"key":"Emotion Chip"},{"floor":41,"key":"Lantern"},{"floor":46,"key":"Potion Belt"},{"floor":54,"key":"Bottled Tornado"}],"event_choices":[{"damage_healed":0,"gold_gain":75,"player_choice":"Gather Gold","damage_taken":11,"max_hp_gain":0,"max_hp_loss":0,"event_name":"World of Goop","floor":2,"gold_loss":0},{"cards_removed":["Strike_B"],"damage_healed":0,"gold_gain":0,"player_choice":"Offered Basic","damage_taken":0,"max_hp_gain":0,"max_hp_loss":0,"event_name":"Bonfire Elementals","floor":3,"gold_loss":0},{"damage_healed":0,"gold_gain":0,"player_choice":"Take Wound","damage_taken":0,"relics_obtained":["Golden Idol"],"max_hp_gain":0,"max_hp_loss":0,"event_name":"Golden Idol","floor":11,"gold_loss":0,"cards_obtained":["Injury"]},{"damage_healed":0,"gold_gain":0,"player_choice":"Copied","damage_taken":0,"max_hp_gain":0,"max_hp_loss":0,"event_name":"Duplicator","floor":20,"gold_loss":0,"cards_obtained":["Leap"]},{"damage_healed":0,"gold_gain":0,"player_choice":"Fight","damage_taken":0,"max_hp_gain":0,"max_hp_loss":0,"event_name":"MindBloom","floor":36,"gold_loss":0},{"damage_healed":0,"gold_gain":0,"player_choice":"Fight","damage_taken":0,"max_hp_gain":0,"max_hp_loss":0,"event_name":"Mysterious Sphere","floor":37,"gold_loss":0},{"cards_removed":["Streamline"],"damage_healed":0,"gold_gain":0,"player_choice":"Removed Attack","damage_taken":0,"max_hp_gain":0,"max_hp_loss":0,"event_name":"Falling","floor":39,"gold_loss":0},{"damage_healed":0,"gold_gain":0,"player_choice":"Memory 1","damage_taken":0,"max_hp_gain":0,"max_hp_loss":0,"event_name":"SensoryStone","floor":44,"gold_loss":0}],"is_beta":true,"boss_relics":[{"not_picked":["Calling Bell","Astrolabe"],"picked":"Inserter"},{"not_picked":["Pandora\u0027s Box","Busted Crown"],"picked":"Fusion Hammer"}],"items_purged_floors":[5,21,48],"is_endless":false,"potions_floor_spawned":[8,16,23,25,30,35,45,46,47,54],"ascension_level":14}