{"gold_per_floor":[116,29,29,48,48,77,77,110,110,138,138,158,175,189,189,285,285,296,307,326,326,180,206,206,206],"floor_reached":25,"playtime":663,"items_purged":[],"score":344,"play_id":"8195919d-c720-41d3-b144-545f1353aa91","local_time":"20181228152606","is_ascension_mode":true,"campfire_choices":[{"data":"Bouncing Flask","floor":7,"key":"SMITH"},{"floor":11,"key":"REST"},{"floor":15,"key":"REST"},{"floor":24,"key":"REST"}],"neow_cost":"NONE","seed_source_timestamp":586681389258416,"circlet_count":0,"master_deck":["Defend_G","Defend_G","Defend_G","Defend_G","Strike_G","Strike_G","Strike_G","Strike_G","Strike_G","Survivor","Neutralize","Setup","Bouncing Flask+1","Sucker Punch","Deadly Poison","Deadly Poison","Backflip","Riddle With Holes","Flying Knee","Outmaneuver","Bullet Time","Calculated Gamble","Noxious Fumes","Bouncing Flask","Well Laid Plans"],"relics":["Ring of the Snake","NeowsBlessing","FaceOfCleric","Mercury Hourglass","Singing Bowl","Potion Belt","Boot","Philosopher\u0027s Stone","Matryoshka"],"potions_floor_usage":[10,14,18,18,20],"damage_taken":[{"damage":0,"enemies":"2 Louse","floor":1,"turns":1},{"damage":0,"enemies":"Cultist","floor":4,"turns":1},{"damage":0,"enemies":"Gremlin Nob","floor":6,"turns":1},{"damage":27,"enemies":"Lagavulin","floor":8,"turns":5},{"damage":12,"enemies":"Gremlin Nob","floor":10,"turns":3},{"damage":0,"enemies":"Small Slimes","floor":12,"turns":2},{"damage":13,"enemies":"Exordium Thugs","floor":13,"turns":4},{"damage":0,"enemies":"Lots of Slimes","floor":14,"turns":1},{"damage":35,"enemies":"The Guardian","floor":16,"turns":7},{"damage":0,"enemies":"3 Byrds","floor":18,"turns":2},{"damage":0,"enemies":"Spheric Guardian","floor":19,"turns":2},{"damage":34,"enemies":"Snecko","floor":20,"turns":5},{"damage":35,"enemies":"Gremlin Leader","floor":23,"turns":6},{"damage":52,"enemies":"Cultist and Chosen","floor":25,"turns":4}],"seed_played":"-5165163695700295372","potions_obtained":[{"floor":4,"key":"SkillPotion"},{"floor":6,"key":"Energy Potion"},{"floor":10,"key":"Explosive Potion"},{"floor":13,"key":"SpeedPotion"},{"floor":16,"key":"AttackPotion"},{"floor":19,"key":"Fire Potion"},{"floor":23,"key":"Strength Potion"}],"is_trial":false,"path_per_floor":["M","$","?","M","?","E","R","E","T","E","R","M","M","M","R","B",null,"M","M","M","?","$","E","R","M"],"character_chosen":"THE_SILENT","items_purchased":["Bouncing Flask","Sucker Punch","Noxious Fumes","Bouncing Flask"],"campfire_rested":3,"item_purchase_floors":[2,2,22,22],"current_hp_per_floor":[70,70,63,63,63,64,64,38,38,29,51,52,40,41,64,30,79,82,83,52,52,52,18,44,0],"gold":206,"neow_bonus":"THREE_ENEMY_KILL","is_prod":false,"is_daily":false,"chose_seed":false,"campfire_upgraded":1,"win_rate":0,"timestamp":1546021566,"path_taken":["M","$","?","M","?","E","R","E","T","E","R","M","M","?","R","BOSS","M","M","M","?","$","E","R","M"],"build_version":"2018-12-20","purchased_purges":0,"victory":false,"max_hp_per_floor":[70,70,70,70,70,71,71,72,72,75,75,76,77,78,78,79,79,82,83,86,86,86,87,87,87],"card_choices":[{"not_picked":["Blade Dance","Dagger Throw"],"picked":"Setup","floor":1},{"not_picked":["Finisher","Prepared"],"picked":"Deadly Poison","floor":4},{"not_picked":["Flying Knee","Dash"],"picked":"Deadly Poison","floor":6},{"not_picked":["Choke","Flying Knee"],"picked":"Backflip","floor":8},{"not_picked":["Wraith Form v2","Concentrate","Quick Slash"],"picked":"Singing Bowl","floor":10},{"not_picked":["Sucker Punch","Quick Slash"],"picked":"Riddle With Holes","floor":12},{"not_picked":["Underhanded Strike","Blur"],"picked":"Flying Knee","floor":13},{"not_picked":["Underhanded Strike","Bane"],"picked":"Outmaneuver","floor":14},{"not_picked":["Burst","Venomology"],"picked":"Bullet Time","floor":16},{"not_picked":["Bane","Underhanded Strike+1","Dagger Spray"],"picked":"Singing Bowl","floor":18},{"not_picked":["Endless Agony+1","Dagger Throw"],"picked":"Calculated Gamble","floor":19},{"not_picked":["Underhanded Strike","Cloak And Dagger","Escape Plan"],"picked":"Singing Bowl","floor":20},{"not_picked":["Quick Slash","Corpse Explosion"],"picked":"Well Laid Plans","floor":23}],"player_experience":555541,"relics_obtained":[{"floor":6,"key":"Mercury Hourglass"},{"floor":8,"key":"Singing Bowl"},{"floor":9,"key":"Potion Belt"},{"floor":10,"key":"Boot"},{"floor":23,"key":"Matryoshka"}],"event_choices":[{"cards_removed":["Defend_G"],"damage_healed":0,"gold_gain":0,"player_choice":"Card Removal","damage_taken":7,"max_hp_gain":0,"max_hp_loss":0,"event_name":"Golden Wing","floor":3,"gold_loss":0},{"damage_healed":0,"gold_gain":0,"player_choice":"Trade","damage_taken":0,"relics_obtained":["FaceOfCleric"],"max_hp_gain":0,"max_hp_loss":0,"event_name":"FaceTrader","floor":5,"gold_loss":0},{"damage_healed":0,"gold_gain":0,"player_choice":"Ignored","damage_taken":0,"max_hp_gain":0,"max_hp_loss":0,"event_name":"Vampires","floor":21,"gold_loss":0}],"is_beta":false,"boss_relics":[{"not_picked":["Runic Dome","Empty Cage"],"picked":"Philosopher\u0027s Stone"}],"items_purged_floors":[],"is_endless":false,"potions_floor_spawned":[4,6,10,13,16,19,23],"killed_by":"Cultist and Chosen","ascension_level":4}