{"gold_per_floor":[111,121,135,146,146,175,194,227,253,253,52,102,23,38,38,143,193,208,228,64,64,75,75,75,86,86,106,106,126,154,166,166,264,264,280,136,149,249,266,266,266],"floor_reached":41,"playtime":3420,"items_purged":[],"score":452,"play_id":"4a23830a-bdec-47f0-b591-0d72d59e4175","local_time":"20190326121820","is_ascension_mode":false,"campfire_choices":[{"floor":10,"key":"REST"},{"data":"Streamline","floor":15,"key":"SMITH"},{"data":"Beam Cell","floor":23,"key":"SMITH"},{"floor":32,"key":"REST"},{"floor":40,"key":"REST"}],"neow_cost":"NONE","seed_source_timestamp":1106633441964000,"circlet_count":0,"master_deck":["Strike_B","Strike_B+1","Strike_B","Strike_B","Defend_B","Defend_B","Defend_B","Defend_B","Zap","Dualcast+1","Gash+1","Streamline+1","Conserve Battery","Coolheaded","Coolheaded+1","Conserve Battery","Sweeping Beam+1","FTL","Stack","Beam Cell+1","Defragment+1","Flash of Steel","Self Repair","Amplify","Echo Form","Rainbow","Defragment","Self Repair+1","Conserve Battery+1","FTL+1"],"relics":["Cracked Core","NeowsBlessing","War Paint","Whetstone","MealTicket","Tiny House","Nloth\u0027s Gift","Ornamental Fan","Potion Belt","Lizard Tail","Pen Nib","Thread and Needle"],"potions_floor_usage":[6,8,14,18,31,33,33,41],"damage_taken":[{"damage":0,"enemies":"Jaw Worm","floor":1,"turns":1},{"damage":0,"enemies":"Cultist","floor":2,"turns":1},{"damage":0,"enemies":"2 Louse","floor":3,"turns":1},{"damage":0,"enemies":"Looter","floor":4,"turns":4},{"damage":26,"enemies":"3 Sentries","floor":6,"turns":8},{"damage":5,"enemies":"Red Slaver","floor":7,"turns":5},{"damage":12,"enemies":"Lagavulin","floor":8,"turns":7},{"damage":8,"enemies":"Blue Slaver","floor":14,"turns":3},{"damage":15,"enemies":"Slime Boss","floor":16,"turns":11},{"damage":12,"enemies":"3 Byrds","floor":18,"turns":5},{"damage":15,"enemies":"Chosen","floor":19,"turns":5},{"damage":18,"enemies":"Snecko","floor":22,"turns":8},{"damage":14,"enemies":"3 Cultists","floor":25,"turns":8},{"damage":12,"enemies":"Cultist and Chosen","floor":27,"turns":7},{"damage":3,"enemies":"Snecko","floor":29,"turns":5},{"damage":25,"enemies":"Book of Stabbing","floor":30,"turns":7},{"damage":14,"enemies":"3 Cultists","floor":31,"turns":5},{"damage":45,"enemies":"Champ","floor":33,"turns":14},{"damage":50,"enemies":"3 Darklings","floor":35,"turns":9},{"damage":49,"enemies":"Orb Walker","floor":37,"turns":6},{"damage":9,"enemies":"Mind Bloom Boss Battle","floor":38,"turns":9},{"damage":83,"enemies":"Jaw Worm Horde","floor":39,"turns":8},{"damage":59,"enemies":"Maw","floor":41,"turns":9}],"seed_played":"-7698886673713219741","potions_obtained":[{"floor":2,"key":"Explosive Potion"},{"floor":3,"key":"Explosive Potion"},{"floor":5,"key":"Fruit Juice"},{"floor":7,"key":"Poison Potion"},{"floor":8,"key":"Fruit Juice"},{"floor":14,"key":"PowerPotion"},{"floor":17,"key":"Poison Potion"},{"floor":29,"key":"Dexterity Potion"},{"floor":30,"key":"Ancient Potion"},{"floor":31,"key":"LiquidBronze"},{"floor":35,"key":"AttackPotion"},{"floor":37,"key":"Block Potion"}],"is_trial":false,"path_per_floor":["M","M","M","M","?","E","M","E","T","R","$","?","$","M","R","B",null,"M","M","$","?","M","R","?","M","T","M","$","M","E","M","R","B",null,"M","$","M","?","M","R","M"],"character_chosen":"DEFECT","items_purchased":["MealTicket","FTL","Flash of Steel","Self Repair","Pen Nib"],"campfire_rested":3,"item_purchase_floors":[11,13,20,20,36],"current_hp_per_floor":[75,75,75,75,75,54,49,37,37,61,61,61,76,73,73,58,90,78,63,78,69,58,58,58,51,51,46,61,58,40,33,60,22,90,54,69,27,35,27,54,0],"gold":266,"neow_bonus":"THREE_ENEMY_KILL","is_prod":false,"is_daily":false,"chose_seed":false,"campfire_upgraded":2,"win_rate":0.0,"timestamp":1553617100,"path_taken":["M","M","M","M","?","E","M","E","T","R","?","?","$","M","R","BOSS","M","M","$","?","?","R","?","M","T","M","$","?","E","M","R","BOSS","M","$","?","?","M","R","M"],"build_version":"2019-01-23","purchased_purges":0,"victory":false,"max_hp_per_floor":[75,75,75,75,75,80,80,80,80,80,80,80,80,85,85,85,90,90,90,90,90,90,90,90,90,90,90,90,90,90,90,90,90,90,90,90,90,90,90,90,90],"card_choices":[{"not_picked":["Cold Snap","Lockon"],"picked":"Gash","floor":1},{"not_picked":["Compile Driver","Force Field"],"picked":"Streamline","floor":2},{"not_picked":["Glacier","Hologram"],"picked":"Conserve Battery","floor":3},{"not_picked":["Ball Lightning","Rebound"],"picked":"Coolheaded","floor":4},{"not_picked":["Conserve Battery","Streamline"],"picked":"Coolheaded","floor":6},{"not_picked":["Rebound","Hyperbeam","Ball Lightning"],"picked":"SKIP","floor":7},{"not_picked":["Hologram","Double Energy"],"picked":"Conserve Battery","floor":8},{"not_picked":["Cold Snap","BootSequence"],"picked":"Sweeping Beam","floor":10},{"not_picked":["Turbo","Redo","Hello World"],"picked":"SKIP","floor":14},{"not_picked":["Rip and Tear","Lockon"],"picked":"Stack","floor":17},{"not_picked":["Hologram+1","Lockon"],"picked":"Beam Cell","floor":18},{"not_picked":["Ball Lightning","Consume"],"picked":"Defragment+1","floor":19},{"not_picked":["Doom and Gloom","Coolheaded","Scrape"],"picked":"SKIP","floor":22},{"not_picked":["Compile Driver","Undo","Sunder"],"picked":"SKIP","floor":25},{"not_picked":["Sunder","FTL","Lockon"],"picked":"SKIP","floor":27},{"not_picked":["Blizzard","Tempest"],"picked":"Amplify","floor":29},{"not_picked":["Compile Driver","Rebound+1"],"picked":"Echo Form","floor":30},{"not_picked":["Blizzard","Rip and Tear","Barrage+1"],"picked":"SKIP","floor":31},{"not_picked":["Fission","Biased Cognition"],"picked":"Rainbow","floor":33},{"not_picked":["Sweeping Beam+1","Turbo"],"picked":"Defragment","floor":35},{"not_picked":["Rip and Tear","Heatsinks"],"picked":"Self Repair+1","floor":37},{"not_picked":["Darkness","Beam Cell"],"picked":"Conserve Battery+1","floor":38},{"not_picked":["Self Repair","BootSequence+1"],"picked":"FTL+1","floor":39}],"player_experience":36926,"relics_obtained":[{"floor":6,"key":"Dream Catcher"},{"floor":8,"key":"War Paint"},{"floor":9,"key":"Whetstone"},{"floor":26,"key":"Ornamental Fan"},{"floor":30,"key":"Potion Belt"},{"floor":38,"key":"Thread and Needle"}],"event_choices":[{"damage_healed":0,"gold_gain":0,"player_choice":"Got Potions","damage_taken":0,"max_hp_gain":0,"max_hp_loss":0,"event_name":"Lab","floor":5,"gold_loss":0},{"damage_healed":0,"gold_gain":50,"player_choice":"Gained Gold","damage_taken":0,"max_hp_gain":0,"max_hp_loss":0,"event_name":"Golden Wing","floor":12,"gold_loss":0},{"damage_healed":0,"gold_gain":0,"player_choice":"","damage_taken":9,"max_hp_gain":0,"max_hp_loss":0,"event_name":"Knowing Skull","floor":21,"potions_obtained":[],"gold_loss":0,"cards_obtained":[]},{"damage_healed":0,"gold_gain":0,"player_choice":"Traded Relic","damage_taken":0,"relics_obtained":["Nloth\u0027s Gift"],"max_hp_gain":0,"max_hp_loss":0,"event_name":"N\u0027loth","floor":24,"relics_lost":["Dream Catcher"],"gold_loss":0},{"damage_healed":0,"gold_gain":0,"player_choice":"Fight","damage_taken":0,"max_hp_gain":0,"max_hp_loss":0,"event_name":"MindBloom","floor":38,"gold_loss":0}],"is_beta":false,"boss_relics":[{"not_picked":["Empty Cage","Inserter"],"picked":"Tiny House"},{"not_picked":["Sozu","Philosopher\u0027s Stone"],"picked":"Lizard Tail"}],"items_purged_floors":[],"is_endless":false,"potions_floor_spawned":[2,3,7,8,14,29,30,31,35,37],"killed_by":"Maw","ascension_level":0}