{"gold_per_floor":[114,126,52,63,76,76,76,116,116,48,73,73,94,133,133,226,226,247,247,265,265,53,53,67,99,173,173,173,207,227,227,227,305,355,373,265,285,148,168,201,201,212,239,259,292,306,318,353,353,353,353,353,272,298,298],"floor_reached":55,"playtime":2710,"items_purged":["Strike_B","Strike_B"],"score":1306,"play_id":"276f6acb-e3c3-411f-82cc-5719abbc3cee","local_time":"20190426004744","is_ascension_mode":true,"campfire_choices":[{"data":"Defragment","floor":6,"key":"SMITH"},{"data":"Leap","floor":15,"key":"SMITH"},{"data":"Self Repair","floor":23,"key":"SMITH"},{"data":"Coolheaded","floor":28,"key":"SMITH"},{"data":"Ball Lightning","floor":32,"key":"SMITH"},{"floor":41,"key":"RECALL"},{"data":"Buffer","floor":49,"key":"SMITH"},{"data":"Echo Form","floor":52,"key":"SMITH"}],"neow_cost":"NONE","seed_source_timestamp":1246934485752826,"circlet_count":0,"master_deck":["AscendersBane","Strike_B","Strike_B","Defend_B","Defend_B+1","Defend_B","Defend_B","Zap+1","Dualcast","Leap+1","Ball Lightning","Defragment+1","Go for the Eyes","Leap+1","Ball Lightning","FTL","Ball Lightning+1","Doom and Gloom","Echo Form+1","Conserve Battery+1","Self Repair+1","Coolheaded+1","Defragment+1","Coolheaded+1","Echo Form","Steam Power+1","Chill+1","Coolheaded+1","Defragment","Ball Lightning+1","Seek+1","Buffer+1","Conserve Battery+1","White Noise+1","White Noise+1","Amplify+1"],"relics":["Cracked Core","Bloody Idol","Ornamental Fan","Meat on the Bone","Bottled Tornado","Coffee Dripper","PreservedInsect","Red Mask","Kunai","Oddly Smooth Stone","Toxic Egg 2","Tiny House","Girya","Pen Nib","Pantograph","Strawberry"],"potions_floor_usage":[16,25,39,55,55],"damage_taken":[{"damage":1,"enemies":"Cultist","floor":1,"turns":3},{"damage":0,"enemies":"Small Slimes","floor":2,"turns":3},{"damage":0,"enemies":"2 Louse","floor":4,"turns":3},{"damage":0,"enemies":"Blue Slaver","floor":5,"turns":3},{"damage":20,"enemies":"Gremlin Nob","floor":8,"turns":4},{"damage":0,"enemies":"Exordium Wildlife","floor":11,"turns":4},{"damage":1,"enemies":"Large Slime","floor":13,"turns":5},{"damage":21,"enemies":"3 Sentries","floor":14,"turns":4},{"damage":14,"enemies":"Hexaghost","floor":16,"turns":8},{"damage":8,"enemies":"Chosen","floor":18,"turns":3},{"damage":0,"enemies":"Spheric Guardian","floor":20,"turns":3},{"damage":5,"enemies":"Snake Plant","floor":24,"turns":4},{"damage":19,"enemies":"Masked Bandits","floor":25,"turns":4},{"damage":53,"enemies":"Gremlin Leader","floor":29,"turns":6},{"damage":15,"enemies":"Cultist and Chosen","floor":30,"turns":6},{"damage":12,"enemies":"Champ","floor":33,"turns":13},{"damage":49,"enemies":"3 Darklings","floor":35,"turns":6},{"damage":20,"enemies":"3 Shapes","floor":37,"turns":8},{"damage":14,"enemies":"Transient","floor":39,"turns":5},{"damage":31,"enemies":"Giant Head","floor":40,"turns":10},{"damage":40,"enemies":"Writhing Mass","floor":42,"turns":7},{"damage":13,"enemies":"Maw","floor":44,"turns":8},{"damage":17,"enemies":"Reptomancer","floor":45,"turns":6},{"damage":43,"enemies":"Sphere and 2 Shapes","floor":46,"turns":6},{"damage":24,"enemies":"Transient","floor":47,"turns":5},{"damage":17,"enemies":"Giant Head","floor":48,"turns":9},{"damage":6,"enemies":"Time Eater","floor":50,"turns":14},{"damage":47,"enemies":"Shield and Spear","floor":54,"turns":8},{"damage":91,"enemies":"The Heart","floor":55,"turns":3}],"seed_played":"2108084150248537507","potions_obtained":[{"floor":5,"key":"Explosive Potion"},{"floor":8,"key":"SkillPotion"},{"floor":11,"key":"LiquidBronze"},{"floor":18,"key":"PowerPotion"},{"floor":25,"key":"Poison Potion"},{"floor":34,"key":"Block Potion"},{"floor":39,"key":"EssenceOfSteel"},{"floor":47,"key":"Regen Potion"}],"is_trial":false,"path_per_floor":["M","M","$","M","M","R","?","E","T","$","M","?","M","E","R","B",null,"M","?","M","?","$","R","M","?","T","?","R","E","M","T","R","B",null,"M","$","M","$","M","E","R","M","T","M","E","M","M","E","R","B",null,"R","$","E","B"],"character_chosen":"DEFECT","items_purchased":["Defragment","FTL","PreservedInsect","Self Repair","Chill+1","Defragment","White Noise+1"],"campfire_rested":0,"item_purchase_floors":[3,10,22,22,36,38,53],"current_hp_per_floor":[63,63,63,63,63,63,63,43,43,43,43,43,42,33,33,31,57,49,49,54,54,54,54,64,66,66,66,66,40,52,52,52,55,70,48,48,65,65,66,62,62,59,64,66,64,58,61,69,69,71,71,71,71,68,0],"gold":298,"neow_bonus":"UPGRADE_CARD","is_prod":false,"is_daily":false,"chose_seed":false,"campfire_upgraded":7,"win_rate":0,"timestamp":1556250464,"path_taken":["M","M","?","M","M","R","?","E","T","$","M","?","M","E","R","BOSS","M","?","M","?","?","R","?","?","T","?","R","E","?","?","R","BOSS","M","?","M","$","M","E","R","M","T","M","E","M","?","E","R","BOSS","R","$","E","BOSS"],"build_version":"2019-01-23","purchased_purges":2,"victory":false,"max_hp_per_floor":[71,71,71,71,71,71,66,66,66,66,66,66,66,66,66,66,66,66,66,66,66,66,66,66,66,66,66,66,66,66,66,66,66,71,71,71,71,71,71,71,71,71,71,71,71,71,71,71,71,71,71,71,71,78,78],"card_choices":[{"not_picked":["Conserve Battery","Turbo"],"picked":"Leap","floor":1},{"not_picked":["Hello World","Coolheaded"],"picked":"Ball Lightning","floor":2},{"not_picked":["Steam","Static Discharge"],"picked":"Go for the Eyes","floor":4},{"not_picked":["Go for the Eyes","Lockon"],"picked":"Leap","floor":5},{"not_picked":["Turbo","FTL"],"picked":"Ball Lightning","floor":8},{"not_picked":["Barrage","Tempest"],"picked":"Ball Lightning","floor":11},{"not_picked":["Heatsinks","Conserve Battery"],"picked":"Doom and Gloom","floor":13},{"not_picked":["Compile Driver","Conserve Battery","Sweeping Beam"],"picked":"SKIP","floor":14},{"not_picked":["Seek","Buffer"],"picked":"Echo Form","floor":16},{"not_picked":["Streamline","Undo"],"picked":"Conserve Battery+1","floor":18},{"not_picked":["Go for the Eyes","Conserve Battery","Barrage"],"picked":"SKIP","floor":20},{"not_picked":["Redo","Gash","Beam Cell"],"picked":"SKIP","floor":24},{"not_picked":["Melter","Aggregate"],"picked":"Coolheaded","floor":25},{"not_picked":["Rip and Tear","Stack","Hologram"],"picked":"SKIP","floor":29},{"not_picked":["Barrage","Beam Cell"],"picked":"Coolheaded+1","floor":30},{"not_picked":["Thunder Strike","Multi-Cast+1"],"picked":"Echo Form","floor":33},{"not_picked":["Redo+1","Beam Cell"],"picked":"Steam Power+1","floor":34},{"not_picked":["Go for the Eyes","Compile Driver","Barrage"],"picked":"SKIP","floor":35},{"not_picked":["Go for the Eyes","Compile Driver","Barrage"],"picked":"SKIP","floor":35},{"not_picked":["Rebound","Sweeping Beam"],"picked":"Coolheaded+1","floor":37},{"not_picked":["Stack+1","Hello World"],"picked":"Ball Lightning+1","floor":39},{"not_picked":["Go for the Eyes","Steam Power+1","Beam Cell"],"picked":"SKIP","floor":40},{"not_picked":["Streamline","Beam Cell"],"picked":"Seek+1","floor":42},{"not_picked":["Self Repair+1","Go for the Eyes","Blizzard"],"picked":"SKIP","floor":44},{"not_picked":["Beam Cell","Stack+1"],"picked":"Buffer","floor":45},{"not_picked":["Rebound","Rip and Tear+1"],"picked":"Conserve Battery+1","floor":46},{"not_picked":["Cold Snap+1","Coolheaded+1"],"picked":"White Noise+1","floor":47},{"not_picked":["Cold Snap","Blizzard","Gash+1"],"picked":"SKIP","floor":48},{"not_picked":["Streamline","Rebound"],"picked":"Amplify+1","floor":54}],"player_experience":1222080,"relics_obtained":[{"floor":8,"key":"Ornamental Fan"},{"floor":9,"key":"Meat on the Bone"},{"floor":14,"key":"Bottled Tornado"},{"floor":25,"key":"Red Mask"},{"floor":26,"key":"Kunai"},{"floor":29,"key":"Oddly Smooth Stone"},{"floor":31,"key":"Toxic Egg 2"},{"floor":40,"key":"Girya"},{"floor":45,"key":"Pen Nib"},{"floor":48,"key":"Pantograph"},{"floor":54,"key":"Strawberry"}],"event_choices":[{"damage_healed":0,"gold_gain":0,"player_choice":"Lose Max HP","damage_taken":0,"relics_obtained":["Golden Idol"],"max_hp_gain":0,"max_hp_loss":5,"event_name":"Golden Idol","floor":7,"gold_loss":0},{"damage_healed":0,"gold_gain":0,"player_choice":"Grow","damage_taken":0,"max_hp_gain":0,"max_hp_loss":0,"event_name":"Living Wall","floor":12,"gold_loss":0,"cards_upgraded":["Leap"]},{"damage_healed":0,"gold_gain":0,"player_choice":"Gave Idol","damage_taken":0,"relics_obtained":["Bloody Idol"],"max_hp_gain":0,"max_hp_loss":0,"event_name":"Forgotten Altar","floor":19,"relics_lost":["Golden Idol"],"gold_loss":0},{"damage_healed":0,"gold_gain":0,"player_choice":"Ignored","damage_taken":0,"max_hp_gain":0,"max_hp_loss":0,"event_name":"Ghosts","floor":21,"gold_loss":0},{"damage_healed":0,"gold_gain":0,"player_choice":"Fought Bandits","damage_taken":0,"max_hp_gain":0,"max_hp_loss":0,"event_name":"Masked Bandits","floor":25,"gold_loss":0},{"damage_healed":0,"gold_gain":0,"player_choice":"Copied","damage_taken":0,"max_hp_gain":0,"max_hp_loss":0,"event_name":"Duplicator","floor":27,"gold_loss":0,"cards_obtained":["Defragment"]}],"is_beta":false,"boss_relics":[{"not_picked":["Velvet Choker","Pandora\u0027s Box"],"picked":"Coffee Dripper"},{"not_picked":["Eternal Feather","Sozu"],"picked":"Tiny House"}],"items_purged_floors":[36,38],"is_endless":false,"potions_floor_spawned":[5,8,11,13,18,20,25,35,37,39,47],"killed_by":"The Heart","ascension_level":14}