{"gold_per_floor":[114,133,133,208,208,208,241,241,312,312,336,112,112,137,137,268,268,286,304,404,425,440,440,480,3,3,24,24,57,57,77,77,206,206,220,65,88,88],"floor_reached":38,"playtime":1353,"items_purged":["Strike_R","Strike_R"],"score":501,"play_id":"1cc4d76b-0c6a-485c-9f7b-290483ed750d","local_time":"20190515114702","is_ascension_mode":true,"campfire_choices":[{"data":"Combust","floor":6.0,"key":"SMITH"},{"floor":10.0,"key":"REST"},{"data":"Pommel Strike","floor":15,"key":"SMITH"},{"floor":23,"key":"REST"},{"floor":28,"key":"REST"},{"data":"Rupture","floor":32,"key":"SMITH"}],"neow_cost":"PERCENT_DAMAGE","seed_source_timestamp":438832577345205,"circlet_count":0,"master_deck":["Strike_R","Strike_R","Strike_R","Defend_R","Defend_R+1","Defend_R","Defend_R+1","Bash+1","Combust+1","Clothesline","Pommel Strike+1","Brutality","Shrug It Off","Rupture+1"],"special_seed":0,"relics":["Black Blood","Golden Idol","Bronze Scales","War Paint","Lantern","Sozu","Ancient Tea Set","WingedGreaves","Pear","Orichalcum","Vajra"],"potions_floor_usage":[16,18],"damage_taken":[{"damage":5.0,"enemies":"Cultist","floor":1.0,"turns":5.0},{"damage":12.0,"enemies":"Small Slimes","floor":2.0,"turns":4.0},{"damage":42.0,"enemies":"Lagavulin","floor":7.0,"turns":7.0},{"damage":1.0,"enemies":"2 Louse","floor":11.0,"turns":2.0},{"damage":3,"enemies":"Exordium Thugs","floor":14,"turns":4},{"damage":14,"enemies":"Slime Boss","floor":16,"turns":7},{"damage":8,"enemies":"2 Thieves","floor":18,"turns":4},{"damage":11,"enemies":"Shell Parasite","floor":19,"turns":6},{"damage":32,"enemies":"Centurion and Healer","floor":21,"turns":7},{"damage":20,"enemies":"Snake Plant","floor":22,"turns":4},{"damage":27,"enemies":"Book of Stabbing","floor":24,"turns":6},{"damage":27,"enemies":"Snecko","floor":27,"turns":5},{"damage":32,"enemies":"Slavers","floor":29,"turns":6},{"damage":25,"enemies":"Centurion and Healer","floor":31,"turns":6},{"damage":57,"enemies":"Automaton","floor":33,"turns":9},{"damage":28,"enemies":"Orb Walker","floor":35,"turns":4},{"damage":29,"enemies":"3 Darklings","floor":37,"turns":5},{"damage":77,"enemies":"2 Orb Walkers","floor":38,"turns":3}],"seed_played":"-1117418586649838808","potions_obtained":[{"floor":2.0,"key":"Energy Potion"},{"floor":7.0,"key":"PowerPotion"}],"is_trial":false,"path_per_floor":["M","M","?","?","?","R","E","?","T","R","M","$","?","M","R","B",null,"M","M","?","M","M","R","E","$","T","M","R","E","?","M","R","B",null,"M","$","M","?"],"character_chosen":"IRONCLAD","items_purchased":["Lantern","Rupture","WingedGreaves","Vajra"],"campfire_rested":3,"item_purchase_floors":[12,25,25,36],"current_hp_per_floor":[73,67,67,56,44,44,8,8,8,34,39,39,89,89,89,81,89,87,82,82,56,42,68,47,47,57,36,65,39,99,80,80,29,99,81,81,62,0],"gold":88,"neow_bonus":"TWENTY_PERCENT_HP_BONUS","is_prod":false,"is_daily":false,"chose_seed":false,"campfire_upgraded":3,"win_rate":0,"timestamp":1557913622,"path_taken":["M","M","?","?","?","R","E","?","T","R","?","?","?","?","R","BOSS","M","M","?","M","M","R","E","?","T","M","R","E","?","?","R","BOSS","M","$","M","?"],"build_version":"2019-01-23","purchased_purges":2,"victory":false,"max_hp_per_floor":[96,96,89,89,89,89,89,89,89,89,89,89,89,89,89,89,89,89,89,89,89,89,89,89,89,99,99,99,99,99,99,99,99,99,99,99,99,99],"card_choices":[{"not_picked":["Flex","Headbutt"],"picked":"Combust","floor":1.0},{"not_picked":["Clash","Body Slam"],"picked":"Clothesline","floor":2.0},{"not_picked":["Headbutt","True Grit"],"picked":"Battle Trance","floor":7.0},{"not_picked":["Pommel Strike","Wild Strike","Clothesline"],"picked":"SKIP","floor":11.0},{"not_picked":["Wild Strike","Clothesline"],"picked":"Pommel Strike","floor":11.0},{"not_picked":["Sword Boomerang","Entrench","Clash"],"picked":"SKIP","floor":14},{"not_picked":["Double Tap","Immolate"],"picked":"Brutality","floor":16},{"not_picked":["Sword Boomerang","Clash","Armaments+1"],"picked":"SKIP","floor":18},{"not_picked":["Body Slam+1","Impervious","Clash+1"],"picked":"SKIP","floor":19},{"not_picked":["Armaments","Sword Boomerang","Power Through"],"picked":"SKIP","floor":21},{"not_picked":["Dual Wield","Feel No Pain"],"picked":"Shrug It Off","floor":22},{"not_picked":["Hemokinesis","Pommel Strike+1","Metallicize"],"picked":"SKIP","floor":24},{"not_picked":["Shrug It Off","Iron Wave","Armaments"],"picked":"SKIP","floor":27},{"not_picked":["Cleave+1","Body Slam","Intimidate"],"picked":"SKIP","floor":29},{"not_picked":["Twin Strike+1","Dropkick","Fire Breathing"],"picked":"SKIP","floor":31},{"not_picked":["True Grit","Headbutt+1","Sword Boomerang+1"],"picked":"SKIP","floor":35},{"not_picked":["Armaments+1","Wild Strike+1","Iron Wave+1"],"picked":"SKIP","floor":37}],"player_experience":52979,"relics_obtained":[{"floor":7.0,"key":"War Paint"},{"floor":24,"key":"Ancient Tea Set"},{"floor":26,"key":"Pear"},{"floor":29,"key":"Orichalcum"}],"event_choices":[{"damage_healed":0.0,"max_hp_gain":0.0,"max_hp_loss":7.0,"gold_gain":0.0,"event_name":"Golden Idol","player_choice":"Lose Max HP","floor":3.0,"gold_loss":0.0,"damage_taken":0.0,"relics_obtained":["Golden Idol"]},{"damage_healed":0.0,"max_hp_gain":0.0,"max_hp_loss":0.0,"gold_gain":75.0,"event_name":"World of Goop","player_choice":"Gather Gold","floor":4.0,"gold_loss":0.0,"damage_taken":11.0},{"damage_healed":0.0,"max_hp_gain":0.0,"max_hp_loss":0.0,"gold_gain":0.0,"event_name":"Scrap Ooze","player_choice":"Success","floor":5.0,"gold_loss":0.0,"damage_taken":12.0,"relics_obtained":["Bronze Scales"]},{"damage_healed":0.0,"max_hp_gain":0.0,"max_hp_loss":0.0,"gold_gain":0.0,"event_name":"Living Wall","player_choice":"Grow","floor":8.0,"gold_loss":0.0,"damage_taken":0.0,"cards_upgraded":["Bash"]},{"damage_healed":50,"gold_gain":0,"player_choice":"Full Heal","damage_taken":0,"max_hp_gain":0,"max_hp_loss":0,"event_name":"Wheel of Change","floor":13,"gold_loss":0},{"damage_healed":0,"gold_gain":100,"player_choice":"Pray","damage_taken":0,"max_hp_gain":0,"max_hp_loss":0,"event_name":"Golden Shrine","floor":20,"gold_loss":0},{"cards_removed":["Battle Trance"],"damage_healed":60,"gold_gain":0,"player_choice":"Offered Uncommon","damage_taken":0,"max_hp_gain":0,"max_hp_loss":0,"event_name":"Bonfire Elementals","floor":30,"gold_loss":0},{"damage_healed":0,"gold_gain":0,"player_choice":"Fight","damage_taken":0,"max_hp_gain":0,"max_hp_loss":0,"event_name":"Mysterious Sphere","floor":38,"gold_loss":0}],"is_beta":false,"boss_relics":[{"not_picked":["Runic Pyramid","Runic Cube"],"picked":"Sozu"},{"not_picked":["Runic Dome","Tiny House"],"picked":"Black Blood"}],"items_purged_floors":[12,25],"is_endless":false,"potions_floor_spawned":[2,7,19,21,27,31,33],"killed_by":"2 Orb Walkers","ascension_level":3}