{"gold_per_floor":[115,115,129,145,165,165,190,190,190,190,206,206,2,2,2,107,107,117,130,130,146,146],"floor_reached":22,"playtime":662,"items_purged":[],"score":242,"play_id":"075865a8-3635-44d9-a156-ca0ca96ce7a7","local_time":"20181005012635","is_ascension_mode":true,"campfire_choices":[{"floor":6,"key":"REST"},{"floor":8,"key":"REST"},{"data":"Seeing Red","floor":10,"key":"SMITH"},{"data":"Inflame","floor":12,"key":"SMITH"},{"floor":15,"key":"REST"}],"neow_cost":"NONE","seed_source_timestamp":1479122199069209,"circlet_count":0,"master_deck":["Strike_R","Strike_R+1","Strike_R","Strike_R","Strike_R","Defend_R","Defend_R","Defend_R","Defend_R","Bash+1","Sword Boomerang","Inflame+1","Inflame","Pommel Strike","Seeing Red+1","Anger","Offering","Rage+1","Thunderclap","Thunderclap"],"relics":["Burning Blood","Vajra","Blue Candle","Unceasing Top","HandDrill","WingedGreaves","Runic Dome"],"potions_floor_usage":[21,22],"damage_taken":[{"damage":0,"enemies":"Cultist","floor":1,"turns":4},{"damage":12,"enemies":"Jaw Worm","floor":3,"turns":2},{"damage":0,"enemies":"2 Louse","floor":4,"turns":2},{"damage":12,"enemies":"Large Slime","floor":5,"turns":2},{"damage":40,"enemies":"Lagavulin","floor":7,"turns":4},{"damage":15,"enemies":"3 Louse","floor":11,"turns":3},{"damage":51,"enemies":"Hexaghost","floor":16,"turns":6},{"damage":13,"enemies":"3 Byrds","floor":18,"turns":3},{"damage":18,"enemies":"Chosen","floor":19,"turns":2},{"damage":27,"enemies":"Shelled Parasite and Fungi","floor":21,"turns":4},{"damage":13,"enemies":"Centurion and Healer","floor":22,"turns":3}],"seed_played":"388086595088483650","potions_obtained":[{"floor":1,"key":"Poison Potion"},{"floor":7,"key":"SkillPotion"},{"floor":11,"key":"EssenceOfSteel"},{"floor":16,"key":"Dexterity Potion"},{"floor":21,"key":"Explosive Potion"}],"is_trial":false,"path_per_floor":["M","?","M","M","M","R","E","R","T","R","M","R","$","?","R","B",null,"M","M","?","M"],"character_chosen":"IRONCLAD","items_purchased":["HandDrill"],"campfire_rested":3,"item_purchase_floors":[13],"current_hp_per_floor":[78,62,56,62,56,80,46,70,70,70,61,61,61,54,78,33,68,61,49,34,13,0],"gold":146,"neow_bonus":"RANDOM_COMMON_RELIC","is_prod":false,"is_daily":false,"chose_seed":false,"campfire_upgraded":2,"win_rate":0,"timestamp":1538713595,"path_taken":["M","?","M","M","M","R","E","R","T","R","M","R","$","?","R","BOSS","M","M","?","M","M"],"build_version":"2018-10-04","purchased_purges":0,"victory":false,"max_hp_per_floor":[80,80,80,80,80,80,80,80,80,80,80,80,80,80,80,80,80,80,80,85,85,85],"card_choices":[{"not_picked":["Flame Barrier","Iron Wave"],"picked":"Sword Boomerang","floor":1},{"not_picked":["Searing Blow","Clash"],"picked":"Inflame","floor":3},{"not_picked":["Clothesline","True Grit"],"picked":"Inflame","floor":4},{"not_picked":["Seeing Red","Power Through"],"picked":"Pommel Strike","floor":5},{"not_picked":["Combust","Dual Wield"],"picked":"Seeing Red","floor":7},{"not_picked":["Shrug It Off","Clothesline"],"picked":"Anger","floor":11},{"not_picked":["Exhume","Immolate"],"picked":"Offering","floor":16},{"not_picked":["Blood for Blood+1","Sentinel"],"picked":"Rage+1","floor":18},{"not_picked":["Bloodletting","Warcry"],"picked":"Thunderclap","floor":19},{"not_picked":["Sever Soul+1","Pommel Strike"],"picked":"Thunderclap","floor":21}],"player_experience":505612,"relics_obtained":[{"floor":7,"key":"Blue Candle"},{"floor":9,"key":"Unceasing Top"}],"event_choices":[{"event_name":"Shining Light","player_choice":"Entered Light","floor":2,"damage_taken":0},{"event_name":"Scrap Ooze","player_choice":"success","floor":14,"damage_taken":7},{"event_name":"Forgotten Altar","player_choice":"Shed Blood","floor":20,"damage_taken":0}],"is_beta":false,"boss_relics":[{"not_picked":["Empty Cage","White Beast Statue"],"picked":"Runic Dome"}],"items_purged_floors":[],"is_endless":false,"potions_floor_spawned":[1,7,11,16,21],"killed_by":"Centurion and Healer","ascension_level":6}