{"gold_per_floor":[111,125,300,316,39,39,53,67,93,93,113,63,63,74,74,74],"floor_reached":16,"playtime":579,"items_purged":["Doubt"],"score":166,"play_id":"90a59530-753c-40f7-83fd-7c1868b5e7f3","local_time":"20190309020727","is_ascension_mode":true,"campfire_choices":[{"data":"Feed","floor":6,"key":"SMITH"},{"data":"Rage","floor":10,"key":"SMITH"},{"data":"Intimidate","floor":13,"key":"SMITH"},{"data":"Reaper","floor":15,"key":"SMITH"}],"neow_cost":"NONE","seed_source_timestamp":1945885361913471,"circlet_count":0,"master_deck":["AscendersBane","Strike_R","Strike_R","Strike_R","Strike_R","Defend_R","Defend_R","Defend_R","Defend_R","Bash","Feed+1","Intimidate+1","Shrug It Off","Cleave","Headbutt","Rage+1","Reaper+1"],"relics":["Burning Blood","Omamori","Vajra"],"potions_floor_usage":[4,16],"damage_taken":[{"damage":7,"enemies":"Small Slimes","floor":1,"turns":6},{"damage":2,"enemies":"Jaw Worm","floor":2,"turns":3},{"damage":0,"enemies":"2 Louse","floor":4,"turns":3},{"damage":20,"enemies":"Lots of Slimes","floor":7,"turns":5},{"damage":16,"enemies":"Exordium Wildlife","floor":8,"turns":4},{"damage":5,"enemies":"3 Louse","floor":11,"turns":4},{"damage":14,"enemies":"Red Slaver","floor":14,"turns":5},{"damage":83,"enemies":"Slime Boss","floor":16,"turns":9}],"seed_played":"4790535763376750311","potions_obtained":[{"floor":1,"key":"Ancient Potion"},{"floor":2,"key":"GamblersBrew"},{"floor":7,"key":"Dexterity Potion"},{"floor":11,"key":"GamblersBrew"}],"is_trial":false,"path_per_floor":["M","M","?","M","$","R","M","M","T","R","M","?","R","M","R","B"],"character_chosen":"IRONCLAD","items_purchased":["Omamori","Headbutt"],"campfire_rested":0,"item_purchase_floors":[5,5],"current_hp_per_floor":[74,81,81,89,89,89,79,73,73,73,84,84,84,80,80,0],"gold":74,"neow_bonus":"ONE_RANDOM_RARE_CARD","is_prod":false,"is_daily":false,"chose_seed":false,"campfire_upgraded":4,"win_rate":0,"timestamp":1552108047,"path_taken":["M","M","?","M","$","R","M","M","T","R","M","?","R","M","R","BOSS"],"build_version":"2019-01-23","purchased_purges":1,"victory":false,"max_hp_per_floor":[83,86,86,89,89,89,93,97,97,97,101,101,101,105,105,105],"card_choices":[{"not_picked":["Cleave","Clash"],"picked":"Intimidate","floor":1},{"not_picked":["Second Wind","Flex"],"picked":"Shrug It Off","floor":2},{"not_picked":["Intimidate","Blood for Blood"],"picked":"Cleave","floor":4},{"not_picked":["Dual Wield","Pommel Strike"],"picked":"Rage","floor":7},{"not_picked":["Havoc","Fire Breathing"],"picked":"Reaper","floor":8},{"not_picked":["Reckless Charge","Evolve","Anger"],"picked":"SKIP","floor":11},{"not_picked":["Clothesline","Heavy Blade","Sever Soul"],"picked":"SKIP","floor":14}],"player_experience":902236,"relics_obtained":[{"floor":9,"key":"Vajra"}],"event_choices":[{"damage_healed":0,"gold_gain":175,"player_choice":"AGREE","damage_taken":0,"max_hp_gain":0,"max_hp_loss":0,"event_name":"Liars Game","floor":3,"gold_loss":0,"cards_obtained":["Doubt"]},{"cards_removed":["Strike_R"],"damage_healed":0,"gold_gain":0,"player_choice":"Card Removal","damage_taken":0,"max_hp_gain":0,"max_hp_loss":0,"event_name":"The Cleric","floor":12,"gold_loss":50}],"is_beta":false,"boss_relics":[],"items_purged_floors":[5],"is_endless":false,"potions_floor_spawned":[1,2,7,11],"killed_by":"Slime Boss","ascension_level":10}