{"gold_per_floor":[110,129,129,142,154,154,176,203,276,309,309,309,329,346,346,419,419,429,444,460,460,472,472,485,519,519,7,7,27,27,47,47,122,122,140,70,170,182,200,200,234,234,234,248,248,0,0,13,13,13],"floor_reached":51,"playtime":3119,"items_purged":["Strike_B"],"score":1440,"play_id":"f9752cda-6aaa-4087-8529-f0d427da297f","local_time":"20190326163305","is_ascension_mode":true,"campfire_choices":[{"data":"Zap","floor":6,"key":"SMITH"},{"floor":12,"key":"REST"},{"floor":15,"key":"REST"},{"data":"Dualcast","floor":23,"key":"SMITH"},{"data":"Capacitor","floor":28,"key":"SMITH"},{"floor":30,"key":"REST"},{"data":"Defragment","floor":32,"key":"SMITH"},{"data":"Blizzard","floor":40,"key":"SMITH"},{"data":"Defragment","floor":42,"key":"SMITH"},{"data":"Consume","floor":45,"key":"SMITH"},{"data":"Coolheaded","floor":47,"key":"SMITH"},{"data":"Cold Snap","floor":49,"key":"SMITH"}],"neow_cost":"NONE","seed_source_timestamp":1064443657009000,"circlet_count":0,"master_deck":["AscendersBane","Strike_B","Strike_B","Strike_B","Defend_B","Defend_B","Defend_B","Defend_B","Zap+1","Dualcast+1","Coolheaded","Rebound","Gash","Conserve Battery","Beam Cell","Coolheaded+1","FTL","Chill","Cold Snap+1","Self Repair","Cold Snap","Hologram","All For One","Cold Snap+1","Conserve Battery","Coolheaded+1","Blizzard+1","Leap","Go for the Eyes","BootSequence","Beam Cell","Defragment+1","FTL","Capacitor+1","Defragment+1","Defragment+1","Redo+1","Echo Form","Capacitor","Glacier","Cold Snap+1","Blizzard+1","Consume+1"],"relics":["Cracked Core","Prayer Wheel","Odd Mushroom","Art of War","Singing Bowl","Meat on the Bone","Pen Nib","Runic Pyramid","FossilizedHelix","The Courier","Calipers","Busted Crown","Turnip","Dream Catcher","Sundial","Red Mask"],"potions_floor_usage":[7,10,16,18,18,19,22,25,29,29,33,37,50],"damage_taken":[{"damage":6,"enemies":"Cultist","floor":1,"turns":3},{"damage":0,"enemies":"2 Louse","floor":2,"turns":4},{"damage":9,"enemies":"Small Slimes","floor":4,"turns":4},{"damage":8,"enemies":"Blue Slaver","floor":5,"turns":4},{"damage":29,"enemies":"The Mushroom Lair","floor":7,"turns":5},{"damage":15,"enemies":"3 Sentries","floor":8,"turns":7},{"damage":9,"enemies":"Gremlin Nob","floor":10,"turns":3},{"damage":3,"enemies":"Lots of Slimes","floor":13,"turns":5},{"damage":11,"enemies":"Exordium Thugs","floor":14,"turns":5},{"damage":43,"enemies":"Slime Boss","floor":16,"turns":12},{"damage":25,"enemies":"Shell Parasite","floor":18,"turns":4},{"damage":16,"enemies":"Spheric Guardian","floor":19,"turns":5},{"damage":22,"enemies":"Snake Plant","floor":20,"turns":5},{"damage":0,"enemies":"Chosen and Byrds","floor":22,"turns":5},{"damage":23,"enemies":"Snecko","floor":24,"turns":10},{"damage":14,"enemies":"Book of Stabbing","floor":25,"turns":7},{"damage":0,"enemies":"Cultist and Chosen","floor":29,"turns":7},{"damage":0,"enemies":"Centurion and Healer","floor":31,"turns":8},{"damage":0,"enemies":"Automaton","floor":33,"turns":11},{"damage":0,"enemies":"Orb Walker","floor":35,"turns":5},{"damage":0,"enemies":"Mind Bloom Boss Battle","floor":37,"turns":7},{"damage":13,"enemies":"3 Darklings","floor":38,"turns":7},{"damage":0,"enemies":"Maw","floor":39,"turns":8},{"damage":33,"enemies":"Nemesis","floor":41,"turns":13},{"damage":9,"enemies":"4 Shapes","floor":44,"turns":10},{"damage":0,"enemies":"3 Darklings","floor":48,"turns":5},{"damage":43,"enemies":"Awakened One","floor":50,"turns":14}],"seed_played":"-8283141983818365941","potions_obtained":[{"floor":2,"key":"Regen Potion"},{"floor":4,"key":"Swift Potion"},{"floor":14,"key":"AttackPotion"},{"floor":16,"key":"EntropicBrew"},{"floor":19,"key":"Dexterity Potion"},{"floor":20,"key":"Fire Potion"},{"floor":24,"key":"Energy Potion"},{"floor":25,"key":"Fruit Juice"},{"floor":31,"key":"Strength Potion"},{"floor":35,"key":"AttackPotion"},{"floor":38,"key":"SpeedPotion"},{"floor":41,"key":"FocusPotion"},{"floor":44,"key":"Energy Potion"}],"is_trial":false,"path_per_floor":["M","M","?","M","M","R","?","E","T","E","T","R","M","M","R","B",null,"M","M","M","?","M","R","M","E","T","$","R","M","R","M","R","B",null,"M","$","?","M","M","R","E","R","T","M","R","?","R","M","R","B",null],"character_chosen":"DEFECT","items_purchased":["Calipers","Capacitor","Defragment","Defragment","Glacier"],"campfire_rested":3,"item_purchase_floors":[27,27,27,27,36],"current_hp_per_floor":[65,65,65,56,48,48,33,18,18,9,9,32,41,51,75,51,73,48,51,48,48,57,57,53,51,51,51,51,65,89,93,93,93,93,95,95,95,99,101,101,77,77,77,84,84,84,84,102,102,59],"gold":13,"neow_bonus":"TEN_PERCENT_HP_BONUS","is_prod":false,"is_daily":false,"chose_seed":false,"campfire_upgraded":9,"win_rate":0,"timestamp":1553614385,"path_taken":["M","?","?","M","M","R","?","E","T","E","?","R","M","M","R","BOSS","M","?","M","?","M","R","M","E","T","$","R","M","R","M","R","BOSS","M","$","?","M","M","R","E","R","T","M","R","?","R","M","R","BOSS"],"build_version":"2019-01-23","purchased_purges":1,"victory":true,"max_hp_per_floor":[78,78,78,78,78,78,78,78,78,78,78,78,78,80,80,80,80,80,80,80,80,82,82,82,82,82,82,82,89,89,93,93,93,93,95,95,95,99,101,101,103,103,103,105,105,105,105,109,109,109],"card_choices":[{"not_picked":["Turbo","Steam Power"],"picked":"Coolheaded","floor":1},{"not_picked":["Skim","Hologram"],"picked":"Rebound","floor":2},{"not_picked":["Hello World","Rebound"],"picked":"Gash","floor":4},{"not_picked":["Undo","Barrage"],"picked":"Conserve Battery","floor":4},{"not_picked":["Barrage","Redo"],"picked":"Beam Cell","floor":5},{"not_picked":["Skim","Undo"],"picked":"Coolheaded","floor":5},{"not_picked":["Streamline","Ball Lightning"],"picked":"FTL","floor":7},{"not_picked":["Go for the Eyes","Reboot"],"picked":"Chill","floor":8},{"not_picked":["Conserve Battery","Stack"],"picked":"Cold Snap","floor":10},{"not_picked":["Double Energy","Static Discharge"],"picked":"Self Repair","floor":13},{"not_picked":["Coolheaded","Barrage"],"picked":"Cold Snap","floor":13},{"not_picked":["Skim","Undo"],"picked":"Hologram","floor":14},{"not_picked":["Steam Power","Streamline","Chaos"],"picked":"Singing Bowl","floor":14},{"not_picked":["Electrodynamics","Seek"],"picked":"All For One","floor":16},{"not_picked":["Compile Driver","Self Repair"],"picked":"Cold Snap+1","floor":18},{"not_picked":["Rip and Tear","Fusion"],"picked":"Conserve Battery","floor":18},{"not_picked":["Redo","Doom and Gloom"],"picked":"Coolheaded+1","floor":19},{"not_picked":["Multi-Cast","Storm"],"picked":"Blizzard+1","floor":19},{"not_picked":["Steam","Rebound"],"picked":"Leap","floor":20},{"not_picked":["Steam","Compile Driver"],"picked":"Go for the Eyes","floor":20},{"not_picked":["Reprogram","Cold Snap"],"picked":"BootSequence","floor":22},{"not_picked":["Compile Driver+1","Reprogram","Ball Lightning"],"picked":"Singing Bowl","floor":22},{"not_picked":["Steam","Ball Lightning"],"picked":"Beam Cell","floor":24},{"not_picked":["Ball Lightning","Multi-Cast"],"picked":"Defragment+1","floor":24},{"not_picked":["Leap","Genetic Algorithm"],"picked":"FTL","floor":25},{"not_picked":["Stack","Aggregate","Ball Lightning"],"picked":"Singing Bowl","floor":29},{"not_picked":["Rebound","Conserve Battery+1"],"picked":"Redo+1","floor":29},{"not_picked":["Stack+1","Ball Lightning","Tempest"],"picked":"Singing Bowl","floor":31},{"not_picked":["Chaos","Streamline","Leap"],"picked":"Singing Bowl","floor":31},{"not_picked":["Thunder Strike","Biased Cognition"],"picked":"Echo Form","floor":33},{"not_picked":["Stack"],"picked":"Singing Bowl","floor":35},{"not_picked":[],"picked":"Capacitor","floor":35},{"not_picked":[],"picked":"Cold Snap+1","floor":37},{"not_picked":["Darkness"],"picked":"Singing Bowl","floor":38},{"not_picked":["BootSequence+1"],"picked":"Singing Bowl","floor":38},{"not_picked":[],"picked":"Blizzard","floor":39},{"not_picked":["Blizzard"],"picked":"Singing Bowl","floor":39},{"not_picked":["Static Discharge"],"picked":"Singing Bowl","floor":41},{"not_picked":[],"picked":"Consume","floor":44},{"not_picked":["Leap"],"picked":"Singing Bowl","floor":44},{"not_picked":["White Noise"],"picked":"Singing Bowl","floor":48},{"not_picked":["Heatsinks"],"picked":"Singing Bowl","floor":48}],"player_experience":564831,"relics_obtained":[{"floor":7,"key":"Odd Mushroom"},{"floor":8,"key":"Art of War"},{"floor":9,"key":"Singing Bowl"},{"floor":10,"key":"Meat on the Bone"},{"floor":11,"key":"Pen Nib"},{"floor":25,"key":"FossilizedHelix"},{"floor":26,"key":"The Courier"},{"floor":37,"key":"Turnip"},{"floor":41,"key":"Dream Catcher"},{"floor":43,"key":"Sundial"}],"event_choices":[{"damage_healed":0,"gold_gain":0,"player_choice":"Box","damage_taken":0,"relics_obtained":["Prayer Wheel"],"max_hp_gain":0,"max_hp_loss":0,"event_name":"Big Fish","floor":3,"gold_loss":0,"cards_obtained":["Regret"]},{"damage_healed":0,"gold_gain":0,"player_choice":"Fought Mushrooms","damage_taken":0,"max_hp_gain":0,"max_hp_loss":0,"event_name":"Mushrooms","floor":7,"gold_loss":0},{"cards_removed":["Regret"],"damage_healed":0,"gold_gain":0,"player_choice":"Purged","damage_taken":0,"max_hp_gain":0,"max_hp_loss":0,"event_name":"Purifier","floor":21,"gold_loss":0},{"damage_healed":0,"gold_gain":0,"player_choice":"Fight","damage_taken":0,"max_hp_gain":0,"max_hp_loss":0,"event_name":"MindBloom","floor":37,"gold_loss":0},{"damage_healed":0,"gold_gain":0,"player_choice":"Paid","damage_taken":0,"relics_obtained":["Red Mask"],"max_hp_gain":0,"max_hp_loss":0,"event_name":"Tomb of Lord Red Mask","floor":46,"gold_loss":248}],"is_beta":false,"boss_relics":[{"not_picked":["Ectoplasm","FrozenCore"],"picked":"Runic Pyramid"},{"not_picked":["Velvet Choker","Snecko Eye"],"picked":"Busted Crown"}],"items_purged_floors":[27],"is_endless":false,"potions_floor_spawned":[2,4,5,14,16,19,20,24,25,31,35,38,41,44],"ascension_level":17}