{"gold_per_floor":[111,36,51,70,18,18,45,45,115,128,143,143,202,227,227,304,304,322,322,350,86,86,116,116,148,148,166,116,42,42,42,42,42],"floor_reached":33,"playtime":941,"items_purged":["Strike_R","Strike_R","Decay"],"score":549,"play_id":"35f95f43-4aef-401a-96c0-9f70a410ad6a","local_time":"20190510133826","is_ascension_mode":true,"campfire_choices":[{"data":"Uppercut","floor":6.0,"key":"SMITH"},{"data":"Cleave","floor":8.0,"key":"SMITH"},{"data":"Rage","floor":12.0,"key":"SMITH"},{"data":"Anger","floor":15.0,"key":"SMITH"},{"data":"Demon Form","floor":24,"key":"SMITH"},{"floor":30,"key":"REST"},{"floor":32,"key":"REST"}],"neow_cost":"NONE","seed_source_timestamp":227357320551800,"circlet_count":0,"master_deck":["AscendersBane","Strike_R","Strike_R","Strike_R","Defend_R","Defend_R","Defend_R","Defend_R","Bash","Headbutt","Uppercut+1","Cleave+1","Shrug It Off","Offering","Dropkick","Rage+1","Headbutt","Anger+1","Demon Form+1","Ghostly Armor","Dropkick"],"special_seed":0,"relics":["Burning Blood","Pen Nib","Shuriken","Shovel","Ancient Tea Set","Sozu","Nilry\u0027s Codex","Red Mask","Anchor","Smiling Mask","Dodecahedron","Self Forming Clay"],"potions_floor_usage":[20,27],"damage_taken":[{"damage":7.0,"enemies":"Cultist","floor":1.0,"turns":4.0},{"damage":16.0,"enemies":"2 Louse","floor":3.0,"turns":4.0},{"damage":7.0,"enemies":"Small Slimes","floor":4.0,"turns":3.0},{"damage":32.0,"enemies":"3 Sentries","floor":7.0,"turns":7.0},{"damage":6.0,"enemies":"3 Louse","floor":10.0,"turns":1.0},{"damage":1.0,"enemies":"2 Fungi Beasts","floor":11.0,"turns":2.0},{"damage":6.0,"enemies":"Gremlin Nob","floor":13.0,"turns":2.0},{"damage":12.0,"enemies":"Gremlin Nob","floor":14.0,"turns":3.0},{"damage":14.0,"enemies":"The Guardian","floor":16.0,"turns":7.0},{"damage":12.0,"enemies":"Spheric Guardian","floor":18.0,"turns":3.0},{"damage":14,"enemies":"Masked Bandits","floor":20,"turns":3},{"damage":9,"enemies":"Slavers","floor":23,"turns":6},{"damage":29,"enemies":"Book of Stabbing","floor":25,"turns":4},{"damage":6,"enemies":"Shell Parasite","floor":27,"turns":5},{"damage":74,"enemies":"Automaton","floor":33,"turns":6}],"seed_played":"-9018862621567776992","potions_obtained":[{"floor":10.0,"key":"SkillPotion"},{"floor":11.0,"key":"BloodPotion"},{"floor":13.0,"key":"FearPotion"}],"is_trial":false,"path_per_floor":["M","$","M","M","$","R","E","R","T","M","M","R","?","E","R","B",null,"M","?","?","$","?","E","R","E","T","M","$","$","R","$","R","B"],"character_chosen":"IRONCLAD","items_purchased":["Shrug It Off","Anchor","Dropkick"],"campfire_rested":2,"item_purchase_floors":[5,21,29],"current_hp_per_floor":[74,74,64,63,63,63,37,37,37,37,42,42,50,44,44,36,71,65,44,36,36,36,33,33,10,10,10,10,10,34,34,58,0],"gold":42,"neow_bonus":"TEN_PERCENT_HP_BONUS","is_prod":false,"is_daily":false,"chose_seed":false,"campfire_upgraded":5,"win_rate":0,"timestamp":1557488306,"path_taken":["M","?","M","M","$","R","E","R","T","M","M","R","?","E","R","BOSS","M","?","?","$","?","E","R","E","T","?","?","$","R","$","R","BOSS"],"build_version":"2019-01-23","purchased_purges":3,"victory":false,"max_hp_per_floor":[82,82,82,82,82,82,82,82,82,82,82,82,82,82,82,82,82,82,82,82,82,82,82,82,82,82,82,82,82,82,82,82,82],"card_choices":[{"not_picked":["Sword Boomerang","Heavy Blade"],"picked":"Headbutt","floor":1.0},{"not_picked":["Rupture","Pommel Strike"],"picked":"Uppercut","floor":3.0},{"not_picked":["Twin Strike","Body Slam"],"picked":"Cleave","floor":4.0},{"not_picked":["Pommel Strike","Twin Strike"],"picked":"Offering","floor":7.0},{"not_picked":["Armaments","Infernal Blade"],"picked":"Dropkick","floor":10.0},{"not_picked":["Dual Wield","Heavy Blade"],"picked":"Rage","floor":11.0},{"not_picked":["Perfected Strike","Clash"],"picked":"Headbutt","floor":13.0},{"not_picked":["Power Through","Fire Breathing"],"picked":"Anger","floor":14.0},{"not_picked":["Impervious","Bludgeon"],"picked":"Demon Form","floor":16.0},{"not_picked":["Fire Breathing","Havoc+1","Clothesline"],"picked":"SKIP","floor":18.0},{"not_picked":["Wild Strike","Cleave"],"picked":"Ghostly Armor","floor":20},{"not_picked":["Flex","Clash","Burning Pact"],"picked":"SKIP","floor":23},{"not_picked":["Intimidate","Warcry","Bludgeon"],"picked":"SKIP","floor":25},{"not_picked":["Havoc","Clothesline","Cleave"],"picked":"SKIP","floor":27}],"player_experience":671688,"relics_obtained":[{"floor":7.0,"key":"Pen Nib"},{"floor":9.0,"key":"Shuriken"},{"floor":14.0,"key":"Ancient Tea Set"},{"floor":19.0,"key":"Nilry\u0027s Codex"},{"floor":20,"key":"Red Mask"},{"floor":23,"key":"Smiling Mask"},{"floor":25,"key":"Dodecahedron"},{"floor":26,"key":"Self Forming Clay"}],"event_choices":[{"damage_healed":0.0,"max_hp_gain":0.0,"max_hp_loss":0.0,"gold_gain":30.0,"event_name":"Dead Adventurer","player_choice":"Searched \u00273\u0027 times","floor":13.0,"gold_loss":0.0,"damage_taken":0.0,"relics_obtained":["Shovel"]},{"damage_healed":0.0,"max_hp_gain":0.0,"max_hp_loss":0.0,"gold_gain":0.0,"event_name":"Cursed Tome","player_choice":"Obtained Book","floor":19.0,"gold_loss":0.0,"damage_taken":21.0},{"damage_healed":0,"gold_gain":0,"player_choice":"Fought Bandits","damage_taken":0,"max_hp_gain":0,"max_hp_loss":0,"event_name":"Masked Bandits","floor":20,"gold_loss":0},{"damage_healed":0,"gold_gain":0,"player_choice":"Cursed","damage_taken":0,"max_hp_gain":0,"max_hp_loss":0,"event_name":"Wheel of Change","floor":22,"gold_loss":0,"cards_obtained":["Decay"]}],"is_beta":false,"boss_relics":[{"not_picked":["Orrery","Fusion Hammer"],"picked":"Sozu"}],"items_purged_floors":[2,21,28],"is_endless":false,"potions_floor_spawned":[10,11,13,14,25,27],"killed_by":"Automaton","ascension_level":18}