{"gold_per_floor":[113,123,123,136,311,311,44,56,79,79,108,121,133,122,122,224,224,242,242,342,158,158,158,185,185,185,185,202,213,312,328,328,432,432,447,460,460,94,105,105,205,205,232,246,246,274,285,296,296,296],"floor_reached":51,"playtime":1905,"items_purged":["Doubt"],"score":911,"play_id":"a4859b5a-2dbf-4ca9-858f-9bee59819a33","local_time":"20190126215822","is_ascension_mode":true,"campfire_choices":[{"data":"Cloak And Dagger","floor":6,"key":"SMITH"},{"data":"Masterful Stab","floor":10,"key":"SMITH"},{"floor":15,"key":"REST"},{"data":"Apotheosis","floor":23,"key":"SMITH"},{"data":"A Thousand Cuts","floor":25,"key":"SMITH"},{"floor":32,"key":"REST"},{"floor":40,"key":"REST"},{"floor":42,"key":"REST"},{"data":"Strike_G+1","floor":45,"key":"PURGE"},{"floor":49,"key":"REST"}],"neow_cost":"NONE","seed_source_timestamp":344250455039813,"circlet_count":0,"master_deck":["Defend_G+1","Defend_G+1","Defend_G+1","Defend_G+1","Defend_G+1","Strike_G+1","Strike_G+1","Strike_G+1","Strike_G+1","Survivor","Neutralize+1","Impatience","Infinite Blades","Leg Sweep","Cloak And Dagger+1","Cloak And Dagger+1","Masterful Stab+1","A Thousand Cuts+1","PiercingWail","Caltrops","Footwork","Phantasmal Killer","Footwork","Blade Dance+1","Apotheosis+1","Backstab+1","Masterful Stab","Cloak And Dagger","Masterful Stab","A Thousand Cuts","Heel Hook+1","Dagger Spray","Infinite Blades","Accuracy+1","Backstab+1","Poisoned Stab+1","Deadly Poison+1","Flechettes+1","Distraction+1"],"relics":["Ring of the Serpent","Art of War","DollysMirror","Ancient Tea Set","Ornamental Fan","Philosopher\u0027s Stone","Ice Cream","Bottled Tornado","Paper Crane","Whetstone","Orichalcum","Dead Branch","Peace Pipe","Happy Flower","Bottled Flame"],"potions_floor_usage":[11,14,20,20,47,47,50,50],"damage_taken":[{"damage":0,"enemies":"Small Slimes","floor":1,"turns":4},{"damage":3,"enemies":"2 Louse","floor":2,"turns":3},{"damage":4,"enemies":"Cultist","floor":4,"turns":4},{"damage":0,"enemies":"Blue Slaver","floor":8,"turns":4},{"damage":17,"enemies":"Lagavulin","floor":11,"turns":8},{"damage":14,"enemies":"Large Slime","floor":12,"turns":5},{"damage":1,"enemies":"Red Slaver","floor":13,"turns":3},{"damage":0,"enemies":"Exordium Thugs","floor":14,"turns":4},{"damage":47,"enemies":"Slime Boss","floor":16,"turns":10},{"damage":15,"enemies":"Spheric Guardian","floor":18,"turns":4},{"damage":15,"enemies":"Colosseum Slavers","floor":20,"turns":6},{"damage":12,"enemies":"Colosseum Nobs","floor":20,"turns":8},{"damage":23,"enemies":"Slavers","floor":24,"turns":4},{"damage":0,"enemies":"Shell Parasite","floor":28,"turns":3},{"damage":0,"enemies":"Cultist and Chosen","floor":29,"turns":4},{"damage":0,"enemies":"Snecko","floor":31,"turns":4},{"damage":19,"enemies":"Collector","floor":33,"turns":8},{"damage":13,"enemies":"3 Shapes","floor":35,"turns":4},{"damage":4,"enemies":"Orb Walker","floor":36,"turns":3},{"damage":12,"enemies":"4 Shapes","floor":39,"turns":5},{"damage":0,"enemies":"Mind Bloom Boss Battle","floor":41,"turns":6},{"damage":0,"enemies":"3 Darklings","floor":44,"turns":2},{"damage":16,"enemies":"Reptomancer","floor":46,"turns":4},{"damage":12,"enemies":"Transient","floor":47,"turns":5},{"damage":0,"enemies":"Sphere and 2 Shapes","floor":48,"turns":4},{"damage":49,"enemies":"Awakened One","floor":50,"turns":8}],"seed_played":"-7923535142858554770","potions_obtained":[{"floor":8,"key":"Regen Potion"},{"floor":11,"key":"Regen Potion"},{"floor":12,"key":"Explosive Potion"},{"floor":18,"key":"Regen Potion"},{"floor":24,"key":"Swift Potion"},{"floor":29,"key":"FearPotion"},{"floor":33,"key":"Weak Potion"},{"floor":48,"key":"SkillPotion"}],"is_trial":false,"path_per_floor":["M","M","?","M","?","R","$","M","T","R","E","M","M","M","R","B",null,"M","?","?","$","?","R","E","R","T","?","M","M","?","M","R","B",null,"M","M","?","$","M","R","?","R","T","M","R","E","M","M","R","B",null],"character_chosen":"THE_SILENT","items_purchased":["DollysMirror","Apotheosis","Dead Branch","Infinite Blades"],"campfire_rested":5,"item_purchase_floors":[7,21,38,38],"current_hp_per_floor":[70,67,49,45,45,45,45,45,45,45,43,29,28,28,49,2,53,38,38,41,41,64,64,41,41,41,41,41,41,41,41,62,43,63,50,46,46,46,34,55,55,70,70,70,70,54,42,42,63,14],"gold":296,"neow_bonus":"RANDOM_COLORLESS","is_prod":false,"is_daily":false,"chose_seed":false,"campfire_upgraded":4,"win_rate":0,"timestamp":1548550702,"path_taken":["M","M","?","M","?","R","$","M","T","R","E","M","M","M","R","BOSS","M","?","?","$","?","R","E","R","T","?","?","M","?","M","R","BOSS","M","M","?","$","?","R","?","R","T","M","R","E","M","M","R","BOSS"],"build_version":"2019-01-23","purchased_purges":1,"victory":true,"max_hp_per_floor":[70,70,70,70,70,70,70,70,70,70,70,70,70,70,70,70,70,70,70,70,70,70,70,70,70,70,70,70,70,70,70,70,70,70,70,70,70,70,70,70,70,70,70,70,70,70,70,70,70,70],"card_choices":[{"not_picked":["PiercingWail","Dodge and Roll"],"picked":"Infinite Blades","floor":1},{"not_picked":["Backflip","Prepared"],"picked":"Leg Sweep","floor":2},{"not_picked":["Acrobatics","Leg Sweep"],"picked":"Cloak And Dagger","floor":4},{"not_picked":["Dodge and Roll","Prepared"],"picked":"Masterful Stab","floor":8},{"not_picked":["Quick Slash","Dodge and Roll"],"picked":"A Thousand Cuts","floor":11},{"not_picked":["Backflip","Heel Hook"],"picked":"PiercingWail","floor":12},{"not_picked":["Bane","Backflip"],"picked":"Caltrops","floor":13},{"not_picked":["Finisher","Catalyst"],"picked":"Footwork","floor":14},{"not_picked":["Doppelganger","Burst"],"picked":"Phantasmal Killer","floor":16},{"not_picked":["Concentrate","Blade Dance"],"picked":"Footwork","floor":18},{"not_picked":["Outmaneuver+1","Choke+1"],"picked":"Blade Dance+1","floor":20},{"not_picked":["PiercingWail","Dagger Spray"],"picked":"Backstab+1","floor":24},{"not_picked":["Dodge and Roll","Acrobatics+1"],"picked":"Masterful Stab","floor":28},{"not_picked":["Skewer+1","Poisoned Stab"],"picked":"Cloak And Dagger","floor":29},{"not_picked":["PiercingWail","Reflex"],"picked":"Masterful Stab","floor":31},{"not_picked":["Phantasmal Killer","Storm of Steel"],"picked":"A Thousand Cuts","floor":33},{"not_picked":["Quick Slash","Dodge and Roll"],"picked":"Heel Hook+1","floor":35},{"not_picked":["Flying Knee","Quick Slash+1"],"picked":"Dagger Spray","floor":36},{"not_picked":["Acrobatics","Backflip"],"picked":"Accuracy+1","floor":39},{"not_picked":["Bouncing Flask","Backflip"],"picked":"Backstab+1","floor":41},{"not_picked":["Quick Slash+1","Dagger Spray"],"picked":"Poisoned Stab+1","floor":44},{"not_picked":["Bullet Time","Blur"],"picked":"Deadly Poison+1","floor":46},{"not_picked":["Sucker Punch+1","Calculated Gamble+1"],"picked":"Flechettes+1","floor":47},{"not_picked":["Expertise","Acrobatics+1"],"picked":"Distraction+1","floor":48}],"player_experience":677621,"relics_obtained":[{"floor":9,"key":"Ancient Tea Set"},{"floor":11,"key":"Ornamental Fan"},{"floor":20,"key":"Ice Cream"},{"floor":20,"key":"Bottled Tornado"},{"floor":24,"key":"Paper Crane"},{"floor":26,"key":"Whetstone"},{"floor":27,"key":"Orichalcum"},{"floor":41,"key":"Peace Pipe"},{"floor":43,"key":"Happy Flower"},{"floor":46,"key":"Bottled Flame"}],"event_choices":[{"damage_healed":0,"gold_gain":0,"player_choice":"Success","damage_taken":18,"relics_obtained":["Art of War"],"max_hp_gain":0,"max_hp_loss":0,"event_name":"Scrap Ooze","floor":3,"gold_loss":0},{"damage_healed":0,"gold_gain":175,"player_choice":"AGREE","damage_taken":0,"max_hp_gain":0,"max_hp_loss":0,"event_name":"Liars Game","floor":5,"gold_loss":0,"cards_obtained":["Doubt"]},{"damage_healed":0,"gold_gain":0,"player_choice":"Simplicity","damage_taken":0,"max_hp_gain":0,"max_hp_loss":0,"event_name":"Back to Basics","floor":19,"gold_loss":0,"cards_upgraded":["Defend_G","Defend_G","Defend_G","Defend_G","Defend_G","Strike_G","Strike_G","Strike_G","Strike_G","Strike_G"]},{"damage_healed":0,"gold_gain":0,"player_choice":"Fight","damage_taken":0,"max_hp_gain":0,"max_hp_loss":0,"event_name":"Colosseum","floor":20,"gold_loss":0},{"damage_healed":0,"gold_gain":0,"player_choice":"Fought Nobs","damage_taken":0,"max_hp_gain":0,"max_hp_loss":0,"event_name":"Colosseum","floor":20,"gold_loss":0},{"damage_healed":23,"gold_gain":0,"player_choice":"Heal","damage_taken":0,"max_hp_gain":0,"max_hp_loss":0,"event_name":"The Library","floor":22,"gold_loss":0},{"damage_healed":0,"gold_gain":0,"player_choice":"Relic","damage_taken":0,"max_hp_gain":0,"max_hp_loss":0,"event_name":"Wheel of Change","floor":27,"gold_loss":0},{"damage_healed":0,"gold_gain":99,"player_choice":"Stole From Cult","damage_taken":0,"max_hp_gain":0,"max_hp_loss":0,"event_name":"Nest","floor":30,"gold_loss":0},{"damage_healed":0,"gold_gain":0,"player_choice":"Bought 0 Potions","damage_taken":0,"max_hp_gain":0,"max_hp_loss":0,"event_name":"The Woman in Blue","floor":37,"gold_loss":0},{"damage_healed":0,"gold_gain":0,"player_choice":"Fight","damage_taken":0,"max_hp_gain":0,"max_hp_loss":0,"event_name":"MindBloom","floor":41,"gold_loss":0}],"is_beta":false,"boss_relics":[{"not_picked":["HoveringKite","Eternal Feather"],"picked":"Philosopher\u0027s Stone"},{"not_picked":["Runic Pyramid","Pandora\u0027s Box"],"picked":"Ring of the Serpent"}],"items_purged_floors":[7],"is_endless":false,"potions_floor_spawned":[8,11,12,18,24,29,33,35,41,48],"ascension_level":5}