{"gold_per_floor":[112,123,76,76,93,428,447,447,447,447,461,494,112,130,130,259,259,283,382,74,74,74,74,117,69,144,167,212,212,225,246,246,246],"floor_reached":33,"playtime":1249,"items_purged":["Blood for Blood"],"score":448,"play_id":"4492c6de-94e3-4d0f-801d-7d59fb653aa8","local_time":"20190505143101","is_ascension_mode":true,"campfire_choices":[{"data":"Shrug It Off","floor":10.0,"key":"SMITH"},{"data":"Discovery","floor":15.0,"key":"SMITH"},{"data":"True Grit","floor":23.0,"key":"SMITH"},{"floor":29.0,"key":"REST"},{"floor":32,"key":"REST"}],"neow_cost":"NONE","seed_source_timestamp":0,"circlet_count":0,"master_deck":["Bash+1","Sword Boomerang","Pommel Strike+1","Shrug It Off+1","Double Tap","Wild Strike","Inflame","Reckless Charge","Wild Strike+1","Discovery+1","Headbutt","Immolate","Bludgeon","Feed","Burning Pact","Seeing Red","Feed","Iron Wave","True Grit+1","Cleave+1","Feel No Pain","Impervious","Flex","Rampage","Spot Weakness+1"],"special_seed":0,"relics":["Burning Blood","NeowsBlessing","Old Coin","Golden Idol","Sundial","Bottled Flame","Whetstone","Pen Nib","Pandora\u0027s Box","Ancient Tea Set","WingedGreaves","Centennial Puzzle"],"potions_floor_usage":[],"damage_taken":[{"damage":0.0,"enemies":"Small Slimes","floor":1.0,"turns":1.0},{"damage":0.0,"enemies":"Jaw Worm","floor":2.0,"turns":1.0},{"damage":0.0,"enemies":"2 Louse","floor":5.0,"turns":1.0},{"damage":13.0,"enemies":"Gremlin Nob","floor":6.0,"turns":3.0},{"damage":22.0,"enemies":"Large Slime","floor":7.0,"turns":5.0},{"damage":6.0,"enemies":"3 Louse","floor":11.0,"turns":3.0},{"damage":15.0,"enemies":"3 Sentries","floor":12.0,"turns":7.0},{"damage":2.0,"enemies":"Looter","floor":14.0,"turns":3.0},{"damage":0.0,"enemies":"Slime Boss","floor":16.0,"turns":7.0},{"damage":22.0,"enemies":"2 Thieves","floor":18.0,"turns":3.0},{"damage":47.0,"enemies":"Gremlin Leader","floor":24.0,"turns":7.0},{"damage":1.0,"enemies":"Spheric Guardian","floor":27.0,"turns":4.0},{"damage":24.0,"enemies":"Snake Plant","floor":30.0,"turns":2.0},{"damage":13,"enemies":"Centurion and Healer","floor":31,"turns":6},{"damage":60,"enemies":"Collector","floor":33,"turns":7}],"seed_played":"3708152741869390666","potions_obtained":[{"floor":1.0,"key":"AttackPotion"},{"floor":6.0,"key":"BloodPotion"},{"floor":7.0,"key":"SpeedPotion"},{"floor":14.0,"key":"EssenceOfSteel"},{"floor":16.0,"key":"Strength Potion"},{"floor":24.0,"key":"GamblersBrew"}],"is_trial":false,"path_per_floor":["M","M","$","?","M","E","M","?","T","R","M","E","$","M","R","B",null,"M","?","$","?","?","R","E","$","T","M","T","R","M","M","R","B"],"character_chosen":"IRONCLAD","items_purchased":["Shrug It Off","Whetstone","Pen Nib","Discovery","Ancient Tea Set","Feel No Pain","Flex"],"campfire_rested":2,"item_purchase_floors":[3,13,13,13,20,20,25],"current_hp_per_floor":[78,80,80,64,70,63,55,55,55,55,55,46,46,50,50,56,70,54,54,54,54,54,54,13,13,13,21,21,44,29,25,49,0],"gold":246,"neow_bonus":"THREE_ENEMY_KILL","is_prod":false,"is_daily":false,"chose_seed":false,"campfire_upgraded":3,"win_rate":0,"timestamp":1557081061,"path_taken":["M","M","$","?","M","E","M","?","T","R","M","E","$","?","R","BOSS","M","?","$","?","?","R","E","$","T","M","?","R","M","M","R","BOSS"],"build_version":"2019-01-23","purchased_purges":1,"victory":false,"max_hp_per_floor":[80,80,80,80,80,80,80,74,74,74,74,74,74,74,74,74,74,74,74,74,74,74,74,74,74,74,77,77,77,80,83,83,83],"card_choices":[{"not_picked":["Feel No Pain","Armaments"],"picked":"Sword Boomerang","floor":1.0},{"not_picked":["Twin Strike","Seeing Red"],"picked":"Pommel Strike","floor":2.0},{"not_picked":["True Grit","Iron Wave"],"picked":"Double Tap","floor":5.0},{"not_picked":["Body Slam","Combust"],"picked":"Wild Strike","floor":6.0},{"not_picked":["True Grit","Armaments"],"picked":"Inflame","floor":7.0},{"not_picked":["Havoc","Sword Boomerang"],"picked":"Reckless Charge","floor":11.0},{"not_picked":["Dual Wield","Juggernaut"],"picked":"Wild Strike","floor":12.0},{"not_picked":["Pommel Strike","Clothesline"],"picked":"Headbutt","floor":14.0},{"not_picked":["Double Tap","Brutality"],"picked":"Immolate","floor":16.0},{"not_picked":["Clothesline","Clash"],"picked":"Cleave+1","floor":18.0},{"not_picked":["Havoc","Iron Wave"],"picked":"Impervious","floor":24.0},{"not_picked":["Sword Boomerang","Iron Wave","Bloodletting"],"picked":"SKIP","floor":27.0},{"not_picked":["Entrench+1","Havoc"],"picked":"Rampage","floor":30.0},{"not_picked":["Thunderclap","Metallicize"],"picked":"Spot Weakness+1","floor":31}],"player_experience":154887,"relics_obtained":[{"floor":6.0,"key":"Old Coin"},{"floor":9.0,"key":"Sundial"},{"floor":12.0,"key":"Bottled Flame"},{"floor":24.0,"key":"WingedGreaves"},{"floor":28.0,"key":"Centennial Puzzle"}],"event_choices":[{"damage_healed":0.0,"max_hp_gain":0.0,"max_hp_loss":0.0,"gold_gain":0.0,"event_name":"Shining Light","player_choice":"Entered Light","floor":4.0,"gold_loss":0.0,"damage_taken":16.0,"cards_upgraded":["Strike_R","Pommel Strike"]},{"damage_healed":0.0,"max_hp_gain":0.0,"max_hp_loss":6.0,"gold_gain":0.0,"event_name":"Golden Idol","player_choice":"Lose Max HP","floor":8.0,"gold_loss":0.0,"damage_taken":0.0,"relics_obtained":["Golden Idol"]},{"damage_healed":0.0,"max_hp_gain":0.0,"max_hp_loss":0.0,"gold_gain":99.0,"event_name":"Nest","player_choice":"Stole From Cult","floor":19.0,"gold_loss":0.0,"damage_taken":0.0},{"damage_healed":0.0,"max_hp_gain":0.0,"max_hp_loss":0.0,"gold_gain":0.0,"event_name":"Ghosts","player_choice":"Ignored","floor":21.0,"gold_loss":0.0,"damage_taken":0.0},{"cards_removed":["Whirlwind"],"damage_healed":0.0,"max_hp_gain":0.0,"max_hp_loss":0.0,"gold_gain":0.0,"event_name":"Back to Basics","player_choice":"Elegance","floor":22.0,"gold_loss":0.0,"damage_taken":0.0}],"is_beta":false,"boss_relics":[{"not_picked":["Velvet Choker","Philosopher\u0027s Stone"],"picked":"Pandora\u0027s Box"}],"items_purged_floors":[20],"is_endless":false,"potions_floor_spawned":[1,6,7,14,16,24],"killed_by":"Collector","ascension_level":6}