{"gold_per_floor":[109,127,97,117,45,45,79,79,79,95,60,70,90,119,119,193,193,213,229,229,241,241,241],"floor_reached":23,"playtime":6763,"items_purged":[],"score":318,"play_id":"f04a87b3-7e7c-42f2-af3c-420dae71a47b","local_time":"20190410224504","is_ascension_mode":true,"campfire_choices":[{"data":"Venomology","floor":6,"key":"SMITH"},{"data":"Neutralize","floor":8,"key":"SMITH"},{"data":"Caltrops","floor":15,"key":"SMITH"}],"neow_cost":"NONE","seed_source_timestamp":810418194671099,"circlet_count":0,"master_deck":["AscendersBane","Defend_G","Defend_G","Defend_G","Defend_G","Defend_G","Strike_G","Strike_G","Strike_G","Strike_G","Strike_G","Survivor","Neutralize+1","Poisoned Stab","Venomology+1","Dodge and Roll","Deadly Poison","Poisoned Stab","Escape Plan","Caltrops+1","Die Die Die","PiercingWail","Poisoned Stab","Night Terror","Catalyst","Noxious Fumes","RitualDagger"],"relics":["Ring of the Snake","NeowsBlessing","FossilizedHelix","Torii","Odd Mushroom","Fusion Hammer"],"potions_floor_usage":[3,7,7,12,13,14,16,16,18,21,21,23,23,23],"damage_taken":[{"damage":0,"enemies":"Jaw Worm","floor":1,"turns":1},{"damage":0,"enemies":"Cultist","floor":2,"turns":1},{"damage":0,"enemies":"2 Louse","floor":4,"turns":1},{"damage":14,"enemies":"Lagavulin","floor":7,"turns":6},{"damage":6,"enemies":"2 Fungi Beasts","floor":10,"turns":4},{"damage":0,"enemies":"Blue Slaver","floor":12,"turns":3},{"damage":0,"enemies":"Exordium Wildlife","floor":13,"turns":4},{"damage":3,"enemies":"The Mushroom Lair","floor":14,"turns":4},{"damage":7,"enemies":"The Guardian","floor":16,"turns":9},{"damage":0,"enemies":"Spheric Guardian","floor":18,"turns":3},{"damage":10,"enemies":"Shell Parasite","floor":19,"turns":5},{"damage":6,"enemies":"Cultist and Chosen","floor":21,"turns":4},{"damage":51,"enemies":"Gremlin Leader","floor":23,"turns":4}],"seed_played":"6642112367145312712","potions_obtained":[{"floor":3,"key":"Fruit Juice"},{"floor":3,"key":"SneckoOil"},{"floor":4,"key":"GhostInAJar"},{"floor":12,"key":"Block Potion"},{"floor":14,"key":"PowerPotion"},{"floor":21,"key":"Regen Potion"}],"is_trial":false,"path_per_floor":["M","M","?","M","$","R","E","R","T","M","?","M","M","?","R","B",null,"M","M","?","M","?","E"],"character_chosen":"THE_SILENT","items_purchased":["Deadly Poison","Poisoned Stab"],"campfire_rested":0,"item_purchase_floors":[5,5],"current_hp_per_floor":[63,63,68,68,68,68,54,54,54,48,66,66,66,63,63,56,70,70,60,54,48,34,0],"gold":241,"neow_bonus":"THREE_ENEMY_KILL","is_prod":false,"is_daily":false,"chose_seed":false,"campfire_upgraded":3,"win_rate":0,"timestamp":1554947104,"path_taken":["M","M","?","?","$","R","E","R","T","M","?","M","M","?","R","BOSS","M","M","?","M","?","E"],"build_version":"2019-01-23","purchased_purges":0,"victory":false,"max_hp_per_floor":[70,70,75,75,75,75,75,75,75,75,75,75,75,75,75,75,75,75,75,75,75,80,80],"card_choices":[{"not_picked":["Sucker Punch","Dodge and Roll"],"picked":"Poisoned Stab","floor":1},{"not_picked":["Bane","Flying Knee"],"picked":"Venomology","floor":2},{"not_picked":["Endless Agony","Flying Knee"],"picked":"Dodge and Roll","floor":4},{"not_picked":["Riddle With Holes","Underhanded Strike"],"picked":"Escape Plan","floor":7},{"not_picked":["Cloak And Dagger","Deadly Poison"],"picked":"Caltrops","floor":10},{"not_picked":["PiercingWail","Infinite Blades"],"picked":"Die Die Die","floor":12},{"not_picked":["Prepared","Riddle With Holes"],"picked":"PiercingWail","floor":13},{"not_picked":["PiercingWail","Bane"],"picked":"Poisoned Stab","floor":14},{"not_picked":["Phantasmal Killer","Grand Finale"],"picked":"Night Terror","floor":16},{"not_picked":["Bouncing Flask","Sucker Punch"],"picked":"Catalyst","floor":18},{"not_picked":["Quick Slash","Sucker Punch"],"picked":"Noxious Fumes","floor":19},{"not_picked":["Choke","Dagger Throw+1","All Out Attack"],"picked":"SKIP","floor":21}],"player_experience":1063115,"relics_obtained":[{"floor":7,"key":"FossilizedHelix"},{"floor":9,"key":"Torii"},{"floor":14,"key":"Odd Mushroom"}],"event_choices":[{"damage_healed":0,"gold_gain":0,"player_choice":"Bought 2 Potions","damage_taken":0,"max_hp_gain":0,"max_hp_loss":0,"event_name":"The Woman in Blue","floor":3,"gold_loss":0},{"damage_healed":18,"gold_gain":0,"player_choice":"Healed","damage_taken":0,"max_hp_gain":0,"max_hp_loss":0,"event_name":"The Cleric","floor":11,"gold_loss":35},{"damage_healed":0,"gold_gain":0,"player_choice":"Fought Mushrooms","damage_taken":0,"max_hp_gain":0,"max_hp_loss":0,"event_name":"Mushrooms","floor":14,"gold_loss":0},{"damage_healed":0,"gold_gain":0,"player_choice":"Joined the Cult","damage_taken":6,"max_hp_gain":0,"max_hp_loss":0,"event_name":"Nest","floor":20,"gold_loss":0,"cards_obtained":["RitualDagger"]},{"damage_healed":0,"gold_gain":0,"player_choice":"Shed Blood","damage_taken":19,"max_hp_gain":5,"max_hp_loss":0,"event_name":"Forgotten Altar","floor":22,"gold_loss":0}],"is_beta":false,"boss_relics":[{"not_picked":["Ectoplasm","Lizard Tail"],"picked":"Fusion Hammer"}],"items_purged_floors":[],"is_endless":false,"potions_floor_spawned":[4,12,14,21],"killed_by":"Gremlin Leader","ascension_level":13}