{"gold_per_floor":[113,132,150,150,162,162,177,177,258,289,304,338,338,358,358,453,453,466,23,38,58,58,58,2,36,36,54,54,64,64,76,76,173,173,190,47,63,63,77,77,90,190,239,249,280,295,295,295,295,295],"floor_reached":51,"playtime":1965,"items_purged":["Zap"],"score":870,"play_id":"53e6ca5f-f86a-4e2a-8f0c-4e62b8cae192","local_time":"20190505212455","is_ascension_mode":true,"campfire_choices":[{"data":"Hologram","floor":6.0,"key":"SMITH"},{"data":"Leap","floor":8.0,"key":"SMITH"},{"data":"Beam Cell","floor":15,"key":"SMITH"},{"data":"Conserve Battery","floor":23,"key":"SMITH"},{"floor":32,"key":"REST"},{"data":"Genetic Algorithm","floor":40,"key":"SMITH"},{"floor":47,"key":"REST"},{"floor":49,"key":"REST"}],"neow_cost":"NONE","seed_source_timestamp":2088836051253395,"circlet_count":0,"master_deck":["Strike_B","Strike_B","Strike_B","Strike_B","Defend_B","Defend_B","Defend_B","Defend_B","Dualcast","Hyperbeam+1","Reinforced Body","Conserve Battery+1","Hologram+1","Leap+1","Echo Form","Beam Cell+1","Sweeping Beam","Core Surge","Steam","Genetic Algorithm+1","Undo","Leap","Genetic Algorithm+1","The Bomb"],"special_seed":0,"relics":["Cracked Core","Pantograph","Torii","Vajra","Velvet Choker","Ice Cream","Dream Catcher","Oddly Smooth Stone","The Courier","Sozu","Calipers","Art of War","Peace Pipe","Bag of Marbles"],"potions_floor_usage":[33,50,50],"damage_taken":[{"damage":2.0,"enemies":"Jaw Worm","floor":1.0,"turns":2.0},{"damage":0.0,"enemies":"Small Slimes","floor":2.0,"turns":2.0},{"damage":0.0,"enemies":"Cultist","floor":3.0,"turns":3.0},{"damage":0.0,"enemies":"2 Fungi Beasts","floor":5.0,"turns":3.0},{"damage":0.0,"enemies":"Lots of Slimes","floor":7.0,"turns":1.0},{"damage":3,"enemies":"Gremlin Nob","floor":10,"turns":3},{"damage":0,"enemies":"Looter","floor":11,"turns":3},{"damage":16,"enemies":"Lagavulin","floor":12,"turns":7},{"damage":1,"enemies":"Blue Slaver","floor":14,"turns":3},{"damage":16,"enemies":"The Guardian","floor":16,"turns":9},{"damage":0,"enemies":"Chosen","floor":18,"turns":4},{"damage":1,"enemies":"Spheric Guardian","floor":20,"turns":4},{"damage":0,"enemies":"Chosen and Byrds","floor":21,"turns":3},{"damage":13,"enemies":"Slavers","floor":25,"turns":3},{"damage":1,"enemies":"Snecko","floor":27,"turns":3},{"damage":15,"enemies":"Snake Plant","floor":29,"turns":8},{"damage":18,"enemies":"Shelled Parasite and Fungi","floor":31,"turns":7},{"damage":2,"enemies":"Automaton","floor":33,"turns":14},{"damage":0,"enemies":"Orb Walker","floor":35,"turns":4},{"damage":1,"enemies":"3 Shapes","floor":37,"turns":4},{"damage":22,"enemies":"Maw","floor":39,"turns":8},{"damage":1,"enemies":"3 Darklings","floor":41,"turns":4},{"damage":0,"enemies":"Mind Bloom Boss Battle","floor":42,"turns":5},{"damage":47,"enemies":"Transient","floor":44,"turns":5},{"damage":6,"enemies":"Giant Head","floor":45,"turns":10},{"damage":24,"enemies":"4 Shapes","floor":46,"turns":4},{"damage":0,"enemies":"Awakened One","floor":50,"turns":16}],"seed_played":"-4836251110984706375","potions_obtained":[{"floor":1.0,"key":"SneckoOil"},{"floor":5.0,"key":"Dexterity Potion"},{"floor":11,"key":"Regen Potion"},{"floor":12,"key":"FocusPotion"},{"floor":20,"key":"Weak Potion"},{"floor":33,"key":"EssenceOfSteel"}],"is_trial":false,"path_per_floor":["M","M","M","?","M","R","M","R","T","E","M","E","?","M","R","B",null,"M","$","M","M","?","R","?","E","T","M","$","M","?","M","R","B",null,"M","$","M","?","M","R","M","?","T","M","E","M","R","T","R","B",null],"character_chosen":"DEFECT","items_purchased":["Ice Cream","Steam","The Bomb"],"campfire_rested":3,"item_purchase_floors":[19,19,36],"current_hp_per_floor":[73,73,73,73,73,73,73,73,73,70,70,54,59,58,58,64,80,80,80,79,79,64,64,64,51,51,50,50,35,27,9,34,57,85,85,85,84,81,59,59,58,81,81,34,28,4,28,28,52,77],"gold":295,"neow_bonus":"ONE_RANDOM_RARE_CARD","is_prod":false,"is_daily":false,"chose_seed":true,"campfire_upgraded":5,"win_rate":0,"timestamp":1557105895,"path_taken":["M","M","M","?","M","R","M","R","T","E","M","E","?","M","R","BOSS","M","$","M","M","?","R","?","E","T","?","$","M","?","M","R","BOSS","M","$","?","?","M","R","M","?","T","M","E","M","R","?","R","BOSS"],"build_version":"2019-01-23","purchased_purges":1,"victory":true,"max_hp_per_floor":[75,75,75,75,75,75,75,75,75,75,75,75,80,80,80,80,80,80,80,80,80,85,85,85,85,85,85,85,85,85,85,85,85,85,85,85,85,81,81,81,81,81,81,81,81,81,81,81,81,81],"card_choices":[{"not_picked":["Double Energy","Cold Snap"],"picked":"Reinforced Body","floor":1.0},{"not_picked":["Cold Snap","Skim"],"picked":"Conserve Battery","floor":2.0},{"not_picked":["Blizzard","Reboot","Aggregate"],"picked":"SKIP","floor":3.0},{"not_picked":["Steam Power","Cold Snap"],"picked":"Hologram","floor":5.0},{"not_picked":["Stack","Gash"],"picked":"Leap","floor":7.0},{"not_picked":["Heatsinks","Ball Lightning"],"picked":"Echo Form","floor":10},{"not_picked":["Ball Lightning","Streamline"],"picked":"Beam Cell","floor":11},{"not_picked":["Compile Driver","White Noise","FTL"],"picked":"SKIP","floor":12},{"not_picked":["Loop","Compile Driver"],"picked":"Sweeping Beam","floor":14},{"not_picked":["Amplify","Meteor Strike"],"picked":"Core Surge","floor":16},{"not_picked":["Heatsinks","Chaos+1","Sunder"],"picked":"SKIP","floor":18},{"not_picked":["Chaos","Beam Cell","Rebound"],"picked":"SKIP","floor":20},{"not_picked":["Chaos","Beam Cell","Rebound"],"picked":"SKIP","floor":20},{"not_picked":["Darkness","Heatsinks","Scrape"],"picked":"SKIP","floor":21},{"not_picked":["Rip and Tear+1","Barrage"],"picked":"Genetic Algorithm","floor":25},{"not_picked":["Rip and Tear","Steam+1"],"picked":"Undo","floor":27},{"not_picked":["Blizzard","Coolheaded","Storm+1"],"picked":"SKIP","floor":29},{"not_picked":["Hello World","Sweeping Beam+1"],"picked":"Leap","floor":31},{"not_picked":["Steam Power","Barrage"],"picked":"Genetic Algorithm+1","floor":32},{"not_picked":["Streamline","Melter","Turbo"],"picked":"SKIP","floor":35},{"not_picked":["Force Field","Lockon+1","Hologram+1"],"picked":"SKIP","floor":37},{"not_picked":["Auto Shields","FTL","Self Repair+1"],"picked":"SKIP","floor":39},{"not_picked":["Go for the Eyes+1","Turbo","Chill"],"picked":"SKIP","floor":41},{"not_picked":["Compile Driver","Steam","Barrage"],"picked":"SKIP","floor":44},{"not_picked":["Gash","Sunder+1","Hello World+1"],"picked":"SKIP","floor":45},{"not_picked":["Beam Cell","Static Discharge","Storm"],"picked":"SKIP","floor":46}],"player_experience":958952,"relics_obtained":[{"floor":9.0,"key":"Pantograph"},{"floor":10,"key":"Torii"},{"floor":12,"key":"Vajra"},{"floor":25,"key":"Oddly Smooth Stone"},{"floor":26,"key":"The Courier"},{"floor":42,"key":"Calipers"},{"floor":43,"key":"Art of War"},{"floor":45,"key":"Peace Pipe"},{"floor":48,"key":"Bag of Marbles"}],"event_choices":[{"damage_healed":0.0,"max_hp_gain":0.0,"max_hp_loss":0.0,"gold_gain":0.0,"event_name":"Living Wall","player_choice":"Grow","floor":4.0,"gold_loss":0.0,"damage_taken":0.0,"cards_upgraded":["Hyperbeam"]},{"damage_healed":0,"gold_gain":0,"player_choice":"Donut","damage_taken":0,"max_hp_gain":5,"max_hp_loss":0,"event_name":"Big Fish","floor":13,"gold_loss":0},{"damage_healed":0,"gold_gain":0,"player_choice":"Shed Blood","damage_taken":20,"max_hp_gain":5,"max_hp_loss":0,"event_name":"Forgotten Altar","floor":22,"gold_loss":0},{"damage_healed":0,"gold_gain":0,"player_choice":"Paid Gold","damage_taken":0,"relics_obtained":["Dream Catcher"],"max_hp_gain":0,"max_hp_loss":0,"event_name":"WeMeetAgain","floor":24,"gold_loss":56},{"damage_healed":0,"gold_gain":0,"player_choice":"Damaged","damage_taken":8,"max_hp_gain":0,"max_hp_loss":0,"event_name":"Wheel of Change","floor":30,"gold_loss":0},{"damage_healed":0,"gold_gain":0,"player_choice":"Max HP","damage_taken":0,"max_hp_gain":0,"max_hp_loss":4,"event_name":"Winding Halls","floor":38,"gold_loss":0},{"damage_healed":0,"gold_gain":0,"player_choice":"Fight","damage_taken":0,"max_hp_gain":0,"max_hp_loss":0,"event_name":"MindBloom","floor":42,"gold_loss":0}],"is_beta":false,"boss_relics":[{"not_picked":["Coffee Dripper","Pandora\u0027s Box"],"picked":"Velvet Choker"},{"not_picked":["Calling Bell","Black Star"],"picked":"Sozu"}],"items_purged_floors":[19],"is_endless":false,"potions_floor_spawned":[1,5,11,12,14,16,18,20,29,33,39,45,46],"ascension_level":3}