{"gold_per_floor":[112,37,37,50,69,69,87,87,87,104,123,152,152,227,227,227],"floor_reached":16,"playtime":758,"items_purged":["Normality"],"score":183,"play_id":"a0bd14b5-ad1e-48a8-b100-68f12c828542","local_time":"20190224000226","is_ascension_mode":true,"campfire_choices":[{"data":"Deadly Poison","floor":6,"key":"SMITH"},{"data":"Neutralize","floor":8,"key":"SMITH"},{"data":"Wraith Form v2","floor":13,"key":"SMITH"},{"floor":15,"key":"REST"}],"neow_cost":"CURSE","seed_source_timestamp":814921941662287,"circlet_count":0,"master_deck":["AscendersBane","Defend_G","Defend_G","Defend_G","Defend_G","Defend_G","Strike_G","Strike_G","Strike_G","Strike_G","Strike_G","Survivor","Neutralize+1","Backflip","Deadly Poison+1","Escape Plan","Quick Slash","Wraith Form v2+1"],"relics":["Ring of the Snake","Snake Skull","Dodecahedron"],"potions_floor_usage":[3,12,16],"damage_taken":[{"damage":9,"enemies":"Small Slimes","floor":1,"turns":5},{"damage":2,"enemies":"Cultist","floor":4,"turns":4},{"damage":0,"enemies":"2 Louse","floor":5,"turns":3},{"damage":1,"enemies":"Looter","floor":7,"turns":4},{"damage":11,"enemies":"Large Slime","floor":10,"turns":6},{"damage":3,"enemies":"3 Louse","floor":11,"turns":4},{"damage":19,"enemies":"3 Sentries","floor":12,"turns":7},{"damage":58,"enemies":"Hexaghost","floor":16,"turns":15}],"seed_played":"-6573715140960630263","potions_obtained":[{"floor":3,"key":"Fruit Juice"},{"floor":3,"key":"SteroidPotion"},{"floor":3,"key":"Block Potion"},{"floor":4,"key":"PowerPotion"}],"is_trial":false,"path_per_floor":["M","$","?","M","M","R","M","R","T","M","M","E","R","?","R","B"],"character_chosen":"THE_SILENT","items_purchased":[],"campfire_rested":1,"item_purchase_floors":[],"current_hp_per_floor":[68,68,73,71,71,71,70,70,70,59,56,37,37,26,52,0],"gold":227,"neow_bonus":"TWENTY_PERCENT_HP_BONUS","is_prod":false,"is_daily":false,"chose_seed":false,"campfire_upgraded":3,"win_rate":0,"timestamp":1550977346,"path_taken":["M","$","?","?","M","R","M","R","T","M","?","E","R","?","R","BOSS"],"build_version":"2019-01-23","purchased_purges":1,"victory":false,"max_hp_per_floor":[84,84,89,89,89,89,89,89,89,89,89,89,89,89,89,89],"card_choices":[{"not_picked":["Dagger Throw","Sucker Punch"],"picked":"Backflip","floor":1},{"not_picked":["Underhanded Strike","Bane"],"picked":"Deadly Poison","floor":4},{"not_picked":["PiercingWail","Outmaneuver"],"picked":"Escape Plan","floor":5},{"not_picked":["Dagger Throw","Endless Agony"],"picked":"Quick Slash","floor":7},{"not_picked":["Expertise","Underhanded Strike","Sucker Punch"],"picked":"SKIP","floor":10},{"not_picked":["Flying Knee","Dodge and Roll","Acrobatics"],"picked":"SKIP","floor":11},{"not_picked":["Terror","Sucker Punch"],"picked":"Wraith Form v2","floor":12}],"player_experience":840939,"relics_obtained":[{"floor":9,"key":"Snake Skull"},{"floor":12,"key":"Dodecahedron"}],"event_choices":[{"damage_healed":0,"gold_gain":0,"player_choice":"Got Potions","damage_taken":0,"max_hp_gain":0,"max_hp_loss":0,"event_name":"Lab","floor":3,"gold_loss":0},{"damage_healed":0,"gold_gain":75,"player_choice":"Gather Gold","damage_taken":11,"max_hp_gain":0,"max_hp_loss":0,"event_name":"World of Goop","floor":14,"gold_loss":0}],"is_beta":false,"boss_relics":[],"items_purged_floors":[2],"is_endless":false,"potions_floor_spawned":[4,7],"killed_by":"Hexaghost","ascension_level":11}