{"gold_per_floor":[110,110,127,202,53,53,83,83,83,83,97,67,122,140,140,236,236,246,246,0,11,11,23,23,37,37,52,52,52,52,84,84,180,180,192,192,13,27,44,44,17,32,32,32,63,63,163,173,173,173],"floor_reached":51,"playtime":2007,"items_purged":["Defend_B","Strike_B+1"],"score":753,"play_id":"96ab82f6-7fb3-469c-8e23-902a451a0b57","local_time":"20190318121600","is_ascension_mode":false,"campfire_choices":[{"data":"Sweeping Beam","floor":6,"key":"SMITH"},{"data":"Gash","floor":8,"key":"SMITH"},{"data":"Melter","floor":15,"key":"SMITH"},{"data":"Redo","floor":24,"key":"SMITH"},{"floor":28,"key":"REST"},{"floor":32,"key":"REST"},{"floor":46,"key":"REST"},{"floor":49,"key":"REST"}],"neow_cost":"NONE","seed_source_timestamp":162915565700306,"circlet_count":0,"master_deck":["Strike_B+1","Strike_B+1","Strike_B+1","Defend_B+1","Defend_B+1","Defend_B+1","Zap+1","Dualcast","Gash+1","Leap+1","Sweeping Beam+1","Leap","Conserve Battery+1","Redo+1","Melter+1","Rebound","Leap+1","Steam+1","White Noise+1","Darkness+1","Compile Driver","Electrodynamics","Compile Driver+1","Madness+1","Madness+1","Amplify+1","Steam Power+1","Cold Snap","Loop","Rainbow+1","Barrage+1","Conserve Battery+1","Creative AI"],"relics":["Cracked Core","Symbiotic Virus","Mummified Hand","Tiny Chest","Inserter","Toxic Egg 2","Calipers","Centennial Puzzle","War Paint","Fusion Hammer","Meat on the Bone","Dream Catcher","Turnip"],"potions_floor_usage":[13,16,16,18,27,31,33,39,50,50,50],"damage_taken":[{"damage":0,"enemies":"Jaw Worm","floor":1,"turns":4},{"damage":0,"enemies":"2 Louse","floor":3,"turns":2},{"damage":12,"enemies":"3 Sentries","floor":7,"turns":7},{"damage":0,"enemies":"Small Slimes","floor":11,"turns":1},{"damage":10,"enemies":"Lagavulin","floor":13,"turns":7},{"damage":8,"enemies":"Red Slaver","floor":14,"turns":3},{"damage":30,"enemies":"The Guardian","floor":16,"turns":11},{"damage":14,"enemies":"Shell Parasite","floor":18,"turns":6},{"damage":21,"enemies":"2 Thieves","floor":21,"turns":3},{"damage":5,"enemies":"Snecko","floor":23,"turns":6},{"damage":22,"enemies":"Cultist and Chosen","floor":25,"turns":5},{"damage":0,"enemies":"Chosen and Byrds","floor":27,"turns":6},{"damage":38,"enemies":"Slavers","floor":31,"turns":5},{"damage":44,"enemies":"Automaton","floor":33,"turns":9},{"damage":0,"enemies":"3 Shapes","floor":35,"turns":3},{"damage":6,"enemies":"Orb Walker","floor":38,"turns":4},{"damage":17,"enemies":"Maw","floor":39,"turns":9},{"damage":0,"enemies":"Sphere and 2 Shapes","floor":42,"turns":4},{"damage":7,"enemies":"Nemesis","floor":45,"turns":7},{"damage":31,"enemies":"Mind Bloom Boss Battle","floor":47,"turns":5},{"damage":0,"enemies":"4 Shapes","floor":48,"turns":4},{"damage":48,"enemies":"Time Eater","floor":50,"turns":7}],"seed_played":"-6939884801662901825","potions_obtained":[{"floor":1,"key":"AttackPotion"},{"floor":3,"key":"FocusPotion"},{"floor":12,"key":"PowerPotion"},{"floor":12,"key":"Strength Potion"},{"floor":13,"key":"GamblersBrew"},{"floor":25,"key":"Ancient Potion"},{"floor":27,"key":"Regen Potion"},{"floor":31,"key":"Explosive Potion"},{"floor":38,"key":"Block Potion"},{"floor":39,"key":"EssenceOfSteel"},{"floor":42,"key":"Strength Potion"},{"floor":47,"key":"Dexterity Potion"}],"is_trial":false,"path_per_floor":["M","?","M","?","$","R","E","R","T","?","M","?","E","M","R","B",null,"M","?","$","M","T","M","R","M","T","M","R","?","$","E","R","B",null,"M","?","$","M","M","?","$","M","T","?","E","R","?","M","R","B",null],"character_chosen":"DEFECT","items_purchased":["Sweeping Beam","Leap","Toxic Egg 2","Capacitor","Cold Snap"],"campfire_rested":4,"item_purchase_floors":[5,5,20,37,41],"current_hp_per_floor":[75,75,75,64,64,64,52,52,52,57,57,57,47,39,39,9,80,66,90,90,69,69,64,64,42,42,42,69,69,69,45,72,28,90,90,79,79,73,56,56,56,56,56,56,49,76,57,57,84,48],"gold":173,"neow_bonus":"UPGRADE_CARD","is_prod":false,"is_daily":false,"chose_seed":false,"campfire_upgraded":4,"win_rate":0,"timestamp":1552911360,"path_taken":["M","?","M","?","$","R","E","R","T","?","?","?","E","?","R","BOSS","M","?","$","?","?","M","R","M","T","M","R","?","?","E","R","BOSS","M","?","$","M","M","?","?","M","T","?","E","R","?","M","R","BOSS"],"build_version":"2019-03-15","purchased_purges":2,"victory":true,"max_hp_per_floor":[75,75,75,75,75,75,75,75,75,80,80,80,80,80,80,80,80,80,90,90,90,90,90,90,90,90,90,90,90,90,90,90,90,90,90,90,90,90,90,90,90,90,90,90,90,90,90,90,90,90],"card_choices":[{"not_picked":["Chaos","Hologram"],"picked":"Gash","floor":1},{"not_picked":["Go for the Eyes","Self Repair"],"picked":"Leap","floor":3},{"not_picked":["Steam Power","Aggregate"],"picked":"Conserve Battery","floor":7},{"not_picked":["Genetic Algorithm","Beam Cell"],"picked":"Redo","floor":11},{"not_picked":["Amplify","Leap"],"picked":"Melter","floor":13},{"not_picked":["Sweeping Beam","Leap"],"picked":"Rebound","floor":14},{"not_picked":["Buffer","Meteor Strike"],"picked":"Rainbow","floor":16},{"not_picked":["Stack","Go for the Eyes","Steam"],"picked":"SKIP","floor":18},{"not_picked":["Streamline","Capacitor"],"picked":"Leap+1","floor":21},{"not_picked":["Double Energy+1","Blizzard"],"picked":"Steam+1","floor":23},{"not_picked":["Conserve Battery+1","Go for the Eyes"],"picked":"White Noise+1","floor":25},{"not_picked":["Stack+1","Turbo+1"],"picked":"Darkness+1","floor":27},{"not_picked":["Meteor Strike","Conserve Battery+1"],"picked":"Compile Driver","floor":31},{"not_picked":["Thunder Strike","Multi-Cast+1"],"picked":"Electrodynamics","floor":33},{"not_picked":["Conserve Battery+1","Redo+1"],"picked":"Compile Driver+1","floor":35},{"not_picked":["Sweeping Beam+1","Auto Shields+1"],"picked":"Amplify+1","floor":38},{"not_picked":["Leap+1","Beam Cell+1"],"picked":"Steam Power+1","floor":39},{"not_picked":["Capacitor+1","BootSequence+1"],"picked":"Loop","floor":42},{"not_picked":["Reprogram+1","Sweeping Beam"],"picked":"Rainbow+1","floor":45},{"not_picked":["Conserve Battery+1","Gash+1"],"picked":"Barrage+1","floor":46},{"not_picked":["Leap+1","Cold Snap+1"],"picked":"Conserve Battery+1","floor":48},{"not_picked":["Rebound","Beam Cell+1"],"picked":"Creative AI","floor":49}],"player_experience":1100054,"relics_obtained":[{"floor":7,"key":"Symbiotic Virus"},{"floor":9,"key":"Mummified Hand"},{"floor":13,"key":"Tiny Chest"},{"floor":22,"key":"Calipers"},{"floor":26,"key":"Centennial Puzzle"},{"floor":31,"key":"War Paint"},{"floor":43,"key":"Meat on the Bone"},{"floor":45,"key":"Dream Catcher"},{"floor":47,"key":"Turnip"}],"event_choices":[{"damage_healed":0,"gold_gain":0,"player_choice":"Ignored","damage_taken":0,"max_hp_gain":0,"max_hp_loss":0,"event_name":"Liars Game","floor":2,"gold_loss":0},{"damage_healed":0,"gold_gain":75,"player_choice":"Gather Gold","damage_taken":11,"max_hp_gain":0,"max_hp_loss":0,"event_name":"World of Goop","floor":4,"gold_loss":0},{"damage_healed":0,"gold_gain":0,"player_choice":"Donut","damage_taken":0,"max_hp_gain":5,"max_hp_loss":0,"event_name":"Big Fish","floor":10,"gold_loss":0},{"damage_healed":0,"gold_gain":0,"player_choice":"Bought 2 Potions","damage_taken":0,"max_hp_gain":0,"max_hp_loss":0,"event_name":"The Woman in Blue","floor":12,"gold_loss":0},{"cards_removed":["Rainbow"],"damage_healed":14,"gold_gain":0,"player_choice":"Offered Rare","damage_taken":0,"max_hp_gain":10,"max_hp_loss":0,"event_name":"Bonfire Elementals","floor":19,"gold_loss":0},{"damage_healed":0,"gold_gain":0,"player_choice":"Simplicity","damage_taken":0,"max_hp_gain":0,"max_hp_loss":0,"event_name":"Back to Basics","floor":29,"gold_loss":0,"cards_upgraded":["Strike_B","Strike_B","Strike_B","Strike_B","Defend_B","Defend_B","Defend_B"]},{"damage_healed":0,"gold_gain":0,"player_choice":"Embrace Madness","damage_taken":11,"max_hp_gain":0,"max_hp_loss":0,"event_name":"Winding Halls","floor":36,"gold_loss":0,"cards_obtained":["Madness","Madness"]},{"damage_healed":0,"gold_gain":0,"player_choice":"Ignored","damage_taken":0,"max_hp_gain":0,"max_hp_loss":0,"event_name":"Mysterious Sphere","floor":40,"gold_loss":0},{"cards_removed":["Capacitor"],"damage_healed":0,"gold_gain":0,"player_choice":"Removed Power","damage_taken":0,"max_hp_gain":0,"max_hp_loss":0,"event_name":"Falling","floor":44,"gold_loss":0},{"damage_healed":0,"gold_gain":0,"player_choice":"Fight","damage_taken":0,"max_hp_gain":0,"max_hp_loss":0,"event_name":"MindBloom","floor":47,"gold_loss":0}],"is_beta":true,"boss_relics":[{"not_picked":["Astrolabe","Empty Cage"],"picked":"Inserter"},{"not_picked":["Cursed Key","Runic Dome"],"picked":"Fusion Hammer"}],"items_purged_floors":[5,37],"is_endless":false,"potions_floor_spawned":[1,3,13,25,27,31,38,39,42,47],"ascension_level":0}