{"gold_per_floor":[119,44,44,44,69,100,119,119,119,153,153,184,184,199,199,199],"floor_reached":16,"playtime":4077,"items_purged":["Strike_B"],"score":222,"play_id":"078ae707-58fd-4050-aca3-3fd4a8b46e11","local_time":"20190313232743","is_ascension_mode":true,"campfire_choices":[{"data":"Defragment","floor":8,"key":"SMITH"},{"floor":11,"key":"REST"},{"data":"Chill","floor":13,"key":"SMITH"},{"data":"Zap","floor":15,"key":"SMITH"}],"neow_cost":"NONE","seed_source_timestamp":75546043042818,"circlet_count":0,"master_deck":["AscendersBane","Strike_B","Strike_B","Defend_B","Defend_B","Defend_B","Defend_B","Zap+1","Dualcast","Chill+1","Melter","Amplify","Defragment+1","Conserve Battery","Self Repair+1"],"relics":["Cracked Core","NeowsBlessing","Golden Idol","Nunchaku","Frozen Egg 2","Sundial","Question Card"],"potions_floor_usage":[10,16,16],"damage_taken":[{"damage":0,"enemies":"Small Slimes","floor":1,"turns":1},{"damage":0,"enemies":"Cultist","floor":5,"turns":1},{"damage":0,"enemies":"Gremlin Nob","floor":6,"turns":1},{"damage":0,"enemies":"2 Louse","floor":7,"turns":2},{"damage":35,"enemies":"Lagavulin","floor":10,"turns":7},{"damage":12,"enemies":"3 Sentries","floor":12,"turns":11},{"damage":0,"enemies":"Exordium Wildlife","floor":14,"turns":4},{"damage":35,"enemies":"Slime Boss","floor":16,"turns":9}],"seed_played":"8043041466814072129","potions_obtained":[{"floor":6,"key":"SpeedPotion"},{"floor":10,"key":"Weak Potion"},{"floor":12,"key":"Ancient Potion"},{"floor":14,"key":"AttackPotion"}],"is_trial":false,"path_per_floor":["M","$","?","?","M","E","M","R","T","E","R","E","R","M","R","B"],"character_chosen":"DEFECT","items_purchased":[],"campfire_rested":1,"item_purchase_floors":[],"current_hp_per_floor":[68,68,61,61,61,61,61,61,61,26,46,34,34,34,34,0],"gold":199,"neow_bonus":"THREE_ENEMY_KILL","is_prod":false,"is_daily":false,"chose_seed":false,"campfire_upgraded":3,"win_rate":0,"timestamp":1552530463,"path_taken":["M","$","?","?","M","E","M","R","T","E","R","E","R","M","R","BOSS"],"build_version":"2019-01-23","purchased_purges":1,"victory":false,"max_hp_per_floor":[75,75,75,69,69,69,69,69,69,69,69,69,69,69,69,69],"card_choices":[{"not_picked":["Leap","Barrage"],"picked":"Chill","floor":1},{"not_picked":["Recycle","Steam"],"picked":"Melter","floor":5},{"not_picked":["Chaos","Compile Driver"],"picked":"Amplify","floor":6},{"not_picked":["Darkness","Redo"],"picked":"Defragment","floor":7},{"not_picked":["Steam","Undo","Barrage"],"picked":"SKIP","floor":10},{"not_picked":["Rebound","Hyperbeam"],"picked":"Conserve Battery","floor":12},{"not_picked":["Barrage","Coolheaded","Stack"],"picked":"Self Repair+1","floor":14}],"player_experience":926475,"relics_obtained":[{"floor":6,"key":"Nunchaku"},{"floor":9,"key":"Frozen Egg 2"},{"floor":10,"key":"Sundial"},{"floor":12,"key":"Question Card"}],"event_choices":[{"cards_removed":["Strike_B"],"damage_healed":0,"gold_gain":0,"player_choice":"Card Removal","damage_taken":7,"max_hp_gain":0,"max_hp_loss":0,"event_name":"Golden Wing","floor":3,"gold_loss":0},{"damage_healed":0,"gold_gain":0,"player_choice":"Lose Max HP","damage_taken":0,"relics_obtained":["Golden Idol"],"max_hp_gain":0,"max_hp_loss":6,"event_name":"Golden Idol","floor":4,"gold_loss":0}],"is_beta":false,"boss_relics":[],"items_purged_floors":[2],"is_endless":false,"potions_floor_spawned":[6,10,12,14],"killed_by":"Slime Boss","ascension_level":11}