{"gold_per_floor":[115,65,140,160,160,160,176,209,209,226,251,251,284,299,299,401,401,420,9,9,21,40,40,40,71,139,165,176,176,2,31,31,130,130,148,148,160,173,48,73,73,73,121,137,168,179,210,225,225,225,225,225,27,60,60],"floor_reached":56,"playtime":2867,"items_purged":["Strike_G","Strike_G","Strike_G"],"score":1731,"play_id":"3324f156-6917-4b6c-9d5c-c134c721b910","local_time":"20190515141439","is_ascension_mode":true,"campfire_choices":[{"data":"Poisoned Stab","floor":6,"key":"SMITH"},{"data":"Noxious Fumes","floor":12,"key":"SMITH"},{"data":"Backflip","floor":15,"key":"SMITH"},{"data":"Crippling Poison","floor":23,"key":"SMITH"},{"data":"Footwork","floor":29,"key":"SMITH"},{"data":"Catalyst","floor":32,"key":"SMITH"},{"floor":49,"key":"RECALL"},{"data":"Burst","floor":52,"key":"SMITH"}],"neow_cost":"NONE","seed_source_timestamp":6633104736268,"circlet_count":0,"master_deck":["Defend_G","Defend_G","Defend_G","Defend_G","Strike_G","Strike_G","Survivor+1","Neutralize","Poisoned Stab+1","Crippling Poison+1","Noxious Fumes+1","Backflip+1","Escape Plan","PiercingWail+1","Glass Knife+1","Crippling Poison+1","Footwork+1","Backflip","Footwork","Crippling Poison+1","Well Laid Plans","Catalyst+1","Acrobatics+1","Deflect+1","Calculated Gamble+1","Crippling Poison","Deadly Poison+1","Leg Sweep+1","Burst+1","PiercingWail"],"relics":["Black Star","Happy Flower","Pen Nib","Paper Crane","Molten Egg 2","Bag of Preparation","Calipers","Meat on the Bone","Velvet Choker","Thread and Needle","Ninja Scroll","War Paint","Bottled Tornado","Bottled Lightning","Unceasing Top","Lantern","Strawberry","Snake Skull","Mummified Hand","Orichalcum","Ancient Tea Set","StoneCalendar","Oddly Smooth Stone","Nunchaku","Bronze Scales","Sundial","Shuriken"],"potions_floor_usage":[13,55,55,55],"damage_taken":[{"damage":5,"enemies":"Small Slimes","floor":1,"turns":6},{"damage":0,"enemies":"2 Louse","floor":4,"turns":3},{"damage":0,"enemies":"Cultist","floor":7,"turns":3},{"damage":15,"enemies":"Gremlin Nob","floor":8,"turns":4},{"damage":0,"enemies":"Red Slaver","floor":10,"turns":3},{"damage":5,"enemies":"3 Sentries","floor":11,"turns":5},{"damage":5,"enemies":"Lagavulin","floor":13,"turns":4},{"damage":0,"enemies":"2 Fungi Beasts","floor":14,"turns":3},{"damage":0,"enemies":"The Guardian","floor":16,"turns":9},{"damage":0,"enemies":"2 Thieves","floor":18,"turns":3},{"damage":3,"enemies":"3 Byrds","floor":21,"turns":4},{"damage":0,"enemies":"Snecko","floor":22,"turns":4},{"damage":1,"enemies":"Book of Stabbing","floor":25,"turns":7},{"damage":0,"enemies":"Gremlin Leader","floor":27,"turns":6},{"damage":0,"enemies":"Snake Plant","floor":28,"turns":3},{"damage":0,"enemies":"Slavers","floor":31,"turns":4},{"damage":0,"enemies":"Champ","floor":33,"turns":6},{"damage":0,"enemies":"Orb Walker","floor":35,"turns":3},{"damage":0,"enemies":"3 Shapes","floor":37,"turns":3},{"damage":0,"enemies":"Writhing Mass","floor":38,"turns":5},{"damage":4,"enemies":"Nemesis","floor":40,"turns":5},{"damage":0,"enemies":"4 Shapes","floor":44,"turns":2},{"damage":4,"enemies":"Reptomancer","floor":45,"turns":4},{"damage":0,"enemies":"Transient","floor":46,"turns":5},{"damage":0,"enemies":"Nemesis","floor":47,"turns":5},{"damage":0,"enemies":"3 Darklings","floor":48,"turns":4},{"damage":0,"enemies":"Awakened One","floor":50,"turns":10},{"damage":0,"enemies":"Shield and Spear","floor":54,"turns":5},{"damage":2,"enemies":"The Heart","floor":55,"turns":10}],"seed_played":"-5120900093817341509","potions_obtained":[{"floor":7,"key":"GhostInAJar"},{"floor":8,"key":"Energy Potion"},{"floor":10,"key":"Dexterity Potion"},{"floor":14,"key":"GamblersBrew"},{"floor":16,"key":"Weak Potion"},{"floor":21,"key":"GamblersBrew"},{"floor":28,"key":"Weak Potion"}],"is_trial":false,"path_per_floor":["M","?","?","M","?","R","M","E","T","M","E","R","E","M","R","B",null,"M","$","?","M","M","R","$","E","T","E","M","R","$","E","R","B",null,"M","?","M","M","$","E","?","$","T","M","E","M","E","M","R","B",null,"R","$","E","B",null],"character_chosen":"THE_SILENT","items_purchased":["Footwork","Thread and Needle","Well Laid Plans","Bronze Scales","PiercingWail"],"campfire_rested":0,"item_purchase_floors":[19,19,30,53,53],"current_hp_per_floor":[65,65,54,54,54,54,54,39,39,39,34,34,29,41,41,41,70,70,70,70,67,67,67,67,66,66,66,66,66,66,73,73,73,77,77,77,77,77,77,73,73,73,73,73,69,69,69,69,69,69,77,77,77,77,75],"gold":60,"neow_bonus":"BOSS_RELIC","is_prod":false,"is_daily":false,"chose_seed":false,"campfire_upgraded":7,"win_rate":1,"timestamp":1557926079,"path_taken":["M","?","?","M","?","R","M","E","T","?","E","R","E","M","R","BOSS","M","$","?","?","M","R","$","E","T","E","M","R","$","E","R","BOSS","M","?","?","M","$","E","?","$","T","M","E","M","E","M","R","BOSS","R","$","E","BOSS"],"build_version":"2019-05-07","purchased_purges":3,"victory":true,"max_hp_per_floor":[70,70,70,70,70,70,70,70,70,70,70,70,70,70,70,70,70,70,70,70,70,70,70,70,70,70,70,70,70,70,77,77,77,77,77,77,77,77,77,77,77,77,77,77,77,77,77,77,77,77,77,77,77,77,77],"card_choices":[{"not_picked":["Blade Dance","Deflect"],"picked":"Poisoned Stab","floor":1},{"not_picked":["Outmaneuver","Dagger Spray"],"picked":"Crippling Poison","floor":4},{"not_picked":["Poisoned Stab","Heel Hook"],"picked":"Noxious Fumes","floor":7},{"not_picked":["Calculated Gamble","Finisher","Eviscerate"],"picked":"SKIP","floor":8},{"not_picked":["Outmaneuver","Flechettes"],"picked":"Quick Slash","floor":10},{"not_picked":["Predator","Riddle With Holes"],"picked":"Backflip","floor":11},{"not_picked":["Phantasmal Killer","Prepared"],"picked":"Escape Plan","floor":13},{"not_picked":["Outmaneuver","Prepared"],"picked":"PiercingWail","floor":14},{"not_picked":["A Thousand Cuts","Envenom"],"picked":"Glass Knife+1","floor":16},{"not_picked":["Blade Dance","Deadly Poison"],"picked":"Crippling Poison","floor":18},{"not_picked":["Skewer+1","Escape Plan","Distraction"],"picked":"SKIP","floor":21},{"not_picked":["Choke+1","Endless Agony+1","All Out Attack+1"],"picked":"SKIP","floor":22},{"not_picked":["Outmaneuver","Sucker Punch+1"],"picked":"Backflip","floor":25},{"not_picked":["A Thousand Cuts","Choke+1"],"picked":"Footwork","floor":27},{"not_picked":["Blade Dance","Outmaneuver+1"],"picked":"Crippling Poison+1","floor":28},{"not_picked":["Escape Plan","Bouncing Flask"],"picked":"Catalyst","floor":31},{"not_picked":["Sucker Punch+1","Endless Agony+1"],"picked":"Acrobatics+1","floor":35},{"not_picked":["Expertise","Terror","Skewer+1"],"picked":"SKIP","floor":37},{"not_picked":["Eviscerate+1","Bane+1"],"picked":"Deflect+1","floor":38},{"not_picked":["Underhanded Strike+1","Prepared"],"picked":"Calculated Gamble+1","floor":40},{"not_picked":["Underhanded Strike+1","Flying Knee+1"],"picked":"Crippling Poison","floor":44},{"not_picked":["Choke+1","Riddle With Holes+1","Sucker Punch+1"],"picked":"SKIP","floor":45},{"not_picked":["Outmaneuver","Dodge and Roll+1"],"picked":"Deadly Poison+1","floor":46},{"not_picked":["Dagger Throw+1","Skewer+1"],"picked":"Leg Sweep+1","floor":47},{"not_picked":["Terror+1","Deadly Poison"],"picked":"Burst","floor":48},{"not_picked":["Distraction","Dagger Spray+1","Underhanded Strike+1"],"picked":"SKIP","floor":54}],"player_experience":10440,"relics_obtained":[{"floor":8,"key":"Happy Flower"},{"floor":8,"key":"Pen Nib"},{"floor":9,"key":"Paper Crane"},{"floor":11,"key":"Molten Egg 2"},{"floor":11,"key":"Bag of Preparation"},{"floor":13,"key":"Calipers"},{"floor":13,"key":"Meat on the Bone"},{"floor":25,"key":"War Paint"},{"floor":25,"key":"Bottled Tornado"},{"floor":26,"key":"Bottled Lightning"},{"floor":27,"key":"Unceasing Top"},{"floor":27,"key":"Lantern"},{"floor":31,"key":"Strawberry"},{"floor":31,"key":"Snake Skull"},{"floor":40,"key":"Mummified Hand"},{"floor":40,"key":"Orichalcum"},{"floor":45,"key":"Ancient Tea Set"},{"floor":45,"key":"StoneCalendar"},{"floor":47,"key":"Oddly Smooth Stone"},{"floor":47,"key":"Nunchaku"},{"floor":54,"key":"Sundial"},{"floor":54,"key":"Shuriken"}],"event_choices":[{"cards_removed":["Defend_G"],"damage_healed":0,"gold_gain":0,"player_choice":"Card Removal","damage_taken":0,"max_hp_gain":0,"max_hp_loss":0,"event_name":"The Cleric","floor":2,"gold_loss":50},{"damage_healed":0,"gold_gain":75,"player_choice":"Gather Gold","damage_taken":11,"max_hp_gain":0,"max_hp_loss":0,"event_name":"World of Goop","floor":3,"gold_loss":0},{"damage_healed":0,"gold_gain":0,"player_choice":"Upgraded","damage_taken":0,"max_hp_gain":0,"max_hp_loss":0,"event_name":"Upgrade Shrine","floor":5,"gold_loss":0,"cards_upgraded":["Crippling Poison"]},{"damage_healed":0,"gold_gain":0,"player_choice":"Gave Potion","damage_taken":0,"relics_obtained":["Ninja Scroll"],"max_hp_gain":0,"max_hp_loss":0,"event_name":"WeMeetAgain","floor":20,"gold_loss":0},{"damage_healed":0,"gold_gain":0,"player_choice":"Bought 0 Potions","damage_taken":0,"max_hp_gain":0,"max_hp_loss":0,"event_name":"The Woman in Blue","floor":36,"gold_loss":0},{"cards_removed":["Quick Slash"],"damage_healed":0,"gold_gain":0,"player_choice":"Removed Attack","damage_taken":0,"max_hp_gain":0,"max_hp_loss":0,"event_name":"Falling","floor":41,"gold_loss":0}],"is_beta":true,"boss_relics":[{"not_picked":["Orrery","Calling Bell"],"picked":"Velvet Choker"},{"not_picked":["Fusion Hammer","HoveringKite","Cursed Key"]}],"items_purged_floors":[19,30,39],"is_endless":false,"potions_floor_spawned":[7,8,10,14,16,18,21,27,28,35,44,46,47],"ascension_level":1}