{"gold_per_floor":[113,18,18,93,93,93,125,125,125,152,102,26,26,40,40,118,118,129,129,129,129,140,140,28,28,53,87,103,28,28,28,28,103,103,118,136,136,136,136,136,136,148,148,181,181,181,195,209,209,209],"floor_reached":51,"playtime":1157,"items_purged":[],"score":1468,"play_id":"a1470407-3c95-48b1-a0a0-0d366e4ddc89","local_time":"20190429230019","is_ascension_mode":true,"campfire_choices":[{"data":"Clothesline","floor":6.0,"key":"SMITH"},{"data":"Good Instincts","floor":8.0,"key":"SMITH"},{"data":"Uppercut","floor":15.0,"key":"SMITH"},{"data":"Body Slam","floor":23.0,"key":"SMITH"},{"data":"Inflame","floor":32.0,"key":"SMITH"},{"data":"Discovery","floor":40.0,"key":"SMITH"},{"data":"Metallicize","floor":46,"key":"SMITH"},{"data":"Body Slam","floor":49,"key":"SMITH"}],"neow_cost":"NONE","seed_source_timestamp":17294383958454,"circlet_count":0,"master_deck":["AscendersBane","Strike_R+1","Strike_R+1","Strike_R+1","Defend_R+1","Defend_R+1","Defend_R+1","Defend_R+1","Bash+1","Clothesline+1","Good Instincts+1","Uppercut+1","Metallicize+1","Body Slam+1","Immolate","Shrug It Off+1","Flame Barrier+1","Inflame+1","Barricade","Second Wind","Panacea","Discovery+1","Body Slam+1"],"special_seed":0,"relics":["Burning Blood","NeowsBlessing","Bird Faced Urn","Gambling Chip","Mummified Hand","Busted Crown","Gremlin Horn","Spirit Poop","Juzu Bracelet","Blood Vial","Enchiridion","Coffee Dripper","Vajra","Bronze Scales"],"potions_floor_usage":[50,50],"damage_taken":[{"damage":0.0,"enemies":"Small Slimes","floor":1.0,"turns":1.0},{"damage":0.0,"enemies":"Lagavulin","floor":7.0,"turns":1.0},{"damage":0.0,"enemies":"Gremlin Nob","floor":10.0,"turns":1.0},{"damage":0.0,"enemies":"2 Louse","floor":14.0,"turns":3.0},{"damage":23.0,"enemies":"The Guardian","floor":16.0,"turns":14.0},{"damage":0.0,"enemies":"Chosen","floor":18.0,"turns":4.0},{"damage":0.0,"enemies":"2 Thieves","floor":22.0,"turns":3.0},{"damage":8.0,"enemies":"Slavers","floor":27.0,"turns":7.0},{"damage":8.0,"enemies":"Cultist and Chosen","floor":28.0,"turns":5.0},{"damage":0.0,"enemies":"Champ","floor":33.0,"turns":10.0},{"damage":0.0,"enemies":"3 Shapes","floor":35.0,"turns":3.0},{"damage":5.0,"enemies":"Orb Walker","floor":36.0,"turns":5.0},{"damage":3.0,"enemies":"Jaw Worm Horde","floor":42.0,"turns":5.0},{"damage":16,"enemies":"Reptomancer","floor":44,"turns":7},{"damage":0,"enemies":"4 Shapes","floor":47,"turns":3},{"damage":3,"enemies":"3 Darklings","floor":48,"turns":6},{"damage":0,"enemies":"Time Eater","floor":50,"turns":8}],"seed_played":"4379493640173177015","potions_obtained":[{"floor":1.0,"key":"Energy Potion"},{"floor":14.0,"key":"BloodPotion"},{"floor":27.0,"key":"Weak Potion"},{"floor":35.0,"key":"Dexterity Potion"},{"floor":36.0,"key":"Block Potion"},{"floor":48,"key":"SkillPotion"}],"is_trial":false,"path_per_floor":["M","$","?","?","?","R","E","R","T","E","?","$","?","M","R","B",null,"M","?","?","?","M","R","$","?","T","E","M","?","?","?","R","B",null,"M","M","?","?","?","R","?","M","T","E","?","R","M","M","R","B",null],"character_chosen":"IRONCLAD","items_purchased":["Good Instincts","Metallicize","Metallicize","Flame Barrier"],"campfire_rested":0,"item_purchase_floors":[2,12,24,24],"current_hp_per_floor":[74,74,74,63,68,68,74,74,74,80,80,80,64,72,72,57,74,80,65,65,65,81,81,81,81,81,84,83,83,83,67,67,83,85,85,85,85,75,75,75,75,81,81,79,79,79,81,81,81,81],"gold":209,"neow_bonus":"THREE_ENEMY_KILL","is_prod":false,"is_daily":false,"chose_seed":false,"campfire_upgraded":8,"win_rate":0,"timestamp":1556600419,"path_taken":["M","$","?","?","?","R","E","R","T","E","?","$","?","M","R","BOSS","M","?","?","?","?","R","$","?","T","E","M","?","?","?","R","BOSS","M","M","?","?","?","R","?","M","T","E","?","R","M","M","R","BOSS"],"build_version":"2019-01-23","purchased_purges":0,"victory":true,"max_hp_per_floor":[75,75,75,75,80,80,80,80,80,80,80,80,80,80,80,80,80,80,85,85,85,85,85,85,85,85,85,85,85,85,85,85,85,85,85,85,85,85,85,85,81,81,81,81,81,81,81,81,81,81],"card_choices":[{"not_picked":["Fire Breathing","Wild Strike"],"picked":"Clothesline","floor":1.0},{"not_picked":["Wild Strike","Fire Breathing","Second Wind"],"picked":"SKIP","floor":7.0},{"not_picked":["Feel No Pain","Armaments"],"picked":"Uppercut","floor":10.0},{"not_picked":["Iron Wave","Thunderclap"],"picked":"Body Slam","floor":14.0},{"not_picked":["Feed","Dark Embrace"],"picked":"Immolate","floor":16.0},{"not_picked":[],"picked":"Shrug It Off+1","floor":18.0},{"not_picked":["Armaments"],"picked":"SKIP","floor":22.0},{"not_picked":["Pummel"],"picked":"SKIP","floor":27.0},{"not_picked":["Heavy Blade"],"picked":"SKIP","floor":28.0},{"not_picked":[],"picked":"Barricade","floor":33.0},{"not_picked":["Corruption"],"picked":"SKIP","floor":35.0},{"not_picked":[],"picked":"Second Wind","floor":36.0},{"not_picked":[],"picked":"Panacea","floor":38.0},{"not_picked":[],"picked":"Discovery","floor":38.0},{"not_picked":["Heavy Blade"],"picked":"SKIP","floor":42.0},{"not_picked":["Anger"],"picked":"SKIP","floor":44},{"not_picked":["Clash"],"picked":"SKIP","floor":47},{"not_picked":[],"picked":"Body Slam","floor":48}],"player_experience":1330849,"relics_obtained":[{"floor":7.0,"key":"Bird Faced Urn"},{"floor":9.0,"key":"Gambling Chip"},{"floor":10.0,"key":"Mummified Hand"},{"floor":26.0,"key":"Juzu Bracelet"},{"floor":27.0,"key":"Blood Vial"},{"floor":31.0,"key":"Enchiridion"},{"floor":43.0,"key":"Vajra"},{"floor":44,"key":"Bronze Scales"}],"event_choices":[{"damage_healed":0.0,"max_hp_gain":0.0,"max_hp_loss":0.0,"gold_gain":0.0,"event_name":"Living Wall","player_choice":"Grow","floor":3.0,"gold_loss":0.0,"damage_taken":0.0,"cards_upgraded":["Bash"]},{"damage_healed":0.0,"max_hp_gain":0.0,"max_hp_loss":0.0,"gold_gain":75.0,"event_name":"World of Goop","player_choice":"Gather Gold","floor":4.0,"gold_loss":0.0,"damage_taken":11.0},{"damage_healed":0.0,"max_hp_gain":5.0,"max_hp_loss":0.0,"gold_gain":0.0,"event_name":"Big Fish","player_choice":"Donut","floor":5.0,"gold_loss":0.0,"damage_taken":0.0},{"cards_removed":["Strike_R"],"damage_healed":0.0,"max_hp_gain":0.0,"max_hp_loss":0.0,"gold_gain":0.0,"event_name":"The Cleric","player_choice":"Card Removal","floor":11.0,"gold_loss":50.0,"damage_taken":0.0},{"damage_healed":0.0,"max_hp_gain":0.0,"max_hp_loss":0.0,"gold_gain":0.0,"event_name":"Shining Light","player_choice":"Entered Light","floor":13.0,"gold_loss":0.0,"damage_taken":16.0,"cards_upgraded":["Defend_R","Strike_R"]},{"damage_healed":0.0,"max_hp_gain":5.0,"max_hp_loss":0.0,"gold_gain":0.0,"event_name":"Forgotten Altar","player_choice":"Shed Blood","floor":19.0,"gold_loss":0.0,"damage_taken":20.0},{"damage_healed":0.0,"max_hp_gain":0.0,"max_hp_loss":0.0,"gold_gain":0.0,"event_name":"The Mausoleum","player_choice":"Opened","floor":20.0,"gold_loss":0.0,"damage_taken":0.0,"relics_obtained":["Gremlin Horn"],"cards_obtained":["Writhe"]},{"cards_removed":["Writhe"],"damage_healed":0.0,"max_hp_gain":0.0,"max_hp_loss":0.0,"gold_gain":0.0,"event_name":"Bonfire Elementals","player_choice":"Offered Curse","floor":21.0,"gold_loss":0.0,"damage_taken":0.0,"relics_obtained":["Spirit Poop"]},{"damage_healed":0.0,"max_hp_gain":0.0,"max_hp_loss":0.0,"gold_gain":0.0,"event_name":"The Library","player_choice":"Read","floor":25.0,"gold_loss":0.0,"damage_taken":0.0,"cards_obtained":["Inflame"]},{"cards_removed":["Strike_R"],"damage_healed":0.0,"max_hp_gain":0.0,"max_hp_loss":0.0,"gold_gain":0.0,"event_name":"Beggar","player_choice":"Gave Gold","floor":29.0,"gold_loss":75.0,"damage_taken":0.0},{"damage_healed":0.0,"max_hp_gain":0.0,"max_hp_loss":0.0,"gold_gain":0.0,"event_name":"Back to Basics","player_choice":"Simplicity","floor":30.0,"gold_loss":0.0,"damage_taken":0.0,"cards_upgraded":["Strike_R","Strike_R","Defend_R","Defend_R","Defend_R"]},{"damage_healed":0.0,"max_hp_gain":0.0,"max_hp_loss":0.0,"gold_gain":0.0,"event_name":"Cursed Tome","player_choice":"Obtained Book","floor":31.0,"gold_loss":0.0,"damage_taken":16.0},{"damage_healed":0.0,"max_hp_gain":0.0,"max_hp_loss":0.0,"gold_gain":0.0,"event_name":"Mysterious Sphere","player_choice":"Ignored","floor":37.0,"gold_loss":0.0,"damage_taken":0.0},{"damage_healed":0.0,"max_hp_gain":0.0,"max_hp_loss":0.0,"gold_gain":0.0,"event_name":"SensoryStone","player_choice":"Memory 3","floor":38.0,"gold_loss":0.0,"damage_taken":10.0},{"cards_removed":["Metallicize"],"damage_healed":0.0,"max_hp_gain":0.0,"max_hp_loss":0.0,"gold_gain":0.0,"event_name":"Falling","player_choice":"Removed Power","floor":39.0,"gold_loss":0.0,"damage_taken":0.0},{"damage_healed":0.0,"max_hp_gain":0.0,"max_hp_loss":4.0,"gold_gain":0.0,"event_name":"Winding Halls","player_choice":"Max HP","floor":41.0,"gold_loss":0.0,"damage_taken":0.0},{"damage_healed":0,"gold_gain":0,"player_choice":"Forge","damage_taken":0,"max_hp_gain":0,"max_hp_loss":0,"event_name":"Accursed Blacksmith","floor":45,"gold_loss":0,"cards_upgraded":["Flame Barrier"]}],"is_beta":false,"boss_relics":[{"not_picked":["Ectoplasm","Empty Cage"],"picked":"Busted Crown"},{"not_picked":["Eternal Feather","Tiny House"],"picked":"Coffee Dripper"}],"items_purged_floors":[],"is_endless":false,"potions_floor_spawned":[1,14,18,27,35,36,48],"ascension_level":14}