{"gold_per_floor":[116,116,143,156,176,176,176,176,203,268,294,294,45,73,73,147,147,167,167,167,167,193,221,221,247,324,324,353,366,366,385,385,462,462,478,478,308,322,247,306,306,341,341,341,375,389,389,415,415,415,415,415,415,81,113,113],"floor_reached":57,"playtime":3954,"items_purged":["Strike_R+1","Defend_R+1"],"score":2991,"play_id":"dec24bce-2aa0-48fa-9e98-8aeba155c7ef","local_time":"20181110165920","is_ascension_mode":true,"campfire_choices":[{"data":"Uppercut","floor":6,"key":"SMITH"},{"data":"Bash","floor":8,"key":"SMITH"},{"data":"Fiend Fire","floor":12,"key":"SMITH"},{"data":"Combust","floor":15,"key":"SMITH"},{"data":"Pommel Strike","floor":24,"key":"SMITH"},{"floor":27,"key":"REST"},{"floor":30,"key":"REST"},{"floor":32,"key":"REST"},{"floor":44,"key":"RECALL"},{"data":"Inflame","floor":49,"key":"SMITH"},{"data":"Battle Trance","floor":53,"key":"SMITH"}],"neow_cost":"NONE","seed_source_timestamp":1151573036560657,"circlet_count":0,"master_deck":["AscendersBane","Strike_R+1","Defend_R+1","Defend_R+1","Defend_R+1","Bash+1","Battle Trance+1","Uppercut+1","Spot Weakness","Pommel Strike+1","Fiend Fire+1","Battle Trance+1","Combust+1","Offering+1","True Grit+1","Shockwave+1","Inflame+1","Battle Trance+1","Heavy Blade+1","Impervious+1","Inflame+1","Limit Break+1","Shrug It Off+1","Flame Barrier+1","Reaper","Burning Pact+1","Battle Trance+1"],"relics":["Burning Blood","Happy Flower","Red Skull","Toxic Egg 2","Ancient Tea Set","War Paint","Art of War","Orrery","Red Mask","Strawberry","Potion Belt","Self Forming Clay","Pocketwatch","Cursed Key","Tiny Chest","Dream Catcher","Blood Vial","Calipers","Bronze Scales","Oddly Smooth Stone"],"potions_floor_usage":[10,16,25,42,56,56,56],"damage_taken":[{"damage":6,"enemies":"Jaw Worm","floor":1,"turns":5},{"damage":7,"enemies":"Cultist","floor":4,"turns":5},{"damage":1,"enemies":"Small Slimes","floor":5,"turns":3},{"damage":35,"enemies":"3 Sentries","floor":10,"turns":7},{"damage":6,"enemies":"Gremlin Nob","floor":11,"turns":3},{"damage":0,"enemies":"Lagavulin","floor":14,"turns":1},{"damage":29,"enemies":"Hexaghost","floor":16,"turns":5},{"damage":8,"enemies":"2 Thieves","floor":18,"turns":3},{"damage":16,"enemies":"Masked Bandits","floor":22,"turns":3},{"damage":8,"enemies":"Gremlin Leader","floor":23,"turns":3},{"damage":29,"enemies":"Slavers","floor":25,"turns":5},{"damage":32,"enemies":"Gremlin Leader","floor":28,"turns":4},{"damage":0,"enemies":"Shell Parasite","floor":29,"turns":1},{"damage":7,"enemies":"Snecko","floor":31,"turns":4},{"damage":26,"enemies":"Collector","floor":33,"turns":5},{"damage":7,"enemies":"3 Shapes","floor":35,"turns":4},{"damage":6,"enemies":"3 Darklings","floor":38,"turns":5},{"damage":51,"enemies":"Reptomancer","floor":40,"turns":4},{"damage":11,"enemies":"Nemesis","floor":42,"turns":3},{"damage":15,"enemies":"Giant Head","floor":45,"turns":5},{"damage":16,"enemies":"Maw","floor":46,"turns":6},{"damage":40,"enemies":"Reptomancer","floor":48,"turns":5},{"damage":41,"enemies":"Awakened One","floor":50,"turns":6},{"damage":51,"enemies":"Donu and Deca","floor":51,"turns":7},{"damage":9,"enemies":"Shield and Spear","floor":55,"turns":2},{"damage":76,"enemies":"The Heart","floor":56,"turns":9}],"seed_played":"-8633984653813745481","potions_obtained":[{"floor":1,"key":"Fire Potion"},{"floor":5,"key":"FearPotion"},{"floor":10,"key":"PowerPotion"},{"floor":18,"key":"FearPotion"},{"floor":29,"key":"Weak Potion"},{"floor":33,"key":"Weak Potion"},{"floor":35,"key":"SteroidPotion"},{"floor":40,"key":"EssenceOfSteel"},{"floor":45,"key":"Dexterity Potion"}],"is_trial":false,"path_per_floor":["M","?","T","M","M","R","?","R","T","?","E","R","$","E","R","B",null,"M","?","?","?","?","E","R","E","T","R","E","M","R","M","R","B",null,"M","?","$","M","$","E","?","E","T","R","E","M","?","E","R","B","B",null,"R","$","E","B",null],"character_chosen":"IRONCLAD","items_purchased":["Battle Trance+1","War Paint","Shrug It Off+1","Feel No Pain","Flame Barrier+1","Bronze Scales","Battle Trance+1"],"campfire_rested":3,"item_purchase_floors":[13,13,37,37,39,54,54],"current_hp_per_floor":[68,68,68,67,72,72,65,65,65,36,36,36,36,42,42,19,61,59,59,59,59,49,54,54,31,31,55,29,35,59,58,82,62,77,76,76,76,76,76,31,31,63,63,63,82,82,82,73,73,82,82,82,82,82,79,76],"gold":113,"neow_bonus":"RANDOM_COMMON_RELIC","is_prod":false,"is_daily":false,"chose_seed":false,"campfire_upgraded":7,"win_rate":0,"timestamp":1541887160,"path_taken":["M","?","?","M","?","R","?","R","T","?","E","R","$","E","R","BOSS","M","?","?","?","?","E","R","E","T","R","E","M","R","M","R","BOSS","M","?","?","?","$","E","?","E","T","R","E","M","?","E","R","BOSS","BOSS","R","$","E","BOSS"],"build_version":"2018-11-08","purchased_purges":2,"victory":true,"max_hp_per_floor":[75,75,75,75,75,75,75,75,75,75,75,75,75,75,75,75,75,75,75,75,75,75,82,82,82,82,82,82,82,82,82,82,82,82,82,82,82,82,82,82,82,82,82,82,82,82,82,82,82,82,82,82,82,82,82,82],"card_choices":[{"not_picked":["Hemokinesis","Fire Breathing"],"picked":"Battle Trance","floor":1},{"not_picked":["Heavy Blade","Flame Barrier"],"picked":"Uppercut","floor":4},{"not_picked":["Iron Wave","Reckless Charge"],"picked":"Spot Weakness","floor":5},{"not_picked":["Cleave","Infernal Blade"],"picked":"Pommel Strike","floor":10},{"not_picked":["Corruption","Flex+1"],"picked":"Fiend Fire","floor":11},{"not_picked":["Fire Breathing","Twin Strike"],"picked":"Combust","floor":14},{"not_picked":["Berserk","Reaper"],"picked":"Offering+1","floor":16},{"not_picked":["Rampage","Twin Strike"],"picked":"True Grit+1","floor":17},{"not_picked":["Warcry+1","Pummel"],"picked":"Shockwave+1","floor":17},{"not_picked":["Evolve","Cleave"],"picked":"Inflame","floor":17},{"not_picked":["Heavy Blade","Carnage","Berserk"],"picked":"SKIP","floor":18},{"not_picked":["Pommel Strike","Carnage"],"picked":"Battle Trance+1","floor":22},{"not_picked":["Sentinel+1","True Grit+1","Metallicize"],"picked":"SKIP","floor":23},{"not_picked":["Uppercut+1","Intimidate+1"],"picked":"Heavy Blade+1","floor":25},{"not_picked":["Flame Barrier+1","Ghostly Armor+1"],"picked":"Impervious+1","floor":28},{"not_picked":["Searing Blow","Anger+1"],"picked":"Inflame+1","floor":29},{"not_picked":["Wild Strike","Headbutt","Warcry+1"],"picked":"SKIP","floor":31},{"not_picked":["Exhume+1","Double Tap+1"],"picked":"Limit Break+1","floor":33},{"not_picked":["Sever Soul+1","Dropkick","Thunderclap"],"picked":"SKIP","floor":35},{"not_picked":["Warcry+1","Carnage+1","Wild Strike"],"picked":"SKIP","floor":38},{"not_picked":["Shockwave+1","Twin Strike"],"picked":"Reaper","floor":40},{"not_picked":["Inflame","Sever Soul","Anger+1"],"picked":"SKIP","floor":42},{"not_picked":["Shockwave+1","Iron Wave","Spot Weakness+1"],"picked":"SKIP","floor":45},{"not_picked":["Flex+1","Feed"],"picked":"Burning Pact+1","floor":46},{"not_picked":["Seeing Red+1","True Grit+1","Warcry+1"],"picked":"SKIP","floor":48},{"not_picked":["Twin Strike","Spot Weakness+1","Immolate"],"picked":"SKIP","floor":55}],"player_experience":933533,"relics_obtained":[{"floor":3,"key":"Red Skull"},{"floor":10,"key":"Toxic Egg 2"},{"floor":11,"key":"Ancient Tea Set"},{"floor":14,"key":"Art of War"},{"floor":22,"key":"Red Mask"},{"floor":23,"key":"Strawberry"},{"floor":25,"key":"Potion Belt"},{"floor":26,"key":"Self Forming Clay"},{"floor":28,"key":"Pocketwatch"},{"floor":40,"key":"Tiny Chest"},{"floor":42,"key":"Dream Catcher"},{"floor":45,"key":"Blood Vial"},{"floor":48,"key":"Calipers"},{"floor":55,"key":"Oddly Smooth Stone"}],"event_choices":[{"cards_removed":["Strike_R"],"damage_healed":0,"gold_gain":0,"player_choice":"Forget","damage_taken":0,"max_hp_gain":0,"max_hp_loss":0,"event_name":"Living Wall","floor":2,"gold_loss":0},{"cards_removed":["Strike_R"],"damage_healed":0,"gold_gain":0,"player_choice":"Card Removal","damage_taken":7,"max_hp_gain":0,"max_hp_loss":0,"event_name":"Golden Wing","floor":7,"gold_loss":0},{"damage_healed":0,"gold_gain":30,"player_choice":"Searched \u00272\u0027 times","damage_taken":0,"max_hp_gain":0,"max_hp_loss":0,"event_name":"Dead Adventurer","floor":10,"gold_loss":0},{"damage_healed":0,"gold_gain":0,"player_choice":"Ignored","damage_taken":0,"max_hp_gain":0,"max_hp_loss":0,"event_name":"The Mausoleum","floor":19,"gold_loss":0},{"damage_healed":0,"gold_gain":0,"player_choice":"Ignored","damage_taken":0,"max_hp_gain":0,"max_hp_loss":0,"event_name":"Vampires","floor":20,"gold_loss":0},{"damage_healed":0,"gold_gain":0,"player_choice":"Simplicity","damage_taken":0,"max_hp_gain":0,"max_hp_loss":0,"event_name":"Back to Basics","floor":21,"gold_loss":0,"cards_upgraded":["Strike_R","Strike_R","Strike_R","Defend_R","Defend_R"]},{"damage_healed":0,"gold_gain":0,"player_choice":"Fought Bandits","damage_taken":0,"max_hp_gain":0,"max_hp_loss":0,"event_name":"Masked Bandits","floor":22,"gold_loss":0},{"cards_removed":["Strike_R"],"damage_healed":0,"gold_gain":0,"player_choice":"Purged","damage_taken":0,"max_hp_gain":0,"max_hp_loss":0,"event_name":"Purifier","floor":36,"gold_loss":0},{"cards_removed":["Feel No Pain"],"damage_healed":0,"gold_gain":0,"player_choice":"Removed Power","damage_taken":0,"max_hp_gain":0,"max_hp_loss":0,"event_name":"Falling","floor":41,"gold_loss":0},{"damage_healed":0,"gold_gain":0,"player_choice":"0 cards matched","damage_taken":0,"max_hp_gain":0,"max_hp_loss":0,"event_name":"Match and Keep!","floor":47,"gold_loss":0,"cards_obtained":[]}],"is_beta":true,"boss_relics":[{"not_picked":["Eternal Feather","Lizard Tail"],"picked":"Orrery"},{"not_picked":["Black Star","Runic Dome"],"picked":"Cursed Key"}],"items_purged_floors":[37,54],"is_endless":false,"potions_floor_spawned":[1,5,10,18,29,33,35,40,45,48],"ascension_level":20}