{"gold_per_floor":[112,123,139,154,329,329,343,343,367,392,423,396,426,454,466,478],"floor_reached":16,"playtime":1232,"items_purged":[],"score":133,"play_id":"4bffbd8b-1c22-4026-8635-ed61af4ae0b4","local_time":"20190121004549","is_ascension_mode":true,"campfire_choices":[{"data":"Accuracy","floor":6,"key":"SMITH"},{"data":"Blade Dance","floor":8,"key":"SMITH"},{"floor":15,"key":"REST"}],"neow_cost":"NONE","seed_source_timestamp":650635861716626,"circlet_count":0,"master_deck":["Defend_G","Defend_G","Defend_G","Defend_G","Defend_G","Strike_G","Strike_G","Strike_G","Strike_G","Strike_G","Survivor","Neutralize","Cloak And Dagger","Blade Dance+1","All Out Attack","Accuracy+1","Doubt","Dash","PiercingWail","Masterful Stab","Dagger Spray"],"relics":["Ring of the Snake","Blood Vial","Juzu Bracelet","MawBank"],"potions_floor_usage":[10,13,14,16,16],"damage_taken":[{"damage":4,"enemies":"Small Slimes","floor":1,"turns":4},{"damage":0,"enemies":"Jaw Worm","floor":2,"turns":5},{"damage":0,"enemies":"Cultist","floor":3,"turns":4},{"damage":4,"enemies":"Red Slaver","floor":4,"turns":6},{"damage":10,"enemies":"Exordium Thugs","floor":7,"turns":5},{"damage":45,"enemies":"Lagavulin","floor":10,"turns":7},{"damage":15,"enemies":"Large Slime","floor":11,"turns":6},{"damage":0,"enemies":"Red Slaver","floor":13,"turns":5},{"damage":0,"enemies":"Exordium Thugs","floor":14,"turns":5},{"damage":33,"enemies":"Slime Boss","floor":16,"turns":7}],"seed_played":"-1752042859541250143","potions_obtained":[{"floor":4,"key":"GamblersBrew"},{"floor":7,"key":"Energy Potion"},{"floor":10,"key":"SpeedPotion"},{"floor":11,"key":"Dexterity Potion"},{"floor":13,"key":"Poison Potion"},{"floor":14,"key":"Regen Potion"}],"is_trial":false,"path_per_floor":["M","M","M","M","?","R","M","R","T","E","M","?","M","M","R","B"],"character_chosen":"THE_SILENT","items_purchased":[],"campfire_rested":1,"item_purchase_floors":[],"current_hp_per_floor":[66,68,70,66,66,66,58,58,58,15,2,2,4,6,27,0],"gold":478,"neow_bonus":"RANDOM_COMMON_RELIC","is_prod":false,"is_daily":false,"chose_seed":false,"campfire_upgraded":2,"win_rate":0,"timestamp":1548042349,"path_taken":["M","M","M","M","?","R","M","R","T","E","M","?","M","M","R","BOSS"],"build_version":"2019-01-17v2","purchased_purges":0,"victory":false,"max_hp_per_floor":[70,70,70,70,70,70,70,70,70,70,70,70,70,70,70,70],"card_choices":[{"not_picked":["Underhanded Strike","Deadly Poison"],"picked":"Cloak And Dagger","floor":1},{"not_picked":["Underhanded Strike","Flying Knee"],"picked":"Blade Dance","floor":2},{"not_picked":["Slice","Flying Knee"],"picked":"All Out Attack","floor":3},{"not_picked":["Bullet Time","Flying Knee"],"picked":"Accuracy","floor":4},{"not_picked":["Deflect","Slice"],"picked":"Dash","floor":7},{"not_picked":["Bane","Reflex","Concentrate"],"picked":"SKIP","floor":10},{"not_picked":["Quick Slash","Poisoned Stab"],"picked":"PiercingWail","floor":11},{"not_picked":["Crippling Poison","Well Laid Plans"],"picked":"Masterful Stab","floor":13},{"not_picked":["Backflip","Endless Agony"],"picked":"Dagger Spray","floor":14}],"player_experience":667360,"relics_obtained":[{"floor":9,"key":"Juzu Bracelet"},{"floor":10,"key":"MawBank"}],"event_choices":[{"damage_healed":0,"gold_gain":175,"player_choice":"AGREE","damage_taken":0,"max_hp_gain":0,"max_hp_loss":0,"event_name":"Liars Game","floor":5,"gold_loss":0,"cards_obtained":["Doubt"]},{"damage_healed":0,"gold_gain":0,"player_choice":"Left Gold","damage_taken":0,"max_hp_gain":0,"max_hp_loss":0,"event_name":"World of Goop","floor":12,"gold_loss":39}],"is_beta":false,"boss_relics":[],"items_purged_floors":[],"is_endless":false,"potions_floor_spawned":[4,7,10,11,13,14],"killed_by":"Slime Boss","ascension_level":5}