{"gold_per_floor":[109,127,0,18,93,124,124,183,208,223,223,223,74,92,92,194,194,204,219,238,188,203,203,222,252,252,252,263,263,276,296,296,296],"floor_reached":33,"playtime":1240,"items_purged":["Strike_B"],"score":306,"play_id":"1184105a-2336-4fed-806e-07d57e38e5ef","local_time":"20190202200240","is_ascension_mode":false,"campfire_choices":[{"data":"Zap","floor":7,"key":"SMITH"},{"floor":11,"key":"REST"},{"data":"Sweeping Beam","floor":15,"key":"SMITH"},{"floor":23,"key":"REST"},{"data":"Machine Learning","floor":27,"key":"SMITH"},{"floor":29,"key":"REST"},{"data":"Thunder Strike","floor":32,"key":"SMITH"}],"neow_cost":"NONE","seed_source_timestamp":176207583534855,"circlet_count":0,"master_deck":["Strike_B","Strike_B","Strike_B","Defend_B","Defend_B","Defend_B","Defend_B+1","Zap+1","Dualcast","Thunder Strike+1","Sunder","Coolheaded","Ball Lightning","Genetic Algorithm+1","Ball Lightning","Conserve Battery","Static Discharge","Sweeping Beam+1","Ball Lightning","Machine Learning+1","Ball Lightning","Consume+1","Coolheaded+1"],"relics":["Cracked Core","War Paint","Tiny Chest","Dream Catcher","Busted Crown","Ancient Tea Set","Letter Opener"],"potions_floor_usage":[16,16,25,25,25,33],"damage_taken":[{"damage":0,"enemies":"Cultist","floor":1,"turns":3},{"damage":8,"enemies":"Small Slimes","floor":2,"turns":3},{"damage":3,"enemies":"Jaw Worm","floor":4,"turns":3},{"damage":22,"enemies":"Gremlin Nob","floor":6,"turns":4},{"damage":19,"enemies":"Lagavulin","floor":8,"turns":8},{"damage":5,"enemies":"Blue Slaver","floor":10,"turns":2},{"damage":1,"enemies":"3 Louse","floor":14,"turns":3},{"damage":8,"enemies":"Slime Boss","floor":16,"turns":5},{"damage":4,"enemies":"3 Byrds","floor":18,"turns":4},{"damage":5,"enemies":"2 Thieves","floor":19,"turns":3},{"damage":30,"enemies":"Snake Plant","floor":20,"turns":3},{"damage":25,"enemies":"Shelled Parasite and Fungi","floor":22,"turns":5},{"damage":6,"enemies":"Cultist and Chosen","floor":24,"turns":4},{"damage":16,"enemies":"Gremlin Leader","floor":25,"turns":7},{"damage":9,"enemies":"Centurion and Healer","floor":28,"turns":5},{"damage":3,"enemies":"3 Cultists","floor":30,"turns":3},{"damage":12,"enemies":"Cultist and Chosen","floor":31,"turns":5},{"damage":26,"enemies":"Collector","floor":33,"turns":5}],"seed_played":"5296883576649310238","potions_obtained":[{"floor":6,"key":"FearPotion"},{"floor":10,"key":"SteroidPotion"},{"floor":18,"key":"Regen Potion"},{"floor":20,"key":"SpeedPotion"},{"floor":22,"key":"FocusPotion"},{"floor":25,"key":"GamblersBrew"},{"floor":28,"key":"FearPotion"}],"is_trial":false,"path_per_floor":["M","M","$","M","?","E","R","E","T","M","R","T","$","M","R","B",null,"M","M","M","?","M","R","M","E","T","R","M","R","M","M","R","B"],"character_chosen":"DEFECT","items_purchased":["Ball Lightning","Genetic Algorithm","Sweeping Beam","Dexterity Potion"],"campfire_rested":3,"item_purchase_floors":[3,3,13,13],"current_hp_per_floor":[75,67,67,64,53,31,31,12,12,7,29,29,29,28,28,20,75,71,66,36,36,11,33,27,26,26,26,17,39,36,24,24,0],"gold":296,"neow_bonus":"ONE_RANDOM_RARE_CARD","is_prod":false,"is_daily":false,"chose_seed":false,"campfire_upgraded":4,"win_rate":0,"timestamp":1549137760,"path_taken":["M","M","$","?","?","E","R","E","T","M","R","?","?","M","R","BOSS","M","M","M","?","?","R","M","E","T","R","M","R","M","M","R","BOSS"],"build_version":"2019-01-23","purchased_purges":1,"victory":false,"max_hp_per_floor":[75,75,75,75,75,75,75,75,75,75,75,75,75,75,75,75,75,75,75,75,75,75,75,75,75,75,75,75,75,75,75,75,75],"card_choices":[{"not_picked":["Turbo","Fusion"],"picked":"Sunder","floor":1},{"not_picked":["Sunder","Stack"],"picked":"Coolheaded","floor":2},{"not_picked":["Beam Cell","Go for the Eyes"],"picked":"Ball Lightning","floor":4},{"not_picked":["Hologram","Aggregate"],"picked":"Conserve Battery","floor":6},{"not_picked":["Storm","Amplify","Darkness"],"picked":"SKIP","floor":8},{"not_picked":["Reprogram","Streamline","Blizzard"],"picked":"SKIP","floor":10},{"not_picked":["Go for the Eyes","Steam Power"],"picked":"Static Discharge","floor":11},{"not_picked":["Consume","Coolheaded"],"picked":"Ball Lightning","floor":14},{"not_picked":["Hyperbeam","Creative AI"],"picked":"Machine Learning","floor":16},{"not_picked":["Streamline"],"picked":"SKIP","floor":18},{"not_picked":["Steam"],"picked":"SKIP","floor":19},{"not_picked":["Double Energy"],"picked":"SKIP","floor":20},{"not_picked":["Rebound"],"picked":"SKIP","floor":22},{"not_picked":[],"picked":"Ball Lightning","floor":23},{"not_picked":[],"picked":"Consume+1","floor":24},{"not_picked":["Leap"],"picked":"SKIP","floor":25},{"not_picked":["Reprogram+1"],"picked":"SKIP","floor":28},{"not_picked":[],"picked":"Coolheaded+1","floor":30},{"not_picked":["Barrage"],"picked":"SKIP","floor":31}],"player_experience":798790,"relics_obtained":[{"floor":6,"key":"War Paint"},{"floor":8,"key":"Tiny Chest"},{"floor":9,"key":"Dream Catcher"},{"floor":25,"key":"Ancient Tea Set"},{"floor":26,"key":"Letter Opener"}],"event_choices":[{"damage_healed":0,"gold_gain":75,"player_choice":"Gather Gold","damage_taken":11,"max_hp_gain":0,"max_hp_loss":0,"event_name":"World of Goop","floor":5,"gold_loss":0},{"damage_healed":0,"gold_gain":0,"player_choice":"Bet on Owner","damage_taken":0,"max_hp_gain":0,"max_hp_loss":0,"event_name":"The Joust","floor":21,"gold_loss":50}],"is_beta":true,"boss_relics":[{"not_picked":["Lizard Tail","Nuclear Battery"],"picked":"Busted Crown"}],"items_purged_floors":[13],"is_endless":false,"potions_floor_spawned":[6,10,18,20,22,25,28],"killed_by":"Collector","ascension_level":0}