{"gold_per_floor":[16,35,46,57,57,57,84,104,104,104],"floor_reached":10,"playtime":1644,"items_purged":[],"score":95,"play_id":"58dcc927-3167-4440-b2c6-6870c2a0dc6e","local_time":"20190209220123","is_ascension_mode":true,"campfire_choices":[{"data":"Clash","floor":6,"key":"SMITH"}],"neow_cost":"NO_GOLD","seed_source_timestamp":358419857525333,"circlet_count":0,"master_deck":["Strike_R","Strike_R","Strike_R","Strike_R","Defend_R","Defend_R","Bash","Clash+1","Havoc"],"relics":["Burning Blood","Singing Bowl"],"potions_floor_usage":[7,10],"damage_taken":[{"damage":8,"enemies":"Jaw Worm","floor":1,"turns":4},{"damage":11,"enemies":"Cultist","floor":2,"turns":4},{"damage":5,"enemies":"Small Slimes","floor":3,"turns":4},{"damage":7,"enemies":"3 Louse","floor":4,"turns":2},{"damage":30,"enemies":"Lagavulin","floor":7,"turns":4},{"damage":6,"enemies":"Looter","floor":8,"turns":2},{"damage":60,"enemies":"3 Sentries","floor":10,"turns":8}],"seed_played":"-8822394057734141608","potions_obtained":[{"floor":3,"key":"Regen Potion"},{"floor":7,"key":"LiquidBronze"}],"is_trial":false,"path_per_floor":["M","M","M","M","?","R","E","M","T","E"],"character_chosen":"IRONCLAD","items_purchased":[],"campfire_rested":0,"item_purchase_floors":[],"current_hp_per_floor":[70,65,66,65,65,65,55,55,55,0],"gold":104,"neow_bonus":"REMOVE_TWO","is_prod":false,"is_daily":false,"chose_seed":false,"campfire_upgraded":1,"win_rate":0,"timestamp":1549760483,"path_taken":["M","M","M","M","?","R","E","M","T","E"],"build_version":"2019-01-23","purchased_purges":0,"victory":false,"max_hp_per_floor":[80,80,80,80,80,80,82,82,82,82],"card_choices":[{"not_picked":["Sword Boomerang","Sentinel","Headbutt"],"picked":"SKIP","floor":1},{"not_picked":["Burning Pact","Blood for Blood","Headbutt"],"picked":"SKIP","floor":2},{"not_picked":["Twin Strike","Searing Blow"],"picked":"Clash","floor":3},{"not_picked":["Headbutt","Iron Wave","Pommel Strike"],"picked":"SKIP","floor":4},{"not_picked":["Seeing Red","Dropkick","Clothesline"],"picked":"Singing Bowl","floor":7},{"not_picked":["Reckless Charge","Feed"],"picked":"Havoc","floor":8}],"player_experience":745356,"relics_obtained":[{"floor":7,"key":"Singing Bowl"}],"event_choices":[{"cards_removed":["Strike_R"],"damage_healed":0,"gold_gain":0,"player_choice":"Forget","damage_taken":0,"max_hp_gain":0,"max_hp_loss":0,"event_name":"Living Wall","floor":5,"gold_loss":0}],"is_beta":false,"boss_relics":[],"items_purged_floors":[],"is_endless":false,"potions_floor_spawned":[3,7],"killed_by":"3 Sentries","ascension_level":7}