{"gold_per_floor":[116,116,136,136,136,163,178,178,202,202,227,71,81,107,107,204,204,224,314,140,140,140,157,157,186,213,213,213,62,62,62],"floor_reached":31,"playtime":976,"items_purged":[],"score":324,"play_id":"1ed8c3b7-2009-410d-9c62-0ecbe1cd8f71","local_time":"20190510095425","is_ascension_mode":true,"campfire_choices":[{"data":"Zap","floor":8,"key":"SMITH"},{"floor":15,"key":"REST"},{"data":"Genetic Algorithm","floor":28,"key":"SMITH"},{"floor":30,"key":"REST"}],"neow_cost":"NONE","seed_source_timestamp":376004610755200,"circlet_count":0,"master_deck":["Strike_B","Strike_B","Strike_B","Strike_B","Defend_B","Defend_B","Defend_B","Defend_B","Zap+1","Dualcast","Self Repair","Cold Snap","Ball Lightning","Sweeping Beam","Genetic Algorithm+1","Coolheaded","Rainbow","Self Repair+1","Conserve Battery","Steam","RitualDagger","Ball Lightning+1","Rip and Tear"],"relics":["Cracked Core","NeowsBlessing","Centennial Puzzle","DataDisk","Pantograph","Lantern","Lizard Tail","Vajra","Frozen Egg 2","Dream Catcher","Ancient Tea Set","Oddly Smooth Stone"],"potions_floor_usage":[],"damage_taken":[{"damage":0,"enemies":"Jaw Worm","floor":1,"turns":1},{"damage":0,"enemies":"2 Louse","floor":3,"turns":1},{"damage":0,"enemies":"Lagavulin","floor":6,"turns":1},{"damage":0,"enemies":"Small Slimes","floor":7,"turns":3},{"damage":25,"enemies":"3 Sentries","floor":11,"turns":8},{"damage":0,"enemies":"Blue Slaver","floor":13,"turns":3},{"damage":45,"enemies":"Hexaghost","floor":16,"turns":10},{"damage":41,"enemies":"3 Byrds","floor":18,"turns":4},{"damage":16,"enemies":"Shell Parasite","floor":23,"turns":5},{"damage":62,"enemies":"Book of Stabbing","floor":25,"turns":7},{"damage":14,"enemies":"Colosseum Slavers","floor":27,"turns":4},{"damage":58,"enemies":"Gremlin Leader","floor":31,"turns":5}],"seed_played":"-100837298144820071","potions_obtained":[{"floor":1,"key":"Dexterity Potion"},{"floor":6,"key":"Ancient Potion"},{"floor":13,"key":"Poison Potion"}],"is_trial":false,"path_per_floor":["M","?","M","?","$","E","M","R","T","?","E","$","M","T","R","B",null,"M","?","$","T","$","M","?","E","T","?","R","$","R","E"],"character_chosen":"DEFECT","items_purchased":["Lantern","Vajra","Conserve Battery","Oddly Smooth Stone"],"campfire_rested":2,"item_purchase_floors":[12,20,20,29],"current_hp_per_floor":[75,80,80,80,80,80,80,80,80,55,37,37,44,44,68,35,80,46,30,30,30,30,31,25,26,26,22,22,22,46,0],"gold":62,"neow_bonus":"THREE_ENEMY_KILL","is_prod":false,"is_daily":false,"chose_seed":false,"campfire_upgraded":2,"win_rate":0,"timestamp":1557496465,"path_taken":["M","?","M","?","$","E","M","R","T","?","E","?","M","?","R","BOSS","M","?","$","?","?","?","?","E","T","?","R","$","R","E"],"build_version":"2019-01-23","purchased_purges":0,"victory":false,"max_hp_per_floor":[75,80,80,80,80,80,80,80,80,80,80,80,80,80,80,80,80,80,80,80,80,80,80,80,80,80,80,80,80,80,80],"card_choices":[{"not_picked":["Static Discharge","Steam Power"],"picked":"Self Repair","floor":1},{"not_picked":["Compile Driver","Coolheaded"],"picked":"Cold Snap","floor":3},{"not_picked":["Core Surge","Stack"],"picked":"Ball Lightning","floor":6},{"not_picked":["Beam Cell","Capacitor"],"picked":"Sweeping Beam","floor":7},{"not_picked":["Turbo","Sweeping Beam"],"picked":"Genetic Algorithm","floor":11},{"not_picked":["Go for the Eyes","Lockon"],"picked":"Coolheaded","floor":13},{"not_picked":["Reboot","Biased Cognition"],"picked":"Rainbow","floor":16},{"not_picked":["Hello World+1","Streamline"],"picked":"Self Repair+1","floor":18},{"not_picked":["Leap","Ball Lightning"],"picked":"Steam","floor":23},{"not_picked":["Streamline","Double Energy"],"picked":"Ball Lightning+1","floor":25},{"not_picked":["Compile Driver","Scrape"],"picked":"Rip and Tear","floor":30}],"player_experience":167894,"relics_obtained":[{"floor":6,"key":"Centennial Puzzle"},{"floor":9,"key":"DataDisk"},{"floor":11,"key":"Pantograph"},{"floor":21,"key":"Frozen Egg 2"},{"floor":25,"key":"Dream Catcher"},{"floor":26,"key":"Ancient Tea Set"}],"event_choices":[{"damage_healed":0,"gold_gain":0,"player_choice":"Donut","damage_taken":0,"max_hp_gain":5,"max_hp_loss":0,"event_name":"Big Fish","floor":2,"gold_loss":0},{"damage_healed":0,"gold_gain":0,"player_choice":"Leave","damage_taken":0,"max_hp_gain":0,"max_hp_loss":0,"event_name":"The Cleric","floor":4,"gold_loss":0},{"damage_healed":0,"gold_gain":0,"player_choice":"Fled","damage_taken":25,"max_hp_gain":0,"max_hp_loss":0,"event_name":"Scrap Ooze","floor":10,"gold_loss":0},{"damage_healed":0,"gold_gain":90,"player_choice":"GOLD ","damage_taken":16,"max_hp_gain":0,"max_hp_loss":0,"event_name":"Knowing Skull","floor":19,"potions_obtained":[],"gold_loss":0,"cards_obtained":[]},{"damage_healed":0,"gold_gain":0,"player_choice":"Joined the Cult","damage_taken":6,"max_hp_gain":0,"max_hp_loss":0,"event_name":"Nest","floor":24,"gold_loss":0,"cards_obtained":["RitualDagger"]},{"damage_healed":0,"gold_gain":0,"player_choice":"Fight","damage_taken":0,"max_hp_gain":0,"max_hp_loss":0,"event_name":"Colosseum","floor":27,"gold_loss":0},{"damage_healed":0,"gold_gain":0,"player_choice":"Fled From Nobs","damage_taken":0,"max_hp_gain":0,"max_hp_loss":0,"event_name":"Colosseum","floor":27,"gold_loss":0}],"is_beta":false,"boss_relics":[{"not_picked":["White Beast Statue","Runic Dome"],"picked":"Lizard Tail"}],"items_purged_floors":[],"is_endless":false,"potions_floor_spawned":[1,6,13,16,18],"killed_by":"Gremlin Leader","ascension_level":3}