{"gold_per_floor":[117,117,117,131,306,306,337,351,378,388,388,398,398,398,398,493,493,513,36,36,33,46,80,80,179,179,179,214,214,17,29,29,29],"floor_reached":33,"playtime":1039,"items_purged":["Doubt"],"score":453,"play_id":"402ec63a-4d12-44c9-be9d-d8c7ddb6acac","local_time":"20190321115856","is_ascension_mode":true,"campfire_choices":[{"data":"Deadly Poison","floor":6,"key":"SMITH"},{"floor":11,"key":"REST"},{"data":"Footwork","floor":13,"key":"SMITH"},{"data":"Caltrops","floor":15,"key":"SMITH"},{"floor":24,"key":"REST"},{"data":"Envenom","floor":27,"key":"SMITH"},{"floor":32,"key":"REST"}],"neow_cost":"NONE","seed_source_timestamp":42501205223384,"circlet_count":0,"master_deck":["AscendersBane","Defend_G","Defend_G","Defend_G","Defend_G","Defend_G","Strike_G","Strike_G","Survivor","Neutralize+1","Acrobatics","Deadly Poison+1","Footwork+1","Caltrops+1","Sucker Punch","Envenom+1","Blur+1","Dagger Throw+1","Quick Slash+1","Acrobatics","After Image","Deadly Poison","All Out Attack","Skewer+1"],"relics":["Velvet Choker","Bag of Marbles","Tough Bandages","Boot","Astrolabe","Bottled Tornado","Vajra","Shuriken","Strawberry","Membership Card"],"potions_floor_usage":[16,22,23,28],"damage_taken":[{"damage":0,"enemies":"Small Slimes","floor":1,"turns":3},{"damage":0,"enemies":"Cultist","floor":4,"turns":3},{"damage":28,"enemies":"Lagavulin","floor":7,"turns":10},{"damage":0,"enemies":"Jaw Worm","floor":8,"turns":3},{"damage":3,"enemies":"2 Fungi Beasts","floor":10,"turns":4},{"damage":11,"enemies":"3 Louse","floor":12,"turns":3},{"damage":27,"enemies":"Hexaghost","floor":16,"turns":10},{"damage":2,"enemies":"Shell Parasite","floor":18,"turns":5},{"damage":12,"enemies":"2 Thieves","floor":21,"turns":4},{"damage":16,"enemies":"Centurion and Healer","floor":22,"turns":7},{"damage":17,"enemies":"Book of Stabbing","floor":23,"turns":6},{"damage":22,"enemies":"Gremlin Leader","floor":28,"turns":6},{"damage":3,"enemies":"3 Cultists","floor":31,"turns":6},{"damage":37,"enemies":"Collector","floor":33,"turns":4}],"seed_played":"9128748612809786724","potions_obtained":[{"floor":7,"key":"SkillPotion"},{"floor":10,"key":"SteroidPotion"},{"floor":12,"key":"Poison Potion"},{"floor":18,"key":"FearPotion"},{"floor":23,"key":"EssenceOfSteel"},{"floor":28,"key":"SmokeBomb"}],"is_trial":false,"path_per_floor":["M","?","?","M","?","R","E","M","T","M","R","M","R","?","R","B",null,"M","$","?","M","M","E","R","?","T","R","E","?","$","M","R","B"],"character_chosen":"THE_SILENT","items_purchased":["After Image","Bottled Tornado","Membership Card"],"campfire_rested":3,"item_purchase_floors":[19,19,30],"current_hp_per_floor":[63,45,45,45,45,45,17,17,17,14,35,24,24,47,47,20,58,56,56,56,44,28,11,32,32,32,32,17,17,17,14,37,0],"gold":29,"neow_bonus":"BOSS_RELIC","is_prod":false,"is_daily":false,"chose_seed":false,"campfire_upgraded":4,"win_rate":0,"timestamp":1553180336,"path_taken":["M","?","?","?","?","R","E","M","T","M","R","M","R","?","R","BOSS","M","$","?","M","M","E","R","?","T","R","E","?","?","M","R","BOSS"],"build_version":"2019-01-23","purchased_purges":1,"victory":false,"max_hp_per_floor":[70,70,70,70,70,70,70,70,70,70,70,70,70,70,70,70,70,70,70,70,70,70,70,70,70,70,70,77,77,77,77,77,77],"card_choices":[{"not_picked":["Cloak And Dagger","Endless Agony"],"picked":"Acrobatics","floor":1},{"not_picked":["Sucker Punch","Slice"],"picked":"Deadly Poison","floor":4},{"not_picked":["Flying Knee","Catalyst"],"picked":"Footwork","floor":7},{"not_picked":["Prepared","Acrobatics"],"picked":"Caltrops","floor":8},{"not_picked":["Quick Slash","Expertise","Choke"],"picked":"SKIP","floor":10},{"not_picked":["Dagger Throw","Underhanded Strike"],"picked":"Sucker Punch","floor":12},{"not_picked":["Bullet Time","A Thousand Cuts"],"picked":"Envenom","floor":16},{"not_picked":["Dagger Spray+1","Sucker Punch"],"picked":"Acrobatics","floor":18},{"not_picked":["Sucker Punch","Deflect","Backflip"],"picked":"SKIP","floor":21},{"not_picked":["Skewer","Terror"],"picked":"Deadly Poison","floor":22},{"not_picked":["Blade Dance","Setup+1"],"picked":"All Out Attack","floor":23},{"not_picked":["Venomology","Deadly Poison","Dagger Spray"],"picked":"SKIP","floor":28},{"not_picked":["Eviscerate","Deadly Poison"],"picked":"Skewer+1","floor":31}],"player_experience":982180,"relics_obtained":[{"floor":7,"key":"Tough Bandages"},{"floor":9,"key":"Boot"},{"floor":23,"key":"Vajra"},{"floor":26,"key":"Shuriken"},{"floor":28,"key":"Strawberry"}],"event_choices":[{"damage_healed":0,"gold_gain":0,"player_choice":"Success","damage_taken":18,"relics_obtained":["Bag of Marbles"],"max_hp_gain":0,"max_hp_loss":0,"event_name":"Scrap Ooze","floor":2,"gold_loss":0},{"damage_healed":0,"gold_gain":0,"player_choice":"Upgraded","damage_taken":0,"max_hp_gain":0,"max_hp_loss":0,"event_name":"Upgrade Shrine","floor":3,"gold_loss":0,"cards_upgraded":["Neutralize"]},{"damage_healed":0,"gold_gain":175,"player_choice":"AGREE","damage_taken":0,"max_hp_gain":0,"max_hp_loss":0,"event_name":"Liars Game","floor":5,"gold_loss":0,"cards_obtained":["Doubt"]},{"damage_healed":23,"gold_gain":0,"player_choice":"Banana","damage_taken":0,"max_hp_gain":0,"max_hp_loss":0,"event_name":"Big Fish","floor":14,"gold_loss":0},{"damage_healed":0,"gold_gain":0,"player_choice":"Ignored","damage_taken":0,"max_hp_gain":0,"max_hp_loss":0,"event_name":"Ghosts","floor":20,"gold_loss":0},{"damage_healed":0,"gold_gain":99,"player_choice":"Stole From Cult","damage_taken":0,"max_hp_gain":0,"max_hp_loss":0,"event_name":"Nest","floor":25,"gold_loss":0},{"damage_healed":0,"gold_gain":0,"player_choice":"Ignored","damage_taken":0,"max_hp_gain":0,"max_hp_loss":0,"event_name":"Vampires","floor":29,"gold_loss":0}],"is_beta":false,"boss_relics":[{"not_picked":["WristBlade","Busted Crown"],"picked":"Astrolabe"}],"items_purged_floors":[19],"is_endless":false,"potions_floor_spawned":[7,10,12,18,23,28],"killed_by":"Collector","ascension_level":12}