{"gold_per_floor":[12,23,42,42,61,61,91,91,91,117,82,82,157,169,169,271,271,287,287,287,302,302,302,302],"floor_reached":24,"playtime":601,"items_purged":[],"score":265,"play_id":"117abeb8-80d9-416c-87e1-e2b35b732ef5","local_time":"20181231155552","is_ascension_mode":true,"campfire_choices":[{"data":"Creative AI","floor":6,"key":"SMITH"},{"floor":8,"key":"REST"},{"data":"Chill","floor":12,"key":"SMITH"},{"data":"Consume","floor":15,"key":"SMITH"},{"floor":23,"key":"REST"}],"neow_cost":"NO_GOLD","seed_source_timestamp":847746470688193,"circlet_count":0,"master_deck":["Strike_B","Strike_B","Strike_B","Strike_B","Defend_B","Defend_B","Defend_B","Defend_B","Zap","Dualcast","Creative AI+1","Chill+1","Gash","Turbo","Conserve Battery","Gash","Consume+1","Amplify","Storm","Necronomicurse","Self Repair+1"],"relics":["Cracked Core","Blue Candle","The Courier","Centennial Puzzle","Philosopher\u0027s Stone","Necronomicon"],"potions_floor_usage":[7,7,7,21,22,24],"damage_taken":[{"damage":1,"enemies":"Cultist","floor":1,"turns":3},{"damage":8,"enemies":"2 Louse","floor":2,"turns":2},{"damage":8,"enemies":"Small Slimes","floor":3,"turns":3},{"damage":2,"enemies":"2 Fungi Beasts","floor":5,"turns":4},{"damage":24,"enemies":"Lagavulin","floor":7,"turns":5},{"damage":3,"enemies":"Exordium Wildlife","floor":14,"turns":4},{"damage":33,"enemies":"Slime Boss","floor":16,"turns":5},{"damage":27,"enemies":"2 Thieves","floor":18,"turns":5},{"damage":4,"enemies":"Shell Parasite","floor":21,"turns":6},{"damage":10,"enemies":"Chosen and Byrds","floor":22,"turns":4},{"damage":52,"enemies":"Slavers","floor":24,"turns":4}],"seed_played":"5736797479548612701","potions_obtained":[{"floor":1,"key":"SkillPotion"},{"floor":2,"key":"AttackPotion"},{"floor":4,"key":"Ancient Potion"},{"floor":4,"key":"PowerPotion"},{"floor":16,"key":"SmokeBomb"},{"floor":18,"key":"Energy Potion"},{"floor":21,"key":"Weak Potion"}],"is_trial":false,"path_per_floor":["M","M","M","?","M","R","E","R","T","T","?","R","?","M","R","B",null,"M","?","?","M","M","R","E"],"character_chosen":"DEFECT","items_purchased":[],"campfire_rested":2,"item_purchase_floors":[],"current_hp_per_floor":[67,59,51,51,49,49,25,47,47,47,65,65,54,51,51,18,61,34,18,18,14,24,46,0],"gold":302,"neow_bonus":"THREE_RARE_CARDS","is_prod":false,"is_daily":false,"chose_seed":false,"campfire_upgraded":3,"win_rate":0,"timestamp":1546282552,"path_taken":["M","M","M","?","?","R","E","R","T","?","?","R","?","M","R","BOSS","M","?","?","?","M","R","E"],"build_version":"2018-12-20","purchased_purges":0,"victory":false,"max_hp_per_floor":[75,75,75,75,75,75,75,75,75,75,75,75,75,75,75,75,75,75,75,75,75,75,75,75],"card_choices":[{"not_picked":["Reboot","Fission"],"picked":"Creative AI","floor":0},{"not_picked":["Gash","Turbo"],"picked":"Chill","floor":1},{"not_picked":["Coolheaded","Rip and Tear"],"picked":"Gash","floor":2},{"not_picked":["Tempest","Hologram"],"picked":"Turbo","floor":3},{"not_picked":["Hologram","Streamline"],"picked":"Conserve Battery","floor":5},{"not_picked":["Rebound","Doom and Gloom"],"picked":"Gash","floor":7},{"not_picked":["Stack","Steam"],"picked":"Consume","floor":14},{"not_picked":["Buffer","Rainbow"],"picked":"Amplify","floor":16},{"not_picked":["Coolheaded","Rip and Tear"],"picked":"Storm","floor":18},{"not_picked":["BootSequence","Sweeping Beam+1"],"picked":"Self Repair+1","floor":21}],"player_experience":589668,"relics_obtained":[{"floor":7,"key":"Blue Candle"},{"floor":9,"key":"The Courier"},{"floor":10,"key":"Centennial Puzzle"},{"floor":19,"key":"Necronomicon"}],"event_choices":[{"damage_healed":0,"gold_gain":0,"player_choice":"Got Potions","damage_taken":0,"max_hp_gain":0,"max_hp_loss":0,"event_name":"Lab","floor":4,"gold_loss":0},{"damage_healed":18,"gold_gain":0,"player_choice":"Healed","damage_taken":0,"max_hp_gain":0,"max_hp_loss":0,"event_name":"The Cleric","floor":11,"gold_loss":35},{"damage_healed":0,"gold_gain":75,"player_choice":"Gather Gold","damage_taken":11,"max_hp_gain":0,"max_hp_loss":0,"event_name":"World of Goop","floor":13,"gold_loss":0},{"damage_healed":0,"gold_gain":0,"player_choice":"Obtained Book","damage_taken":16,"max_hp_gain":0,"max_hp_loss":0,"event_name":"Cursed Tome","floor":19,"gold_loss":0},{"damage_healed":0,"gold_gain":0,"player_choice":"Ignored","damage_taken":0,"max_hp_gain":0,"max_hp_loss":0,"event_name":"Vampires","floor":20,"gold_loss":0}],"is_beta":false,"boss_relics":[{"not_picked":["Empty Cage","Snecko Eye"],"picked":"Philosopher\u0027s Stone"}],"items_purged_floors":[],"is_endless":false,"potions_floor_spawned":[1,2,16,18,21],"killed_by":"Slavers","ascension_level":7}