{"gold_per_floor":[110,122,122,122,139,174,174,199,223,29,29,49,65,75,75,176,176,196,196,208,230,242],"floor_reached":22,"playtime":1040,"items_purged":[],"score":196,"play_id":"00a8f9ef-614d-45bb-ba10-f531a1ba4261","local_time":"20190514145213","is_ascension_mode":false,"campfire_choices":[{"floor":7,"key":"REST"},{"floor":11,"key":"REST"},{"floor":15,"key":"REST"}],"neow_cost":"NONE","seed_source_timestamp":179254622887542,"circlet_count":0,"master_deck":["Defend_G","Defend_G","Defend_G","Defend_G","Defend_G","Strike_G","Strike_G","Strike_G+1","Strike_G","Strike_G","Survivor","Neutralize+1","Distraction","Dodge and Roll","Leg Sweep","Riddle With Holes","Crippling Poison","Backstab","Calculated Gamble","Catalyst","Wraith Form v2+1","Wraith Form v2","Backflip","Writhe","Cloak And Dagger"],"relics":["Ring of the Snake","Strawberry","Ancient Tea Set","Meat on the Bone","Dream Catcher","Bronze Scales","Runic Pyramid","MawBank"],"potions_floor_usage":[6,8],"damage_taken":[{"damage":0,"enemies":"Small Slimes","floor":1,"turns":3},{"damage":0,"enemies":"2 Louse","floor":2,"turns":3},{"damage":4,"enemies":"Jaw Worm","floor":5,"turns":6},{"damage":49,"enemies":"Gremlin Nob","floor":6,"turns":7},{"damage":21,"enemies":"Lagavulin","floor":8,"turns":12},{"damage":0,"enemies":"Red Slaver","floor":12,"turns":2},{"damage":5,"enemies":"Blue Slaver","floor":13,"turns":4},{"damage":0,"enemies":"Exordium Wildlife","floor":14,"turns":4},{"damage":17,"enemies":"The Guardian","floor":16,"turns":16},{"damage":46,"enemies":"2 Thieves","floor":18,"turns":4},{"damage":7,"enemies":"Chosen","floor":21,"turns":8},{"damage":50,"enemies":"Centurion and Healer","floor":22,"turns":17}],"seed_played":"1383843226658351606","potions_obtained":[{"floor":1,"key":"Fire Potion"},{"floor":6,"key":"SpeedPotion"},{"floor":8,"key":"SteroidPotion"},{"floor":13,"key":"Swift Potion"},{"floor":18,"key":"Swift Potion"}],"is_trial":false,"path_per_floor":["M","M","?","?","M","E","R","E","T","$","R","M","M","M","R","B",null,"M","?","?","M","M"],"character_chosen":"THE_SILENT","items_purchased":["Bronze Scales","Backstab"],"campfire_rested":3,"item_purchase_floors":[10,10],"current_hp_per_floor":[77,77,72,55,51,2,27,6,6,6,31,43,50,50,75,58,84,50,50,50,43,0],"gold":242,"neow_bonus":"TEN_PERCENT_HP_BONUS","is_prod":false,"is_daily":false,"chose_seed":false,"campfire_upgraded":0,"win_rate":0,"timestamp":1557859933,"path_taken":["M","M","?","?","?","E","R","E","T","?","R","M","M","M","R","BOSS","M","?","?","M","?"],"build_version":"2019-01-23","purchased_purges":0,"victory":false,"max_hp_per_floor":[77,77,84,84,84,84,84,84,84,84,84,84,84,84,84,84,84,84,84,84,84,84],"card_choices":[{"not_picked":["Masterful Stab","Dodge and Roll"],"picked":"Distraction","floor":1},{"not_picked":["Blade Dance","Expertise"],"picked":"Dodge and Roll","floor":2},{"not_picked":["Flechettes","Dagger Spray"],"picked":"Leg Sweep","floor":5},{"not_picked":["Blade Dance","Heel Hook"],"picked":"Riddle With Holes","floor":6},{"not_picked":["Poisoned Stab","Flying Knee"],"picked":"Crippling Poison","floor":8},{"not_picked":["Dodge and Roll","Outmaneuver","Predator"],"picked":"SKIP","floor":12},{"not_picked":["Deflect","Bane"],"picked":"Calculated Gamble","floor":13},{"not_picked":["Finisher","Blade Dance"],"picked":"Catalyst","floor":14},{"not_picked":["Masterful Stab","Deflect"],"picked":"Wraith Form v2","floor":15},{"not_picked":["Unload","Tools of the Trade"],"picked":"Wraith Form v2","floor":16},{"not_picked":["Underhanded Strike","Dagger Spray"],"picked":"Backflip","floor":18},{"not_picked":["Deflect","Glass Knife"],"picked":"Cloak And Dagger","floor":21}],"player_experience":107152,"relics_obtained":[{"floor":6,"key":"Ancient Tea Set"},{"floor":8,"key":"Meat on the Bone"},{"floor":9,"key":"Dream Catcher"}],"event_choices":[{"damage_healed":0,"gold_gain":0,"player_choice":"Success","damage_taken":12,"relics_obtained":["Strawberry"],"max_hp_gain":0,"max_hp_loss":0,"event_name":"Scrap Ooze","floor":3,"gold_loss":0},{"damage_healed":0,"gold_gain":0,"player_choice":"Entered Light","damage_taken":17,"max_hp_gain":0,"max_hp_loss":0,"event_name":"Shining Light","floor":4,"gold_loss":0,"cards_upgraded":["Neutralize","Strike_G"]},{"damage_healed":0,"gold_gain":0,"player_choice":"Opened","damage_taken":0,"relics_obtained":["MawBank"],"max_hp_gain":0,"max_hp_loss":0,"event_name":"The Mausoleum","floor":19,"gold_loss":0,"cards_obtained":["Writhe"]},{"damage_healed":0,"gold_gain":0,"player_choice":"Upgraded","damage_taken":0,"max_hp_gain":0,"max_hp_loss":0,"event_name":"Upgrade Shrine","floor":20,"gold_loss":0,"cards_upgraded":["Wraith Form v2"]}],"is_beta":false,"boss_relics":[{"not_picked":["Black Star","Astrolabe"],"picked":"Runic Pyramid"}],"items_purged_floors":[],"is_endless":false,"potions_floor_spawned":[1,6,8,13,18],"killed_by":"Centurion and Healer","ascension_level":0}