{"gold_per_floor":[15,29,47,3,23,23,50,50,100,100,114,142,161,161,161,238,238,250,175,175,175,190,190,205,205],"floor_reached":25,"playtime":1786,"items_purged":[],"score":426,"play_id":"08673f05-9a55-41a0-874e-d1fc224d542e","local_time":"20190424153255","is_ascension_mode":true,"campfire_choices":[{"data":"Bash","floor":6,"key":"SMITH"},{"data":"Carnage","floor":8,"key":"SMITH"},{"floor":10,"key":"REST"},{"data":"Feel No Pain","floor":15,"key":"SMITH"},{"floor":23,"key":"REST"}],"neow_cost":"NO_GOLD","seed_source_timestamp":5621238244607,"circlet_count":0,"master_deck":["AscendersBane","Strike_R","Strike_R","Defend_R","Defend_R","Defend_R","Defend_R","Bash+1","Demon Form","Evolve","Pommel Strike","Power Through","Carnage+1","Cleave","Shockwave","Shrug It Off","Feel No Pain+1","Feed","Shrug It Off","Rupture","Second Wind","Anger"],"relics":["Burning Blood","Kunai","Lantern","Omamori","Sozu"],"potions_floor_usage":[7,7],"damage_taken":[{"damage":7,"enemies":"Cultist","floor":1,"turns":4},{"damage":20,"enemies":"Small Slimes","floor":2,"turns":6},{"damage":6,"enemies":"2 Louse","floor":3,"turns":4},{"damage":40,"enemies":"Large Slime","floor":5,"turns":9},{"damage":8,"enemies":"Lagavulin","floor":7,"turns":7},{"damage":0,"enemies":"Red Slaver","floor":11,"turns":3},{"damage":10,"enemies":"3 Sentries","floor":12,"turns":6},{"damage":0,"enemies":"Blue Slaver","floor":13,"turns":3},{"damage":22,"enemies":"Slime Boss","floor":16,"turns":8},{"damage":41,"enemies":"Spheric Guardian","floor":18,"turns":11},{"damage":16,"enemies":"3 Byrds","floor":22,"turns":7},{"damage":34,"enemies":"3 Cultists","floor":24,"turns":7},{"damage":23,"enemies":"Slavers","floor":25,"turns":5}],"seed_played":"5374119400593438834","potions_obtained":[{"floor":2,"key":"AttackPotion"},{"floor":3,"key":"GamblersBrew"},{"floor":5,"key":"Block Potion"}],"is_trial":false,"path_per_floor":["M","M","M","$","M","R","E","R","T","R","M","E","M","?","R","B",null,"M","?","?","?","M","R","M","E"],"character_chosen":"IRONCLAD","items_purchased":["Power Through"],"campfire_rested":2,"item_purchase_floors":[4],"current_hp_per_floor":[67,53,53,53,19,19,17,17,17,39,45,41,47,47,47,31,64,29,29,29,29,22,45,17,0],"gold":205,"neow_bonus":"THREE_RARE_CARDS","is_prod":false,"is_daily":false,"chose_seed":false,"campfire_upgraded":3,"win_rate":0,"timestamp":1556134375,"path_taken":["M","M","?","?","M","R","E","R","T","R","M","E","M","?","R","BOSS","M","?","?","?","M","R","M","E"],"build_version":"2019-01-23","purchased_purges":0,"victory":false,"max_hp_per_floor":[75,75,75,75,75,75,75,75,75,75,75,75,75,75,75,75,75,75,75,75,75,78,78,78,81],"card_choices":[{"not_picked":["Dark Embrace","Berserk"],"picked":"Demon Form","floor":0},{"not_picked":["Flex","Clash","Power Through"],"picked":"SKIP","floor":1},{"not_picked":["Power Through","Flex"],"picked":"Evolve","floor":2},{"not_picked":["Headbutt","Sentinel"],"picked":"Pommel Strike","floor":3},{"not_picked":["Thunderclap","Armaments"],"picked":"Carnage","floor":5},{"not_picked":["Heavy Blade","Seeing Red"],"picked":"Cleave","floor":7},{"not_picked":["Dark Embrace","Sword Boomerang"],"picked":"Shockwave","floor":11},{"not_picked":["Clash","Perfected Strike"],"picked":"Shrug It Off","floor":12},{"not_picked":["Headbutt","Sever Soul"],"picked":"Feel No Pain","floor":13},{"not_picked":["Barricade","Bludgeon"],"picked":"Feed","floor":16},{"not_picked":["Dual Wield+1","Evolve","Flex"],"picked":"SKIP","floor":18},{"not_picked":["Thunderclap","Searing Blow+1"],"picked":"Second Wind","floor":22},{"not_picked":["Burning Pact","Fire Breathing"],"picked":"Anger","floor":24}],"player_experience":1259471,"relics_obtained":[{"floor":7,"key":"Kunai"},{"floor":9,"key":"Lantern"},{"floor":12,"key":"Omamori"}],"event_choices":[{"damage_healed":0,"gold_gain":0,"player_choice":"Searched \u00270\u0027 times","damage_taken":0,"max_hp_gain":0,"max_hp_loss":0,"event_name":"Dead Adventurer","floor":14,"gold_loss":0},{"cards_removed":["Strike_R"],"damage_healed":0,"gold_gain":0,"player_choice":"Gave Gold","damage_taken":0,"max_hp_gain":0,"max_hp_loss":0,"event_name":"Beggar","floor":19,"gold_loss":75},{"damage_healed":0,"gold_gain":0,"cards_transformed":["Strike_R","Strike_R"],"player_choice":"Became Test Subject","damage_taken":0,"max_hp_gain":0,"max_hp_loss":0,"event_name":"Drug Dealer","floor":20,"gold_loss":0,"cards_obtained":["Shrug It Off","Rupture"]},{"damage_healed":0,"gold_gain":0,"player_choice":"Leave","damage_taken":0,"max_hp_gain":0,"max_hp_loss":0,"event_name":"FaceTrader","floor":21,"gold_loss":0}],"is_beta":false,"boss_relics":[{"not_picked":["Pandora\u0027s Box","Lizard Tail"],"picked":"Sozu"}],"items_purged_floors":[],"is_endless":false,"potions_floor_spawned":[2,3,5,18],"killed_by":"Slavers","ascension_level":20}