{"gold_per_floor":[118,37,51,64,139,164,179,193,193,193,213,246,246,273,273,371,371,386,386,14,14,28,28,56,56,104,124,154,167,167,82,82,178,178,195,213,213,233,26,58,58,72,72,85,85,10,10,110,110,110,110,110,16,47,47],"floor_reached":56,"playtime":3463,"items_purged":["Defend_B","Strike_B"],"score":1285,"play_id":"c4bf67b3-3a79-4679-a7d5-3f846cbce9ee","local_time":"20190222122505","is_ascension_mode":false,"campfire_choices":[{"data":"Doom and Gloom","floor":15,"key":"SMITH"},{"floor":23,"key":"RECALL"},{"floor":25,"key":"REST"},{"floor":30,"key":"REST"},{"floor":32,"key":"REST"},{"floor":41,"key":"REST"},{"floor":49,"key":"REST"},{"floor":52,"key":"REST"}],"neow_cost":"NONE","seed_source_timestamp":413199264934867,"circlet_count":0,"master_deck":["Strike_B","Strike_B","Strike_B+1","Defend_B","Defend_B","Defend_B","Zap","Dualcast","Doom and Gloom+1","Rip and Tear","Genetic Algorithm","Ball Lightning","Creative AI","Cold Snap","Compile Driver","Glacier+1","Electrodynamics","Master of Strategy","Seek","Machine Learning","Compile Driver+1","Steam+1","Skim+1","Amplify+1","Hologram+1","Thunder Strike+1","Undo","Reinforced Body"],"relics":["FrozenCore","Mango","DataDisk","Bag of Marbles","Molten Egg 2","Fusion Hammer","Membership Card","Happy Flower","Bronze Scales","Juzu Bracelet","Sundial","Bird Faced Urn","Question Card","Bag of Preparation","Ginger","Dodecahedron"],"potions_floor_usage":[7,8,12,16,16,33,33,33,33,40,42,55,55,55],"damage_taken":[{"damage":2,"enemies":"Small Slimes","floor":1,"turns":4},{"damage":2,"enemies":"2 Louse","floor":3,"turns":2},{"damage":1,"enemies":"Jaw Worm","floor":4,"turns":3},{"damage":23,"enemies":"3 Sentries","floor":6,"turns":5},{"damage":10,"enemies":"Exordium Wildlife","floor":7,"turns":4},{"damage":8,"enemies":"Lots of Slimes","floor":8,"turns":3},{"damage":0,"enemies":"2 Fungi Beasts","floor":11,"turns":3},{"damage":7,"enemies":"Lagavulin","floor":12,"turns":5},{"damage":11,"enemies":"Gremlin Nob","floor":14,"turns":3},{"damage":0,"enemies":"Slime Boss","floor":16,"turns":7},{"damage":7,"enemies":"Shell Parasite","floor":18,"turns":3},{"damage":0,"enemies":"Chosen","floor":22,"turns":3},{"damage":41,"enemies":"Slavers","floor":24,"turns":3},{"damage":0,"enemies":"Snake Plant","floor":27,"turns":3},{"damage":2,"enemies":"Book of Stabbing","floor":28,"turns":5},{"damage":6,"enemies":"Shelled Parasite and Fungi","floor":29,"turns":5},{"damage":0,"enemies":"Champ","floor":33,"turns":9},{"damage":1,"enemies":"Orb Walker","floor":35,"turns":4},{"damage":5,"enemies":"3 Darklings","floor":36,"turns":3},{"damage":0,"enemies":"Jaw Worm Horde","floor":38,"turns":3},{"damage":47,"enemies":"Nemesis","floor":40,"turns":11},{"damage":9,"enemies":"Transient","floor":42,"turns":5},{"damage":1,"enemies":"Sphere and 2 Shapes","floor":44,"turns":4},{"damage":0,"enemies":"Mind Bloom Boss Battle","floor":48,"turns":9},{"damage":70,"enemies":"Time Eater","floor":50,"turns":17},{"damage":7,"enemies":"Shield and Spear","floor":54,"turns":8},{"damage":107,"enemies":"The Heart","floor":55,"turns":14}],"seed_played":"4499396190790868098","potions_obtained":[{"floor":1,"key":"SkillPotion"},{"floor":6,"key":"Poison Potion"},{"floor":7,"key":"Regen Potion"},{"floor":11,"key":"Ancient Potion"},{"floor":12,"key":"SteroidPotion"},{"floor":18,"key":"FearPotion"},{"floor":21,"key":"EntropicBrew"},{"floor":24,"key":"Fire Potion"},{"floor":35,"key":"Ancient Potion"},{"floor":40,"key":"SteroidPotion"},{"floor":54,"key":"FearPotion"}],"is_trial":false,"path_per_floor":["M","$","M","M","?","E","M","M","T","?","M","E","?","E","R","B",null,"M","?","$","?","M","R","E","R","T","M","E","M","R","?","R","B",null,"M","M","?","M","$","E","R","M","T","M","?","$","?","?","R","B",null,"R","$","E","B",null],"character_chosen":"DEFECT","items_purchased":["Genetic Algorithm","Membership Card","Master of Strategy","FocusPotion","Bird Faced Urn","Bag of Preparation","Thunder Strike+1","Undo"],"campfire_rested":6,"item_purchase_floors":[2,20,20,20,39,46,53,53],"current_hp_per_floor":[73,73,71,70,59,50,40,32,32,61,61,68,50,39,39,39,89,82,82,82,82,82,82,41,67,67,67,65,59,85,85,89,89,89,88,83,83,83,83,62,88,82,82,89,89,89,89,89,89,53,89,89,89,89,37],"gold":47,"neow_bonus":"THREE_CARDS","is_prod":false,"is_daily":false,"chose_seed":false,"campfire_upgraded":1,"win_rate":0,"timestamp":1550838305,"path_taken":["M","$","M","M","?","E","M","M","T","?","M","E","?","E","R","BOSS","M","?","$","?","M","R","E","R","T","?","E","M","R","?","R","BOSS","M","M","?","M","$","E","R","M","T","M","?","$","?","?","R","BOSS","R","$","E","BOSS"],"build_version":"2019-02-06","purchased_purges":2,"victory":true,"max_hp_per_floor":[75,75,75,75,75,89,89,89,89,89,89,89,89,89,89,89,89,89,89,89,89,89,89,89,89,89,89,89,89,89,89,89,89,89,89,89,89,89,89,89,89,89,89,89,89,89,89,89,89,89,89,89,89,89,89],"card_choices":[{"not_picked":["Storm","Hologram"],"picked":"Doom and Gloom","floor":0},{"not_picked":["Turbo","Darkness"],"picked":"Rip and Tear","floor":1},{"not_picked":["Stack","Rebound"],"picked":"Barrage","floor":3},{"not_picked":["Coolheaded","Beam Cell"],"picked":"Ball Lightning","floor":4},{"not_picked":["Ball Lightning","Hologram"],"picked":"Creative AI","floor":6},{"not_picked":["Chaos","Hologram"],"picked":"Cold Snap","floor":7},{"not_picked":["Sweeping Beam","Chill"],"picked":"Compile Driver","floor":8},{"not_picked":["Recycle","Redo"],"picked":"Glacier","floor":11},{"not_picked":["Auto Shields","Streamline","Steam"],"picked":"SKIP","floor":12},{"not_picked":["Auto Shields","Doom and Gloom","Coolheaded"],"picked":"SKIP","floor":14},{"not_picked":["Machine Learning","Meteor Strike+1"],"picked":"Electrodynamics","floor":16},{"not_picked":["Reinforced Body","Rip and Tear+1","Tempest"],"picked":"SKIP","floor":18},{"not_picked":["Darkness","Steam+1","Redo"],"picked":"SKIP","floor":22},{"not_picked":["Undo","Blizzard+1"],"picked":"Seek","floor":24},{"not_picked":["Fusion","Go for the Eyes+1","Stack"],"picked":"SKIP","floor":27},{"not_picked":["Undo","Creative AI","Chaos"],"picked":"SKIP","floor":28},{"not_picked":["Beam Cell+1","Gash+1","Steam"],"picked":"SKIP","floor":29},{"not_picked":["Electrodynamics","Reboot"],"picked":"Machine Learning","floor":33},{"not_picked":["Ball Lightning+1","Stack"],"picked":"Compile Driver+1","floor":35},{"not_picked":["Aggregate+1","Ball Lightning+1"],"picked":"Steam+1","floor":36},{"not_picked":["Stack+1","BootSequence","Go for the Eyes+1"],"picked":"SKIP","floor":38},{"not_picked":["Coolheaded","Cold Snap+1"],"picked":"Skim+1","floor":40},{"not_picked":["Compile Driver+1","Streamline+1","Steam"],"picked":"Amplify","floor":42},{"not_picked":["Lockon+1","Gash+1","Ball Lightning+1"],"picked":"Hologram+1","floor":44},{"not_picked":["Turbo+1","Self Repair","Conserve Battery"],"picked":"Reinforced Body","floor":54}],"player_experience":949019,"relics_obtained":[{"floor":6,"key":"Mango"},{"floor":9,"key":"DataDisk"},{"floor":12,"key":"Bag of Marbles"},{"floor":14,"key":"Molten Egg 2"},{"floor":24,"key":"Happy Flower"},{"floor":26,"key":"Bronze Scales"},{"floor":28,"key":"Juzu Bracelet"},{"floor":40,"key":"Question Card"},{"floor":48,"key":"Ginger"},{"floor":54,"key":"Dodecahedron"}],"event_choices":[{"damage_healed":0,"gold_gain":75,"player_choice":"Gather Gold","damage_taken":11,"max_hp_gain":0,"max_hp_loss":0,"event_name":"World of Goop","floor":5,"gold_loss":0},{"damage_healed":29,"gold_gain":0,"player_choice":"Banana","damage_taken":0,"max_hp_gain":0,"max_hp_loss":0,"event_name":"Big Fish","floor":10,"gold_loss":0},{"damage_healed":0,"gold_gain":0,"player_choice":"Entered Light","damage_taken":18,"max_hp_gain":0,"max_hp_loss":0,"event_name":"Shining Light","floor":13,"gold_loss":0,"cards_upgraded":["Glacier","Strike_B"]},{"damage_healed":0,"gold_gain":0,"player_choice":"Ignored","damage_taken":0,"max_hp_gain":0,"max_hp_loss":0,"event_name":"The Mausoleum","floor":19,"gold_loss":0},{"damage_healed":0,"gold_gain":0,"player_choice":"Got Potions","damage_taken":0,"max_hp_gain":0,"max_hp_loss":0,"event_name":"Lab","floor":21,"gold_loss":0},{"damage_healed":0,"gold_gain":0,"player_choice":"Obtained Relic","damage_taken":0,"relics_obtained":["Sundial"],"max_hp_gain":0,"max_hp_loss":0,"event_name":"Addict","floor":31,"gold_loss":85},{"cards_removed":["Barrage"],"damage_healed":0,"gold_gain":0,"player_choice":"Removed Attack","damage_taken":0,"max_hp_gain":0,"max_hp_loss":0,"event_name":"Falling","floor":37,"gold_loss":0},{"damage_healed":0,"gold_gain":0,"player_choice":"Ignored","damage_taken":0,"max_hp_gain":0,"max_hp_loss":0,"event_name":"Tomb of Lord Red Mask","floor":45,"gold_loss":0},{"damage_healed":0,"gold_gain":0,"player_choice":"Upgraded","damage_taken":0,"max_hp_gain":0,"max_hp_loss":0,"event_name":"Upgrade Shrine","floor":47,"gold_loss":0,"cards_upgraded":["Amplify"]},{"damage_healed":0,"gold_gain":0,"player_choice":"Fight","damage_taken":0,"max_hp_gain":0,"max_hp_loss":0,"event_name":"MindBloom","floor":48,"gold_loss":0}],"is_beta":true,"boss_relics":[{"not_picked":["Coffee Dripper","Busted Crown"],"picked":"Fusion Hammer"},{"not_picked":["Nuclear Battery","Sozu"],"picked":"FrozenCore"}],"items_purged_floors":[20,39],"is_endless":false,"potions_floor_spawned":[1,6,7,11,12,18,24,29,35,36,40,54],"ascension_level":0}