{"gold_per_floor":[119,16,16,291,309,309,322,55,55,55,83,101,101,101],"floor_reached":14,"playtime":283,"items_purged":["Regret"],"score":150,"play_id":"2b4b487d-e221-415f-a0bb-8e0354dd70e0","local_time":"20190409011457","is_ascension_mode":true,"campfire_choices":[{"data":"Carnage","floor":6,"key":"SMITH"},{"data":"Mayhem","floor":10,"key":"SMITH"}],"neow_cost":"NONE","seed_source_timestamp":653115252961947,"circlet_count":0,"master_deck":["AscendersBane","Strike_R","Strike_R","Strike_R","Strike_R","Strike_R","Defend_R","Defend_R","Defend_R","Defend_R","Bash","Iron Wave","Pummel+1","Combust","Carnage+1","Feed","Mayhem+1","Carnage"],"relics":["Burning Blood","NeowsBlessing","Ginger","Self Forming Clay","Bottled Flame"],"potions_floor_usage":[12],"damage_taken":[{"damage":0,"enemies":"Cultist","floor":1,"turns":1},{"damage":0,"enemies":"Jaw Worm","floor":5,"turns":1},{"damage":0,"enemies":"2 Louse","floor":7,"turns":1},{"damage":57,"enemies":"Lagavulin","floor":11,"turns":7},{"damage":20,"enemies":"Gremlin Gang","floor":12,"turns":5},{"damage":15,"enemies":"Lots of Slimes","floor":14,"turns":3}],"seed_played":"2167778838950357938","potions_obtained":[{"floor":11,"key":"Swift Potion"}],"is_trial":false,"path_per_floor":["M","$","?","?","M","R","M","$","T","R","E","M","T","M"],"character_chosen":"IRONCLAD","items_purchased":["Pummel","Combust","Mayhem"],"campfire_rested":0,"item_purchase_floors":[2,2,8],"current_hp_per_floor":[74,74,74,74,75,75,75,75,75,75,24,13,13,0],"gold":101,"neow_bonus":"THREE_ENEMY_KILL","is_prod":false,"is_daily":false,"chose_seed":false,"campfire_upgraded":2,"win_rate":0,"timestamp":1554783297,"path_taken":["M","?","?","?","?","R","M","?","T","R","E","?","?","M"],"build_version":"2019-01-23","purchased_purges":1,"victory":false,"max_hp_per_floor":[75,75,75,75,75,75,75,75,75,75,75,78,78,78],"card_choices":[{"not_picked":["Perfected Strike","Twin Strike"],"picked":"Iron Wave","floor":1},{"not_picked":["Cleave","Wild Strike"],"picked":"Carnage","floor":5},{"not_picked":["Body Slam","Heavy Blade"],"picked":"Feed","floor":7},{"not_picked":["Bludgeon","Wild Strike"],"picked":"Carnage","floor":11},{"not_picked":["Armaments","Headbutt","Clothesline"],"picked":"SKIP","floor":12}],"player_experience":1055367,"relics_obtained":[{"floor":9,"key":"Ginger"},{"floor":11,"key":"Self Forming Clay"},{"floor":13,"key":"Bottled Flame"}],"event_choices":[{"damage_healed":0,"gold_gain":0,"player_choice":"Grow","damage_taken":0,"max_hp_gain":0,"max_hp_loss":0,"event_name":"Living Wall","floor":3,"gold_loss":0,"cards_upgraded":["Pummel"]},{"damage_healed":0,"gold_gain":275,"player_choice":"Desecrate","damage_taken":0,"max_hp_gain":0,"max_hp_loss":0,"event_name":"Golden Shrine","floor":4,"gold_loss":0,"cards_obtained":["Regret"]}],"is_beta":false,"boss_relics":[],"items_purged_floors":[8],"is_endless":false,"potions_floor_spawned":[11],"killed_by":"Lots of Slimes","ascension_level":14}