{"gold_per_floor":[111,61,73,73,23,37,37,54,54,54,72,88,120,130,130,235,235,249,236,256,171,190,190,216,235,235,235,251,251,268,79,79,183,183,194,494,494,509,509,542,542],"floor_reached":41,"playtime":2046,"items_purged":["Strike_R","Strike_R","Strike_R"],"score":447,"play_id":"7e76c547-b45a-4c19-b8ed-7ae9160c70a6","local_time":"20190424160418","is_ascension_mode":false,"campfire_choices":[{"data":"Bash","floor":7,"key":"SMITH"},{"data":"Armaments","floor":15,"key":"SMITH"},{"data":"True Grit","floor":23,"key":"SMITH"},{"floor":27,"key":"REST"},{"data":"Dual Wield","floor":32,"key":"SMITH"}],"neow_cost":"NONE","seed_source_timestamp":314969842561215,"circlet_count":0,"master_deck":["Strike_R","Defend_R+1","Defend_R","Defend_R","Defend_R+1","Bash+1","Anger","Evolve","Cleave","True Grit+1","Armaments+1","Reckless Charge","Brutality","Twin Strike","Pommel Strike","Spot Weakness+1","Shrug It Off","Dropkick","Dual Wield+1","Shrug It Off","Madness","Madness","Warcry+1"],"relics":["Burning Blood","Smiling Mask","Shuriken","Strawberry","Sozu","Dream Catcher","War Paint","Bag of Preparation","Eternal Feather","Old Coin","Bottled Lightning"],"potions_floor_usage":[24,40],"damage_taken":[{"damage":0,"enemies":"Small Slimes","floor":1,"turns":3},{"damage":6,"enemies":"Jaw Worm","floor":3,"turns":3},{"damage":1,"enemies":"Cultist","floor":6,"turns":4},{"damage":11,"enemies":"3 Louse","floor":8,"turns":3},{"damage":0,"enemies":"2 Fungi Beasts","floor":11,"turns":3},{"damage":21,"enemies":"Exordium Wildlife","floor":12,"turns":7},{"damage":12,"enemies":"3 Sentries","floor":13,"turns":7},{"damage":5,"enemies":"Looter","floor":14,"turns":2},{"damage":24,"enemies":"Slime Boss","floor":16,"turns":8},{"damage":3,"enemies":"Chosen","floor":18,"turns":4},{"damage":21,"enemies":"2 Thieves","floor":19,"turns":4},{"damage":22,"enemies":"Shelled Parasite and Fungi","floor":20,"turns":4},{"damage":5,"enemies":"Centurion and Healer","floor":22,"turns":5},{"damage":40,"enemies":"Gremlin Leader","floor":24,"turns":5},{"damage":3,"enemies":"Snecko","floor":25,"turns":4},{"damage":14,"enemies":"Cultist and Chosen","floor":28,"turns":5},{"damage":3,"enemies":"3 Cultists","floor":30,"turns":4},{"damage":26,"enemies":"Champ","floor":33,"turns":7},{"damage":1,"enemies":"Orb Walker","floor":35,"turns":2},{"damage":25,"enemies":"3 Shapes","floor":38,"turns":6},{"damage":64,"enemies":"Reptomancer","floor":40,"turns":6},{"damage":16,"enemies":"Writhing Mass","floor":41,"turns":1}],"seed_played":"4756654128634647469","potions_obtained":[{"floor":1,"key":"Regen Potion"},{"floor":11,"key":"Energy Potion"},{"floor":12,"key":"SmokeBomb"},{"floor":13,"key":"Energy Potion"}],"is_trial":false,"path_per_floor":["M","$","M","?","$","M","R","M","T","?","M","M","E","M","R","B",null,"M","M","M","?","M","R","E","M","T","R","M","?","M","$","R","B",null,"M","T","?","M","?","E","M"],"character_chosen":"IRONCLAD","items_purchased":["Dropkick","Dual Wield"],"campfire_rested":1,"item_purchase_floors":[31,31],"current_hp_per_floor":[80,80,80,73,73,78,78,73,73,78,84,69,70,71,71,53,92,92,77,61,61,62,62,28,31,31,58,50,50,53,53,53,33,92,92,92,92,73,61,15,0],"gold":542,"neow_bonus":"RANDOM_COMMON_RELIC","is_prod":false,"is_daily":false,"chose_seed":false,"campfire_upgraded":4,"win_rate":0,"timestamp":1556118258,"path_taken":["M","$","M","?","$","M","R","M","T","?","M","M","E","M","R","BOSS","M","M","M","?","M","R","E","M","T","R","M","?","M","$","R","BOSS","M","?","?","M","?","E","M"],"build_version":"2019-04-23","purchased_purges":3,"victory":false,"max_hp_per_floor":[80,80,80,80,80,80,80,80,80,85,85,85,92,92,92,92,92,92,92,92,92,92,92,92,92,92,92,92,92,92,92,92,92,92,92,92,92,92,92,92,92],"card_choices":[{"not_picked":["Ghostly Armor","Clash"],"picked":"Anger","floor":1},{"not_picked":["Wild Strike","Perfected Strike"],"picked":"Evolve","floor":3},{"not_picked":["Wild Strike","Demon Form"],"picked":"Cleave","floor":6},{"not_picked":["Second Wind","Sever Soul"],"picked":"True Grit","floor":8},{"not_picked":["Heavy Blade","Cleave","Wild Strike"],"picked":"SKIP","floor":11},{"not_picked":["Havoc","Iron Wave"],"picked":"Armaments","floor":12},{"not_picked":["Hemokinesis","Wild Strike"],"picked":"Reckless Charge","floor":13},{"not_picked":["Cleave","Heavy Blade","Twin Strike"],"picked":"SKIP","floor":14},{"not_picked":["Limit Break","Juggernaut"],"picked":"Brutality","floor":16},{"not_picked":["Headbutt","Pummel"],"picked":"Twin Strike","floor":18},{"not_picked":["Whirlwind","Spot Weakness"],"picked":"Pommel Strike","floor":19},{"not_picked":["Reckless Charge","Warcry+1"],"picked":"Spot Weakness+1","floor":20},{"not_picked":["Cleave","Entrench","Evolve+1"],"picked":"SKIP","floor":22},{"not_picked":["Flex","Armaments+1","Clothesline"],"picked":"SKIP","floor":24},{"not_picked":["Armaments+1","Second Wind","Body Slam"],"picked":"SKIP","floor":25},{"not_picked":["Reckless Charge","Clothesline","Perfected Strike"],"picked":"SKIP","floor":28},{"not_picked":["Anger+1","Entrench"],"picked":"Shrug It Off","floor":30},{"not_picked":["Pummel+1","Anger"],"picked":"Shrug It Off","floor":35},{"not_picked":["Carnage","Armaments","Clash"],"picked":"SKIP","floor":38},{"not_picked":["Perfected Strike","Rampage"],"picked":"Warcry+1","floor":40}],"player_experience":1232698,"relics_obtained":[{"floor":13,"key":"Strawberry"},{"floor":24,"key":"War Paint"},{"floor":26,"key":"Bag of Preparation"},{"floor":36,"key":"Old Coin"},{"floor":40,"key":"Bottled Lightning"}],"event_choices":[{"damage_healed":0,"gold_gain":0,"player_choice":"Success","damage_taken":7,"relics_obtained":["Shuriken"],"max_hp_gain":0,"max_hp_loss":0,"event_name":"Scrap Ooze","floor":4,"gold_loss":0},{"damage_healed":0,"gold_gain":0,"player_choice":"Donut","damage_taken":0,"max_hp_gain":5,"max_hp_loss":0,"event_name":"Big Fish","floor":10,"gold_loss":0},{"damage_healed":0,"gold_gain":0,"player_choice":"Obtained Relic","damage_taken":0,"relics_obtained":["Dream Catcher"],"max_hp_gain":0,"max_hp_loss":0,"event_name":"Addict","floor":21,"gold_loss":85},{"cards_removed":["Strike_R"],"damage_healed":0,"gold_gain":0,"player_choice":"Purged","damage_taken":0,"max_hp_gain":0,"max_hp_loss":0,"event_name":"Purifier","floor":29,"gold_loss":0},{"damage_healed":0,"gold_gain":0,"player_choice":"Ignored","damage_taken":0,"max_hp_gain":0,"max_hp_loss":0,"event_name":"Tomb of Lord Red Mask","floor":37,"gold_loss":0},{"damage_healed":0,"gold_gain":0,"player_choice":"Embrace Madness","damage_taken":12,"max_hp_gain":0,"max_hp_loss":0,"event_name":"Winding Halls","floor":39,"gold_loss":0,"cards_obtained":["Madness","Madness"]}],"is_beta":true,"boss_relics":[{"not_picked":["Lizard Tail","Empty Cage"],"picked":"Sozu"},{"not_picked":["Pandora\u0027s Box","Orrery"],"picked":"Eternal Feather"}],"items_purged_floors":[2,5,31],"is_endless":false,"potions_floor_spawned":[1,11,12,13,18,20,25,28,38,40],"killed_by":"Writhing Mass","ascension_level":0}