{"gold_per_floor":[360,373,42,55,68,68,100,115,187,187,230,230,230,264,264,384,384,402,527,546,570,570,601,601,637,661,661,682,92,92,135,135,260,323,346,15,15,140,473,502,502,530,553,573,605,605,634,644,644,644,644,644,48,79,79],"floor_reached":56,"playtime":4017,"items_purged":["Strike_G","Strike_G+1","Writhe"],"score":1861,"play_id":"994dc618-74d2-465c-b30b-58f5397b9e41","local_time":"20190429153837","is_ascension_mode":true,"campfire_choices":[{"data":"Noxious Fumes","floor":6,"key":"SMITH"},{"data":"Burst","floor":13,"key":"SMITH"},{"floor":15,"key":"REST"},{"data":"After Image","floor":24,"key":"SMITH"},{"data":"A Thousand Cuts","floor":30,"key":"SMITH"},{"data":"Burst","floor":32,"key":"SMITH"},{"floor":49,"key":"RECALL"},{"data":"Neutralize","floor":52,"key":"SMITH"}],"neow_cost":"TEN_PERCENT_HP_LOSS","seed_source_timestamp":4218853110363991,"circlet_count":0,"master_deck":["Defend_G+1","Defend_G+1","Defend_G+1","Defend_G+1","Defend_G+1","Strike_G+1","Strike_G+1","Strike_G+1","Survivor","Neutralize+1","Deadly Poison","Bouncing Flask","Noxious Fumes+1","Burst+1","Flying Knee","PiercingWail","PiercingWail","Escape Plan","A Thousand Cuts+1","After Image+1","Acrobatics","Poisoned Stab+1","Cloak And Dagger","Cloak And Dagger","Cloak And Dagger+1","Blind","Burst+1","Burst","Well Laid Plans+1","Footwork+1","Die Die Die","Backflip","Predator+1","Prepared+1","Cloak And Dagger","Sadistic Nature","Distraction"],"relics":["Ring of the Snake","Mango","Calipers","Oddly Smooth Stone","Coffee Dripper","Thread and Needle","Blue Candle","PreservedInsect","Dream Catcher","Vajra","Paper Crane","Juzu Bracelet","Ancient Tea Set","Tiny House","Dodecahedron","The Specimen","FossilizedHelix","Bottled Lightning","Lantern","Blood Vial","Du-Vu Doll","Incense Burner","Centennial Puzzle","Letter Opener"],"potions_floor_usage":[7,7,11,16,19,31,33,55,55,55],"damage_taken":[{"damage":0,"enemies":"Cultist","floor":1,"turns":3},{"damage":0,"enemies":"Small Slimes","floor":2,"turns":3},{"damage":1,"enemies":"Jaw Worm","floor":4,"turns":4},{"damage":4,"enemies":"Looter","floor":5,"turns":3},{"damage":14,"enemies":"3 Sentries","floor":7,"turns":7},{"damage":4,"enemies":"Red Slaver","floor":8,"turns":3},{"damage":20,"enemies":"Gremlin Nob","floor":11,"turns":4},{"damage":9,"enemies":"Lagavulin","floor":14,"turns":5},{"damage":0,"enemies":"Slime Boss","floor":16,"turns":8},{"damage":0,"enemies":"Spheric Guardian","floor":18,"turns":4},{"damage":7,"enemies":"Colosseum Slavers","floor":19,"turns":3},{"damage":28,"enemies":"Colosseum Nobs","floor":19,"turns":6},{"damage":0,"enemies":"Shell Parasite","floor":20,"turns":5},{"damage":0,"enemies":"Centurion and Healer","floor":21,"turns":6},{"damage":0,"enemies":"Gremlin Leader","floor":23,"turns":6},{"damage":0,"enemies":"Book of Stabbing","floor":25,"turns":6},{"damage":0,"enemies":"Snake Plant","floor":28,"turns":5},{"damage":0,"enemies":"Slavers","floor":31,"turns":4},{"damage":0,"enemies":"Collector","floor":33,"turns":10},{"damage":0,"enemies":"Orb Walker","floor":35,"turns":6},{"damage":0,"enemies":"Mind Bloom Boss Battle","floor":38,"turns":6},{"damage":0,"enemies":"Giant Head","floor":40,"turns":8},{"damage":0,"enemies":"Nemesis","floor":42,"turns":5},{"damage":0,"enemies":"3 Darklings","floor":44,"turns":4},{"damage":0,"enemies":"Giant Head","floor":45,"turns":7},{"damage":0,"enemies":"Nemesis","floor":47,"turns":5},{"damage":0,"enemies":"Sphere and 2 Shapes","floor":48,"turns":4},{"damage":0,"enemies":"Awakened One","floor":50,"turns":15},{"damage":0,"enemies":"Shield and Spear","floor":54,"turns":5},{"damage":0,"enemies":"The Heart","floor":55,"turns":10}],"seed_played":"5895990407081217855","potions_obtained":[{"floor":2,"key":"Regen Potion"},{"floor":4,"key":"GhostInAJar"},{"floor":5,"key":"AttackPotion"},{"floor":8,"key":"SpeedPotion"},{"floor":18,"key":"SteroidPotion"},{"floor":25,"key":"Weak Potion"},{"floor":28,"key":"SteroidPotion"},{"floor":31,"key":"GhostInAJar"},{"floor":34,"key":"SneckoOil"},{"floor":35,"key":"SkillPotion"},{"floor":44,"key":"EssenceOfSteel"},{"floor":45,"key":"Strength Potion"},{"floor":47,"key":"Dexterity Potion"}],"is_trial":false,"path_per_floor":["M","M","$","M","M","R","E","M","T","?","E","?","R","E","R","B",null,"M","?","M","M","?","E","R","E","T","?","M","$","R","E","R","B",null,"M","$","?","?","?","E","T","E","T","M","E","?","E","M","R","B",null,"R","$","E","B",null],"character_chosen":"THE_SILENT","items_purchased":["Noxious Fumes","Burst","Flying Knee","Paper Crane","Juzu Bracelet","Blind","Dodecahedron","Well Laid Plans","PowerPotion","Sadistic Nature","Distraction","Centennial Puzzle"],"campfire_rested":1,"item_purchase_floors":[3,3,3,29,29,29,36,36,53,53,53,53],"current_hp_per_floor":[63,63,63,62,58,58,73,69,69,69,49,35,35,26,47,47,71,71,36,36,36,36,36,36,36,36,81,81,81,81,81,81,81,86,86,86,86,86,86,86,86,86,86,86,86,86,86,86,86,86,86,86,86,86,86],"gold":79,"neow_bonus":"TWO_FIFTY_GOLD","is_prod":false,"is_daily":false,"chose_seed":false,"campfire_upgraded":6,"win_rate":0,"timestamp":1556566717,"path_taken":["M","M","$","M","M","R","E","?","T","?","E","?","R","E","R","BOSS","M","?","M","M","?","E","R","E","T","?","?","?","R","E","R","BOSS","M","$","?","?","?","E","?","E","T","M","E","?","E","M","R","BOSS","R","$","E","BOSS"],"build_version":"2019-04-23","purchased_purges":3,"victory":true,"max_hp_per_floor":[63,63,63,63,63,63,77,77,77,71,71,71,71,71,71,71,71,71,71,71,71,71,71,71,71,71,81,81,81,81,81,81,81,86,86,86,86,86,86,86,86,86,86,86,86,86,86,86,86,86,86,86,86,86,86],"card_choices":[{"not_picked":["Deflect","Quick Slash"],"picked":"Deadly Poison","floor":1},{"not_picked":["Outmaneuver","Bane"],"picked":"Bouncing Flask","floor":2},{"not_picked":["Caltrops","Terror"],"picked":"PiercingWail","floor":4},{"not_picked":["Sucker Punch","Acrobatics"],"picked":"PiercingWail","floor":5},{"not_picked":["Poisoned Stab","Dagger Spray"],"picked":"Escape Plan","floor":7},{"not_picked":["PiercingWail","Calculated Gamble"],"picked":"Die Die Die","floor":8},{"not_picked":["All Out Attack","Flying Knee"],"picked":"A Thousand Cuts","floor":11},{"not_picked":["Tactician","Dagger Throw","Acrobatics"],"picked":"SKIP","floor":14},{"not_picked":["Phantasmal Killer","Storm of Steel"],"picked":"After Image","floor":16},{"not_picked":["Flying Knee+1","Endless Agony"],"picked":"Acrobatics","floor":18},{"not_picked":["Underhanded Strike","Sucker Punch"],"picked":"Poisoned Stab+1","floor":19},{"not_picked":["Noxious Fumes","Bane","Dagger Throw"],"picked":"SKIP","floor":20},{"not_picked":["Envenom","Acrobatics"],"picked":"Cloak And Dagger","floor":21},{"not_picked":["Bane","Deadly Poison"],"picked":"Cloak And Dagger","floor":23},{"not_picked":["Backstab","Dodge and Roll"],"picked":"Cloak And Dagger","floor":25},{"not_picked":["Dagger Spray","Concentrate+1","Bane+1"],"picked":"SKIP","floor":28},{"not_picked":["Envenom","Crippling Poison"],"picked":"Burst","floor":31},{"not_picked":["Wraith Form v2","A Thousand Cuts"],"picked":"Burst","floor":33},{"not_picked":["PiercingWail","Skewer+1","Blade Dance+1"],"picked":"SKIP","floor":35},{"not_picked":["Burst","Outmaneuver+1"],"picked":"Footwork+1","floor":38},{"not_picked":["Blade Dance+1","Eviscerate","Outmaneuver"],"picked":"SKIP","floor":40},{"not_picked":["Bane","Poisoned Stab+1"],"picked":"Die Die Die","floor":42},{"not_picked":["Dagger Throw+1","Poisoned Stab"],"picked":"Backflip","floor":44},{"not_picked":["Concentrate+1","Die Die Die"],"picked":"Predator+1","floor":45},{"not_picked":["Choke+1","Riddle With Holes+1"],"picked":"Prepared+1","floor":47},{"not_picked":["Dagger Throw","Skewer"],"picked":"Cloak And Dagger","floor":48},{"not_picked":["Expertise","Terror","Bane+1"],"picked":"SKIP","floor":54}],"player_experience":5549320,"relics_obtained":[{"floor":7,"key":"Mango"},{"floor":11,"key":"Calipers"},{"floor":14,"key":"Oddly Smooth Stone"},{"floor":19,"key":"Thread and Needle"},{"floor":19,"key":"Blue Candle"},{"floor":23,"key":"PreservedInsect"},{"floor":25,"key":"Dream Catcher"},{"floor":26,"key":"Vajra"},{"floor":31,"key":"Ancient Tea Set"},{"floor":38,"key":"The Specimen"},{"floor":40,"key":"FossilizedHelix"},{"floor":41,"key":"Bottled Lightning"},{"floor":42,"key":"Lantern"},{"floor":43,"key":"Blood Vial"},{"floor":45,"key":"Du-Vu Doll"},{"floor":47,"key":"Incense Burner"},{"floor":54,"key":"Letter Opener"}],"event_choices":[{"damage_healed":0,"gold_gain":0,"player_choice":"Lose Max HP","damage_taken":0,"relics_obtained":["Golden Idol"],"max_hp_gain":0,"max_hp_loss":6,"event_name":"Golden Idol","floor":10,"gold_loss":0},{"damage_healed":0,"gold_gain":0,"player_choice":"Entered Light","damage_taken":14,"max_hp_gain":0,"max_hp_loss":0,"event_name":"Shining Light","floor":12,"gold_loss":0,"cards_upgraded":["Strike_G","Defend_G"]},{"damage_healed":0,"gold_gain":0,"player_choice":"Fight","damage_taken":0,"max_hp_gain":0,"max_hp_loss":0,"event_name":"Colosseum","floor":19,"gold_loss":0},{"damage_healed":0,"gold_gain":0,"player_choice":"Fought Nobs","damage_taken":0,"max_hp_gain":0,"max_hp_loss":0,"event_name":"Colosseum","floor":19,"gold_loss":0},{"damage_healed":0,"gold_gain":0,"player_choice":"Simplicity","damage_taken":0,"max_hp_gain":0,"max_hp_loss":0,"event_name":"Back to Basics","floor":22,"gold_loss":0,"cards_upgraded":["Defend_G","Defend_G","Defend_G","Defend_G","Strike_G","Strike_G","Strike_G"]},{"cards_removed":["Die Die Die"],"damage_healed":35,"gold_gain":0,"player_choice":"Offered Rare","damage_taken":0,"max_hp_gain":10,"max_hp_loss":0,"event_name":"Bonfire Elementals","floor":27,"gold_loss":0},{"damage_healed":0,"gold_gain":0,"player_choice":"Upgraded","damage_taken":0,"max_hp_gain":0,"max_hp_loss":0,"event_name":"Upgrade Shrine","floor":37,"gold_loss":0,"cards_upgraded":["Well Laid Plans"]},{"damage_healed":0,"gold_gain":0,"player_choice":"Fight","damage_taken":0,"max_hp_gain":0,"max_hp_loss":0,"event_name":"MindBloom","floor":38,"gold_loss":0},{"damage_healed":0,"gold_gain":333,"player_choice":"Gave Idol","damage_taken":0,"max_hp_gain":0,"max_hp_loss":0,"event_name":"The Moai Head","floor":39,"relics_lost":["Golden Idol"],"gold_loss":0},{"damage_healed":22,"gold_gain":0,"player_choice":"Writhe","damage_taken":0,"max_hp_gain":0,"max_hp_loss":0,"event_name":"Winding Halls","floor":46,"gold_loss":0,"cards_obtained":["Writhe"]}],"is_beta":true,"boss_relics":[{"not_picked":["Ring of the Serpent","Black Star"],"picked":"Coffee Dripper"},{"not_picked":["Orrery","Snecko Eye"],"picked":"Tiny House"}],"items_purged_floors":[3,29,53],"is_endless":false,"potions_floor_spawned":[2,4,5,8,18,25,28,31,35,44,45,47],"ascension_level":1}