{"gold_per_floor":[16,34,34,54,67,92,92,148,172,172,172,205,216,247,247,351,351,366,366,366,466,466,466,501,512,512,545,545,563,563,20,20,121,121,135,145,158,158,172,198,68,98,122,137,169,169,181,201,201,201,201,201,6,31,31],"floor_reached":56,"playtime":9691,"items_purged":["Strike_B","Strike_B","Strike_B"],"score":1407,"play_id":"66bdd4ae-aa0b-43ba-a8b7-2b216d00fdba","local_time":"20190210023118","is_ascension_mode":true,"campfire_choices":[{"data":"Zap","floor":7,"key":"SMITH"},{"data":"Storm","floor":10,"key":"SMITH"},{"data":"Consume","floor":15,"key":"SMITH"},{"floor":23,"key":"REST"},{"floor":28,"key":"REST"},{"floor":32,"key":"RECALL"},{"floor":49,"key":"REST"},{"floor":52,"key":"REST"}],"neow_cost":"NO_GOLD","seed_source_timestamp":4797298503410445,"circlet_count":0,"master_deck":["Defend_B+1","Defend_B","Defend_B","Zap+1","Dualcast+1","Gash","Storm+1","Cold Snap","Chill","Capacitor","Consume+1","Biased Cognition","Self Repair","Core Surge","Coolheaded","Steam+1","Defragment","Hologram+1","FTL+1","Machine Learning","Apotheosis","Creative AI","Auto Shields","Conserve Battery+1","Self Repair+1","Capacitor","Cold Snap+1","Heatsinks","Go for the Eyes+1","Conserve Battery+1"],"relics":["Cracked Core","Meat on the Bone","Tiny Chest","Art of War","Pen Nib","Omamori","Fusion Hammer","Nilry\u0027s Codex","Torii","Pear","PreservedInsect","Smiling Mask","DataDisk","Black Star","Singing Bowl","Matryoshka","Gremlin Horn","Molten Egg 2","Ornamental Fan","Orichalcum","Ancient Tea Set","Incense Burner","Boot","Bag of Marbles","Happy Flower","Bag of Preparation","War Paint"],"potions_floor_usage":[6,6,8,21,27,55,55,55],"damage_taken":[{"damage":0,"enemies":"Cultist","floor":1,"turns":3},{"damage":1,"enemies":"Jaw Worm","floor":2,"turns":3},{"damage":0,"enemies":"Small Slimes","floor":4,"turns":2},{"damage":4,"enemies":"Blue Slaver","floor":5,"turns":4},{"damage":9,"enemies":"Lagavulin","floor":6,"turns":7},{"damage":18,"enemies":"Gremlin Nob","floor":8,"turns":4},{"damage":14,"enemies":"Lagavulin","floor":12,"turns":7},{"damage":1,"enemies":"2 Fungi Beasts","floor":13,"turns":4},{"damage":15,"enemies":"3 Sentries","floor":14,"turns":5},{"damage":19,"enemies":"Hexaghost","floor":16,"turns":8},{"damage":5,"enemies":"Spheric Guardian","floor":18,"turns":3},{"damage":26,"enemies":"Colosseum Slavers","floor":21,"turns":4},{"damage":16,"enemies":"Colosseum Nobs","floor":21,"turns":4},{"damage":29,"enemies":"Gremlin Leader","floor":24,"turns":6},{"damage":11,"enemies":"2 Thieves","floor":25,"turns":4},{"damage":16,"enemies":"Book of Stabbing","floor":27,"turns":3},{"damage":2,"enemies":"Cultist and Chosen","floor":29,"turns":4},{"damage":7,"enemies":"Automaton","floor":33,"turns":7},{"damage":17,"enemies":"3 Darklings","floor":35,"turns":4},{"damage":4,"enemies":"3 Shapes","floor":36,"turns":4},{"damage":1,"enemies":"Transient","floor":37,"turns":5},{"damage":38,"enemies":"Jaw Worm Horde","floor":39,"turns":5},{"damage":7,"enemies":"Nemesis","floor":40,"turns":5},{"damage":0,"enemies":"Giant Head","floor":42,"turns":6},{"damage":1,"enemies":"Maw","floor":44,"turns":7},{"damage":0,"enemies":"Reptomancer","floor":45,"turns":4},{"damage":1,"enemies":"3 Darklings","floor":47,"turns":5},{"damage":43,"enemies":"Jaw Worm Horde","floor":48,"turns":5},{"damage":26,"enemies":"Time Eater","floor":50,"turns":9},{"damage":29,"enemies":"Shield and Spear","floor":54,"turns":6},{"damage":44,"enemies":"The Heart","floor":55,"turns":9}],"seed_played":"1550702852627410847","potions_obtained":[{"floor":2,"key":"Poison Potion"},{"floor":5,"key":"EntropicBrew"},{"floor":13,"key":"FocusPotion"},{"floor":25,"key":"PowerPotion"},{"floor":29,"key":"Weak Potion"},{"floor":48,"key":"PowerPotion"}],"is_trial":false,"path_per_floor":["M","M","$","M","M","E","R","E","T","R","?","E","M","E","R","B",null,"M","?","?","?","?","R","E","M","T","E","R","M","?","$","R","B",null,"M","M","M","T","M","E","$","E","T","M","E","?","M","M","R","B",null,"R","$","E","B",null],"character_chosen":"DEFECT","items_purchased":["DataDisk","Machine Learning","Apotheosis","Ancient Potion","Heatsinks","Happy Flower"],"campfire_rested":4,"item_purchase_floors":[31,31,31,31,41,53],"current_hp_per_floor":[75,74,74,74,70,61,61,43,43,43,68,54,53,38,38,38,75,75,59,59,65,49,76,54,62,62,60,87,90,90,90,90,90,90,80,86,90,90,72,82,82,92,92,92,94,94,96,75,98,92,98,98,98,98,54],"gold":31,"neow_bonus":"REMOVE_TWO","is_prod":false,"is_daily":false,"chose_seed":false,"campfire_upgraded":3,"win_rate":0,"timestamp":1549783878,"path_taken":["M","M","?","M","?","E","R","E","T","R","?","E","M","E","R","BOSS","M","?","?","?","?","R","E","M","T","E","R","M","?","$","R","BOSS","M","M","M","?","M","E","$","E","T","M","E","?","M","M","R","BOSS","R","$","E","BOSS"],"build_version":"2019-02-06","purchased_purges":3,"victory":true,"max_hp_per_floor":[75,75,75,75,75,75,75,75,75,75,75,75,75,75,75,75,75,75,75,75,85,90,90,90,90,90,90,90,90,90,90,90,90,90,90,90,90,90,90,90,90,92,92,92,94,94,96,98,98,98,98,98,98,98,98],"card_choices":[{"not_picked":["Go for the Eyes","Leap"],"picked":"Gash","floor":1},{"not_picked":["Tempest","Turbo","Barrage"],"picked":"SKIP","floor":2},{"not_picked":["Lockon","Stack"],"picked":"Storm","floor":4},{"not_picked":["Stack","Ball Lightning"],"picked":"Cold Snap","floor":5},{"not_picked":["Reinforced Body","Darkness"],"picked":"Chill","floor":6},{"not_picked":["Compile Driver","Leap"],"picked":"Capacitor","floor":8},{"not_picked":["Storm","Skim"],"picked":"Consume","floor":12},{"not_picked":["Streamline","Gash"],"picked":"Biased Cognition","floor":13},{"not_picked":["Recycle","Rainbow"],"picked":"Self Repair","floor":14},{"not_picked":["Reboot","Buffer"],"picked":"Core Surge","floor":16},{"not_picked":["Redo+1","Sweeping Beam","Streamline"],"picked":"SKIP","floor":18},{"not_picked":["Cold Snap","Streamline"],"picked":"Steam+1","floor":21},{"not_picked":["Fusion","Beam Cell","Chaos"],"picked":"SKIP","floor":24},{"not_picked":["Chaos","Coolheaded"],"picked":"Defragment","floor":25},{"not_picked":["Doom and Gloom","Compile Driver"],"picked":"Hologram+1","floor":27},{"not_picked":["Tempest","Beam Cell"],"picked":"FTL+1","floor":29},{"not_picked":["Thunder Strike","Echo Form"],"picked":"Creative AI","floor":33},{"not_picked":["Loop","Turbo+1"],"picked":"Auto Shields","floor":35},{"not_picked":["Auto Shields+1","Melter"],"picked":"Conserve Battery+1","floor":36},{"not_picked":["Ball Lightning","Static Discharge+1"],"picked":"Self Repair+1","floor":37},{"not_picked":["Leap+1","Compile Driver"],"picked":"Capacitor","floor":39},{"not_picked":["Go for the Eyes","Stack"],"picked":"Cold Snap+1","floor":40},{"not_picked":["Streamline+1","Cold Snap","Genetic Algorithm+1"],"picked":"Singing Bowl","floor":42},{"not_picked":["Hello World+1","Doom and Gloom+1"],"picked":"Go for the Eyes+1","floor":44},{"not_picked":["Doom and Gloom+1","Stack","Reinforced Body"],"picked":"Singing Bowl","floor":45},{"not_picked":["Consume+1","Genetic Algorithm","Beam Cell+1"],"picked":"Singing Bowl","floor":47},{"not_picked":["Sweeping Beam+1","Hologram","Compile Driver+1"],"picked":"Singing Bowl","floor":48},{"not_picked":["Tempest+1","Stack"],"picked":"Conserve Battery+1","floor":54}],"player_experience":4446133,"relics_obtained":[{"floor":6,"key":"Meat on the Bone"},{"floor":8,"key":"Tiny Chest"},{"floor":9,"key":"Art of War"},{"floor":12,"key":"Pen Nib"},{"floor":14,"key":"Omamori"},{"floor":19,"key":"Nilry\u0027s Codex"},{"floor":21,"key":"Torii"},{"floor":21,"key":"Pear"},{"floor":24,"key":"PreservedInsect"},{"floor":27,"key":"Smiling Mask"},{"floor":38,"key":"Singing Bowl"},{"floor":40,"key":"Matryoshka"},{"floor":40,"key":"Gremlin Horn"},{"floor":42,"key":"Molten Egg 2"},{"floor":42,"key":"Ornamental Fan"},{"floor":43,"key":"Orichalcum"},{"floor":43,"key":"Ancient Tea Set"},{"floor":45,"key":"Incense Burner"},{"floor":45,"key":"Boot"},{"floor":54,"key":"Bag of Preparation"},{"floor":54,"key":"War Paint"}],"event_choices":[{"damage_healed":25,"gold_gain":0,"player_choice":"Banana","damage_taken":0,"max_hp_gain":0,"max_hp_loss":0,"event_name":"Big Fish","floor":11,"gold_loss":0},{"damage_healed":0,"gold_gain":0,"player_choice":"Obtained Book","damage_taken":16,"max_hp_gain":0,"max_hp_loss":0,"event_name":"Cursed Tome","floor":19,"gold_loss":0},{"damage_healed":0,"gold_gain":0,"player_choice":"Read","damage_taken":0,"max_hp_gain":0,"max_hp_loss":0,"event_name":"The Library","floor":20,"gold_loss":0,"cards_obtained":["Coolheaded"]},{"damage_healed":0,"gold_gain":0,"player_choice":"Fight","damage_taken":0,"max_hp_gain":0,"max_hp_loss":0,"event_name":"Colosseum","floor":21,"gold_loss":0},{"damage_healed":0,"gold_gain":0,"player_choice":"Fought Nobs","damage_taken":0,"max_hp_gain":0,"max_hp_loss":0,"event_name":"Colosseum","floor":21,"gold_loss":0},{"damage_healed":0,"gold_gain":0,"player_choice":"Shed Blood","damage_taken":21,"max_hp_gain":5,"max_hp_loss":0,"event_name":"Forgotten Altar","floor":22,"gold_loss":0},{"damage_healed":0,"gold_gain":0,"player_choice":"Bought 0 Potions","damage_taken":0,"max_hp_gain":0,"max_hp_loss":0,"event_name":"The Woman in Blue","floor":30,"gold_loss":0},{"damage_healed":0,"gold_gain":0,"player_choice":"Gave Potion","damage_taken":0,"relics_obtained":["Bag of Marbles"],"max_hp_gain":0,"max_hp_loss":0,"event_name":"WeMeetAgain","floor":46,"gold_loss":0}],"is_beta":true,"boss_relics":[{"not_picked":["Philosopher\u0027s Stone","Pandora\u0027s Box"],"picked":"Fusion Hammer"},{"not_picked":["Nuclear Battery","Coffee Dripper"],"picked":"Black Star"}],"items_purged_floors":[31,41,53],"is_endless":false,"potions_floor_spawned":[2,5,6,13,18,25,29,35,37,39,40,48],"ascension_level":1}