{"gold_per_floor":[364,381,391,1,1,1,15,15,68,68,68,81,81,116,116,188,188,206,218,242,167,347,347,347],"floor_reached":24,"playtime":1880,"items_purged":["Strike_R"],"score":388,"play_id":"b1798dbf-648e-4ebd-8d78-48a08a072883","local_time":"20190512163142","is_ascension_mode":true,"campfire_choices":[{"data":"1","floor":6,"key":"LIFT"},{"data":"2","floor":8,"key":"LIFT"},{"floor":11,"key":"REST"},{"data":"3","floor":15,"key":"LIFT"},{"floor":23,"key":"REST"}],"neow_cost":"PERCENT_DAMAGE","seed_source_timestamp":1227887747165522,"circlet_count":0,"master_deck":["AscendersBane","Strike_R","Strike_R","Defend_R","Defend_R","Defend_R","Defend_R","Bash","Anger","Disarm","Uppercut","Shrug It Off","Ghostly Armor","Exhume","Impervious","Twin Strike"],"relics":["Burning Blood","Girya","Regal Pillow","Strawberry","Runic Dome","Happy Flower"],"potions_floor_usage":[12,19,24,24],"damage_taken":[{"damage":7,"enemies":"Cultist","floor":1,"turns":4},{"damage":14,"enemies":"Small Slimes","floor":2,"turns":4},{"damage":9,"enemies":"Jaw Worm","floor":3,"turns":3},{"damage":7,"enemies":"Looter","floor":7,"turns":3},{"damage":10,"enemies":"Gremlin Gang","floor":12,"turns":5},{"damage":30,"enemies":"3 Sentries","floor":14,"turns":10},{"damage":15,"enemies":"The Guardian","floor":16,"turns":13},{"damage":17,"enemies":"3 Byrds","floor":18,"turns":7},{"damage":1,"enemies":"Shell Parasite","floor":19,"turns":4},{"damage":75,"enemies":"Slavers","floor":24,"turns":10}],"seed_played":"6327998358006785486","potions_obtained":[{"floor":1,"key":"Weak Potion"},{"floor":2,"key":"Strength Potion"},{"floor":14,"key":"Block Potion"}],"is_trial":false,"path_per_floor":["M","M","M","$","?","R","M","R","T","?","R","M","?","E","R","B",null,"M","M","T","?","?","R","E"],"character_chosen":"IRONCLAD","items_purchased":["Girya"],"campfire_rested":2,"item_purchase_floors":[4],"current_hp_per_floor":[49,41,38,38,31,31,30,30,30,30,67,63,63,46,46,37,71,60,65,65,65,33,72,0],"gold":347,"neow_bonus":"TWO_FIFTY_GOLD","is_prod":false,"is_daily":false,"chose_seed":false,"campfire_upgraded":0,"win_rate":0,"timestamp":1557675102,"path_taken":["M","M","M","$","?","R","M","R","T","?","R","M","?","E","R","BOSS","M","?","?","?","?","R","E"],"build_version":"2019-05-07","purchased_purges":1,"victory":false,"max_hp_per_floor":[75,75,75,75,75,75,75,75,75,75,75,75,75,82,82,82,82,82,82,82,82,82,82,82],"card_choices":[{"not_picked":["Pommel Strike","Body Slam"],"picked":"Anger","floor":1},{"not_picked":["True Grit","Havoc"],"picked":"Disarm","floor":2},{"not_picked":["Sword Boomerang","Dropkick"],"picked":"Uppercut","floor":3},{"not_picked":["Cleave","Clash"],"picked":"Shrug It Off","floor":7},{"not_picked":["Wild Strike","Rampage","Evolve"],"picked":"SKIP","floor":12},{"not_picked":["Inflame","Armaments"],"picked":"Exhume","floor":14},{"not_picked":["Feed","Barricade"],"picked":"Impervious","floor":16},{"not_picked":["Sentinel+1","Fire Breathing"],"picked":"Twin Strike","floor":18},{"not_picked":["Infernal Blade","True Grit","Clothesline"],"picked":"SKIP","floor":19}],"player_experience":1384123,"relics_obtained":[{"floor":9,"key":"Regal Pillow"},{"floor":14,"key":"Strawberry"},{"floor":20,"key":"Happy Flower"}],"event_choices":[{"cards_removed":["Strike_R"],"damage_healed":0,"gold_gain":0,"player_choice":"Card Removal","damage_taken":7,"max_hp_gain":0,"max_hp_loss":0,"event_name":"Golden Wing","floor":5,"gold_loss":0},{"damage_healed":0,"gold_gain":0,"player_choice":"Ignored","damage_taken":0,"max_hp_gain":0,"max_hp_loss":0,"event_name":"Liars Game","floor":10,"gold_loss":0},{"damage_healed":0,"gold_gain":0,"player_choice":"1 cards matched","damage_taken":0,"max_hp_gain":0,"max_hp_loss":0,"event_name":"Match and Keep!","floor":13,"gold_loss":0,"cards_obtained":["Ghostly Armor"]},{"cards_removed":["Strike_R"],"damage_healed":0,"gold_gain":0,"player_choice":"Gave Gold","damage_taken":0,"max_hp_gain":0,"max_hp_loss":0,"event_name":"Beggar","floor":21,"gold_loss":75},{"damage_healed":0,"gold_gain":180,"player_choice":"POTION GOLD GOLD ","damage_taken":32,"max_hp_gain":0,"max_hp_loss":0,"event_name":"Knowing Skull","floor":22,"potions_obtained":["Dexterity Potion"],"gold_loss":0,"cards_obtained":[]}],"is_beta":true,"boss_relics":[{"not_picked":["Tiny House","Orrery"],"picked":"Runic Dome"}],"items_purged_floors":[4],"is_endless":false,"potions_floor_spawned":[1,2,14,16],"killed_by":"Slavers","ascension_level":20}