{"gold_per_floor":[361,361,4,17,34,59,59,83,83,83,94,169,25,42,42,138,138,125,143,143,143,17,17,50,50,75,174,0,13,31,62,62,62],"floor_reached":33,"playtime":1026,"items_purged":[],"score":396,"play_id":"378e28fb-8f70-48c6-851a-ff7cbd691bf3","local_time":"20190131154206","is_ascension_mode":true,"campfire_choices":[{"floor":7,"key":"REST"},{"floor":10,"key":"REST"},{"floor":15,"key":"REST"},{"floor":23,"key":"REST"},{"floor":25,"key":"REST"},{"floor":32,"key":"REST"}],"neow_cost":"TEN_PERCENT_HP_LOSS","seed_source_timestamp":139778077525743,"circlet_count":0,"master_deck":["Strike_B","Strike_B","Strike_B+1","Strike_B","Defend_B","Defend_B","Defend_B+1","Defend_B","Zap","Dualcast","Hologram","Gash","Gash","Defragment","Compile Driver","Ball Lightning","Chill","Storm","Turbo","Seek","Streamline","Conserve Battery+1","Hologram+1","Sweeping Beam+1","Gash","Streamline"],"relics":["Cracked Core","Ice Cream","The Courier","Odd Mushroom","Happy Flower","Oddly Smooth Stone","Philosopher\u0027s Stone","MutagenicStrength","PreservedInsect","Du-Vu Doll","Orichalcum"],"potions_floor_usage":[6,24,24,29,33],"damage_taken":[{"damage":6,"enemies":"Jaw Worm","floor":1,"turns":5},{"damage":10,"enemies":"2 Louse","floor":4,"turns":2},{"damage":1,"enemies":"Small Slimes","floor":5,"turns":3},{"damage":19,"enemies":"3 Sentries","floor":6,"turns":5},{"damage":25,"enemies":"The Mushroom Lair","floor":8,"turns":4},{"damage":16,"enemies":"Blue Slaver","floor":11,"turns":3},{"damage":2,"enemies":"Red Slaver","floor":14,"turns":3},{"damage":15,"enemies":"The Guardian","floor":16,"turns":10},{"damage":21,"enemies":"2 Thieves","floor":18,"turns":4},{"damage":20,"enemies":"Shell Parasite","floor":19,"turns":4},{"damage":19,"enemies":"Book of Stabbing","floor":24,"turns":3},{"damage":16,"enemies":"3 Cultists","floor":29,"turns":6},{"damage":6,"enemies":"Cultist and Chosen","floor":30,"turns":5},{"damage":3,"enemies":"Gremlin Leader","floor":31,"turns":7},{"damage":38,"enemies":"Collector","floor":33,"turns":7}],"seed_played":"3172258472972658562","potions_obtained":[{"floor":5,"key":"Explosive Potion"},{"floor":6,"key":"FearPotion"},{"floor":16,"key":"EssenceOfSteel"},{"floor":24,"key":"Regen Potion"},{"floor":30,"key":"SmokeBomb"},{"floor":31,"key":"SkillPotion"}],"is_trial":false,"path_per_floor":["M","?","$","M","M","E","R","?","T","R","M","?","$","M","R","B",null,"M","M","?","?","$","R","E","R","T","?","?","M","M","E","R","B"],"character_chosen":"DEFECT","items_purchased":["Ice Cream","Gash","Oddly Smooth Stone","Storm","PreservedInsect"],"campfire_rested":6,"item_purchase_floors":[3,3,13,13,22],"current_hp_per_floor":[62,48,48,38,37,18,38,13,13,33,17,6,6,4,24,9,53,32,12,12,3,3,23,4,24,24,24,24,23,17,14,34,0],"gold":62,"neow_bonus":"TWO_FIFTY_GOLD","is_prod":false,"is_daily":false,"chose_seed":false,"campfire_upgraded":0,"win_rate":0,"timestamp":1548960126,"path_taken":["M","?","$","M","M","E","R","?","T","R","M","?","$","M","R","BOSS","M","M","?","?","?","R","E","R","T","?","?","M","M","E","R","BOSS"],"build_version":"2019-01-23","purchased_purges":0,"victory":false,"max_hp_per_floor":[68,68,68,68,68,68,68,68,68,68,68,68,68,68,68,68,68,68,68,68,68,68,68,68,68,68,68,68,68,68,68,68,68],"card_choices":[{"not_picked":["Lockon","Steam"],"picked":"Hologram","floor":1},{"not_picked":["Static Discharge","Conserve Battery"],"picked":"Gash","floor":4},{"not_picked":["Rebound","Stack"],"picked":"Defragment","floor":5},{"not_picked":["Barrage","Blizzard"],"picked":"Compile Driver","floor":6},{"not_picked":["Core Surge","Compile Driver"],"picked":"Ball Lightning","floor":8},{"not_picked":["Blizzard","Leap"],"picked":"Chill","floor":11},{"not_picked":["Chaos","Fusion"],"picked":"Turbo","floor":14},{"not_picked":["Electrodynamics","Biased Cognition"],"picked":"Seek","floor":16},{"not_picked":["Steam","Redo"],"picked":"Streamline","floor":18},{"not_picked":["Recycle","Sweeping Beam"],"picked":"Conserve Battery+1","floor":19},{"not_picked":["Gash","Rebound"],"picked":"Hologram+1","floor":24},{"not_picked":["Streamline","Cold Snap"],"picked":"Sweeping Beam+1","floor":29},{"not_picked":["Go for the Eyes","Reprogram"],"picked":"Gash","floor":30},{"not_picked":["Thunder Strike","Blizzard"],"picked":"Streamline","floor":31}],"player_experience":693453,"relics_obtained":[{"floor":6,"key":"The Courier"},{"floor":8,"key":"Odd Mushroom"},{"floor":9,"key":"Happy Flower"},{"floor":24,"key":"Du-Vu Doll"},{"floor":31,"key":"Orichalcum"}],"event_choices":[{"damage_healed":0,"gold_gain":0,"player_choice":"Entered Light","damage_taken":14,"max_hp_gain":0,"max_hp_loss":0,"event_name":"Shining Light","floor":2,"gold_loss":0,"cards_upgraded":["Strike_B","Defend_B"]},{"damage_healed":0,"gold_gain":0,"player_choice":"Fought Mushrooms","damage_taken":0,"max_hp_gain":0,"max_hp_loss":0,"event_name":"Mushrooms","floor":8,"gold_loss":0},{"damage_healed":0,"gold_gain":75,"player_choice":"Gather Gold","damage_taken":11,"max_hp_gain":0,"max_hp_loss":0,"event_name":"World of Goop","floor":12,"gold_loss":0},{"damage_healed":0,"gold_gain":0,"player_choice":"Inject Mutagens","damage_taken":0,"relics_obtained":["MutagenicStrength"],"max_hp_gain":0,"max_hp_loss":0,"event_name":"Drug Dealer","floor":20,"gold_loss":0},{"damage_healed":0,"gold_gain":0,"player_choice":"Stopped","damage_taken":9,"max_hp_gain":0,"max_hp_loss":0,"event_name":"Cursed Tome","floor":21,"gold_loss":0},{"damage_healed":0,"gold_gain":99,"player_choice":"Stole From Cult","damage_taken":0,"max_hp_gain":0,"max_hp_loss":0,"event_name":"Nest","floor":27,"gold_loss":0},{"damage_healed":0,"gold_gain":0,"player_choice":"Paid Fearfully","damage_taken":0,"max_hp_gain":0,"max_hp_loss":0,"event_name":"Masked Bandits","floor":28,"gold_loss":174}],"is_beta":false,"boss_relics":[{"not_picked":["Orrery","Eternal Feather"],"picked":"Philosopher\u0027s Stone"}],"items_purged_floors":[],"is_endless":false,"potions_floor_spawned":[5,6,16,24,30,31],"killed_by":"Collector","ascension_level":8}