{"gold_per_floor":[117,132,151,8,19,52,52,82,138,138,158,171,205,222,222,318,318,332,348,358,318,336,336,336],"floor_reached":24,"playtime":1133,"items_purged":["Writhe"],"score":322,"play_id":"2e55d1a8-bda4-458a-ac82-b11b97c17a52","local_time":"20190228192142","is_ascension_mode":true,"campfire_choices":[{"data":"Sunder","floor":7,"key":"SMITH"},{"floor":10,"key":"REST"},{"floor":15,"key":"REST"},{"floor":23,"key":"REST"}],"neow_cost":"CURSE","seed_source_timestamp":1229740292835642,"circlet_count":0,"master_deck":["Strike_B","Strike_B","Strike_B","Strike_B","Defend_B","Defend_B","Defend_B","Defend_B","Zap","Dualcast","Scrape","Coolheaded","Doom and Gloom","Sunder+1","Coolheaded","Leap","White Noise","Storm","Cold Snap","Auto Shields","Self Repair","Creative AI","Capacitor","Darkness+1","Self Repair"],"relics":["FrozenCore","Torii","DataDisk","Pen Nib","Tiny Chest","Potion Belt"],"potions_floor_usage":[6,8,13,13,20,22,22,24],"damage_taken":[{"damage":1,"enemies":"Cultist","floor":1,"turns":3},{"damage":7,"enemies":"Small Slimes","floor":2,"turns":3},{"damage":1,"enemies":"2 Louse","floor":3,"turns":2},{"damage":10,"enemies":"Large Slime","floor":5,"turns":5},{"damage":26,"enemies":"Lagavulin","floor":6,"turns":5},{"damage":18,"enemies":"Gremlin Nob","floor":8,"turns":3},{"damage":7,"enemies":"Exordium Wildlife","floor":11,"turns":3},{"damage":0,"enemies":"Exordium Thugs","floor":12,"turns":4},{"damage":6,"enemies":"Lagavulin","floor":13,"turns":5},{"damage":1,"enemies":"3 Louse","floor":14,"turns":3},{"damage":14,"enemies":"Hexaghost","floor":16,"turns":9},{"damage":14,"enemies":"Spheric Guardian","floor":18,"turns":7},{"damage":36,"enemies":"3 Byrds","floor":19,"turns":7},{"damage":21,"enemies":"Shelled Parasite and Fungi","floor":20,"turns":8},{"damage":9,"enemies":"Snecko","floor":22,"turns":5},{"damage":32,"enemies":"Book of Stabbing","floor":24,"turns":8}],"seed_played":"562222334091475355","potions_obtained":[{"floor":3,"key":"PowerPotion"},{"floor":6,"key":"FearPotion"},{"floor":8,"key":"EssenceOfSteel"},{"floor":12,"key":"FocusPotion"},{"floor":14,"key":"Swift Potion"},{"floor":18,"key":"Weak Potion"},{"floor":21,"key":"Ancient Potion"},{"floor":21,"key":"EssenceOfSteel"},{"floor":21,"key":"Strength Potion"},{"floor":22,"key":"Energy Potion"}],"is_trial":false,"path_per_floor":["M","M","M","$","M","E","R","E","T","R","M","M","E","M","R","B",null,"M","M","M","?","M","R","E"],"character_chosen":"DEFECT","items_purchased":["Sunder"],"campfire_rested":3,"item_purchase_floors":[4],"current_hp_per_floor":[67,60,59,59,49,23,23,5,5,27,20,20,14,13,35,28,63,56,27,13,13,4,26,0],"gold":336,"neow_bonus":"ONE_RARE_RELIC","is_prod":false,"is_daily":false,"chose_seed":false,"campfire_upgraded":1,"win_rate":0,"timestamp":1551392502,"path_taken":["M","?","?","?","?","E","R","E","T","R","M","M","E","M","R","BOSS","M","?","M","?","M","R","E"],"build_version":"2019-01-23","purchased_purges":1,"victory":false,"max_hp_per_floor":[75,75,75,75,75,75,75,75,75,75,75,75,75,75,75,75,75,75,75,75,75,75,75,75],"card_choices":[{"not_picked":["Cold Snap","Steam"],"picked":"Scrape","floor":1},{"not_picked":["Fusion","Redo"],"picked":"Coolheaded","floor":2},{"not_picked":["Gash","Go for the Eyes"],"picked":"Doom and Gloom","floor":3},{"not_picked":["Chill","Redo"],"picked":"Coolheaded","floor":5},{"not_picked":["Fusion","Chaos"],"picked":"Leap","floor":6},{"not_picked":["Double Energy","Defragment"],"picked":"White Noise","floor":8},{"not_picked":["Cold Snap","Undo"],"picked":"Storm","floor":11},{"not_picked":["Go for the Eyes","Stack"],"picked":"Cold Snap","floor":12},{"not_picked":["Steam","Meteor Strike"],"picked":"Auto Shields","floor":13},{"not_picked":["Go for the Eyes","Redo"],"picked":"Self Repair","floor":14},{"not_picked":["Rainbow","Buffer"],"picked":"Creative AI","floor":16},{"not_picked":["Hello World","Loop"],"picked":"Capacitor","floor":18},{"not_picked":["Lockon","Fusion"],"picked":"Darkness+1","floor":19},{"not_picked":["BootSequence","Barrage","Redo"],"picked":"SKIP","floor":20},{"not_picked":["Gash+1","Chaos"],"picked":"Self Repair","floor":22}],"player_experience":865608,"relics_obtained":[{"floor":6,"key":"DataDisk"},{"floor":8,"key":"Pen Nib"},{"floor":9,"key":"Tiny Chest"},{"floor":13,"key":"Potion Belt"}],"event_choices":[{"damage_healed":0,"gold_gain":0,"player_choice":"Bought 3 Potions","damage_taken":0,"max_hp_gain":0,"max_hp_loss":0,"event_name":"The Woman in Blue","floor":21,"gold_loss":0}],"is_beta":false,"boss_relics":[{"not_picked":["Ectoplasm","Busted Crown"],"picked":"FrozenCore"}],"items_purged_floors":[4],"is_endless":false,"potions_floor_spawned":[3,6,8,12,14,18,22],"killed_by":"Book of Stabbing","ascension_level":9}