{"gold_per_floor":[112,127,202,202,202,202,217,229,280,294,309,319,319,332,332,434,434,452,412,88,106,120,120,120,149,149,149,149,180,196,215,215,312,312,323,323,340,340,63,63],"floor_reached":40,"playtime":1603,"items_purged":[],"score":635,"play_id":"3c5f0ca4-f2f6-40aa-adee-ac5aa4fc7998","local_time":"20190208161139","is_ascension_mode":true,"campfire_choices":[{"data":"Armaments","floor":6,"key":"SMITH"},{"data":"Metallicize","floor":15,"key":"SMITH"},{"floor":23,"key":"RECALL"},{"floor":27,"key":"REST"},{"floor":32,"key":"REST"}],"neow_cost":"TEN_PERCENT_HP_LOSS","seed_source_timestamp":251068282320000,"circlet_count":0,"master_deck":["Strike_R","Strike_R","Strike_R","Defend_R","Defend_R","Defend_R","Defend_R","Bash","Armaments+1","Thunderclap","Anger","Power Through","Ghostly Armor","Metallicize+1","Evolve","Parasite","Headbutt","Demon Form","Power Through+1","Battle Trance","Burning Pact","Flame Barrier","Metallicize","Havoc","Burning Pact+1","Juggernaut","Second Wind+1","Corruption"],"relics":["Burning Blood","Dead Branch","Red Skull","Fusion Hammer","FossilizedHelix","Ancient Tea Set","Blood Vial","Mercury Hourglass","Potion Belt","Black Star","Brimstone"],"potions_floor_usage":[16,16,16,18,25,25,29,30,33,37],"damage_taken":[{"damage":1,"enemies":"Cultist","floor":1,"turns":3},{"damage":1,"enemies":"2 Louse","floor":2,"turns":4},{"damage":12,"enemies":"Small Slimes","floor":7,"turns":3},{"damage":7,"enemies":"Looter","floor":8,"turns":4},{"damage":14,"enemies":"Exordium Thugs","floor":10,"turns":5},{"damage":15,"enemies":"Large Slime","floor":11,"turns":8},{"damage":7,"enemies":"Lots of Slimes","floor":12,"turns":3},{"damage":0,"enemies":"2 Fungi Beasts","floor":14,"turns":4},{"damage":35,"enemies":"Hexaghost","floor":16,"turns":10},{"damage":0,"enemies":"Chosen","floor":18,"turns":6},{"damage":4,"enemies":"Spheric Guardian","floor":21,"turns":5},{"damage":9,"enemies":"Snecko","floor":22,"turns":6},{"damage":0,"enemies":"Gremlin Leader","floor":25,"turns":5},{"damage":31,"enemies":"Slavers","floor":29,"turns":7},{"damage":3,"enemies":"Chosen and Byrds","floor":30,"turns":5},{"damage":0,"enemies":"Centurion and Healer","floor":31,"turns":9},{"damage":56,"enemies":"Automaton","floor":33,"turns":11},{"damage":15,"enemies":"3 Darklings","floor":35,"turns":7},{"damage":0,"enemies":"Orb Walker","floor":37,"turns":6},{"damage":80,"enemies":"Nemesis","floor":40,"turns":5}],"seed_played":"-5245459605019098167","potions_obtained":[{"floor":1,"key":"Ancient Potion"},{"floor":7,"key":"SkillPotion"},{"floor":10,"key":"Swift Potion"},{"floor":12,"key":"FearPotion"},{"floor":16,"key":"Block Potion"},{"floor":19,"key":"SneckoOil"},{"floor":19,"key":"Strength Potion"},{"floor":19,"key":"SpeedPotion"},{"floor":22,"key":"PowerPotion"},{"floor":29,"key":"Block Potion"},{"floor":30,"key":"Dexterity Potion"},{"floor":33,"key":"Fire Potion"}],"is_trial":false,"path_per_floor":["M","M","?","?","?","R","M","M","T","M","M","M","?","M","R","B",null,"M","?","$","M","M","R","T","E","T","R","?","E","M","M","R","B",null,"M","?","M","?","$","E"],"character_chosen":"IRONCLAD","items_purchased":["FossilizedHelix","Battle Trance","Corruption","Brimstone"],"campfire_rested":2,"item_purchase_floors":[20,20,39,39],"current_hp_per_floor":[72,72,61,54,54,54,48,47,47,39,30,29,47,53,53,24,60,66,66,66,68,65,65,65,71,71,72,72,47,52,60,72,22,60,53,53,61,61,61,0],"gold":63,"neow_bonus":"ONE_RARE_RELIC","is_prod":false,"is_daily":false,"chose_seed":false,"campfire_upgraded":2,"win_rate":0,"timestamp":1549653099,"path_taken":["M","?","?","?","?","R","M","M","T","?","M","M","?","M","R","BOSS","M","?","$","?","M","R","?","E","T","R","?","E","M","?","R","BOSS","M","?","M","?","$","E"],"build_version":"2019-01-23","purchased_purges":0,"victory":false,"max_hp_per_floor":[72,72,72,72,72,72,72,72,72,72,72,72,72,72,72,72,72,72,72,72,72,72,72,72,72,72,72,72,72,72,72,72,72,72,72,72,72,72,72,72],"card_choices":[{"not_picked":["Anger","Twin Strike"],"picked":"Armaments","floor":1},{"not_picked":["Rupture","Headbutt"],"picked":"Thunderclap","floor":2},{"not_picked":["Wild Strike","Bludgeon"],"picked":"Anger","floor":7},{"not_picked":["Body Slam","Flex"],"picked":"Power Through","floor":8},{"not_picked":["Shockwave","Hemokinesis"],"picked":"Ghostly Armor","floor":10},{"not_picked":["Armaments","Entrench"],"picked":"Metallicize","floor":11},{"not_picked":["Flex","Shrug It Off"],"picked":"Evolve","floor":12},{"not_picked":["Twin Strike","Entrench"],"picked":"Headbutt","floor":14},{"not_picked":["Limit Break","Bludgeon"],"picked":"Demon Form","floor":16},{"not_picked":["Warcry","Dual Wield"],"picked":"Power Through+1","floor":18},{"not_picked":["Sword Boomerang","True Grit"],"picked":"Burning Pact","floor":21},{"not_picked":["Shrug It Off","Pommel Strike"],"picked":"Flame Barrier","floor":22},{"not_picked":["Blood for Blood","Pommel Strike"],"picked":"Metallicize","floor":25},{"not_picked":["Ghostly Armor","Headbutt","Perfected Strike"],"picked":"SKIP","floor":29},{"not_picked":["Clash","Feed"],"picked":"Burning Pact+1","floor":30},{"not_picked":["Heavy Blade","Pommel Strike"],"picked":"Body Slam+1","floor":31},{"not_picked":["Brutality","Impervious"],"picked":"Juggernaut","floor":33},{"not_picked":["Clash","Sentinel+1","Twin Strike+1"],"picked":"SKIP","floor":35},{"not_picked":["Armaments","Iron Wave"],"picked":"Second Wind+1","floor":37}],"player_experience":735745,"relics_obtained":[{"floor":5,"key":"Red Skull"},{"floor":24,"key":"Ancient Tea Set"},{"floor":25,"key":"Blood Vial"},{"floor":26,"key":"Mercury Hourglass"},{"floor":29,"key":"Potion Belt"}],"event_choices":[{"damage_healed":0,"gold_gain":75,"player_choice":"Gather Gold","damage_taken":11,"max_hp_gain":0,"max_hp_loss":0,"event_name":"World of Goop","floor":3,"gold_loss":0},{"cards_removed":["Strike_R"],"damage_healed":0,"gold_gain":0,"player_choice":"Card Removal","damage_taken":7,"max_hp_gain":0,"max_hp_loss":0,"event_name":"Golden Wing","floor":4,"gold_loss":0},{"damage_healed":0,"gold_gain":0,"player_choice":"Relic","damage_taken":0,"max_hp_gain":0,"max_hp_loss":0,"event_name":"Wheel of Change","floor":5,"gold_loss":0},{"damage_healed":18,"gold_gain":0,"player_choice":"Healed and dodged fight","damage_taken":0,"max_hp_gain":0,"max_hp_loss":0,"event_name":"Mushrooms","floor":13,"gold_loss":0,"cards_obtained":["Parasite"]},{"damage_healed":0,"gold_gain":0,"player_choice":"Bought 3 Potions","damage_taken":0,"max_hp_gain":0,"max_hp_loss":0,"event_name":"The Woman in Blue","floor":19,"gold_loss":0},{"damage_healed":0,"gold_gain":0,"cards_transformed":["Strike_R"],"player_choice":"Transformed","damage_taken":0,"max_hp_gain":0,"max_hp_loss":0,"event_name":"Transmorgrifier","floor":28,"gold_loss":0,"cards_obtained":["Havoc"]},{"damage_healed":0,"gold_gain":0,"player_choice":"Ignored","damage_taken":0,"max_hp_gain":0,"max_hp_loss":0,"event_name":"Tomb of Lord Red Mask","floor":36,"gold_loss":0},{"cards_removed":["Body Slam"],"damage_healed":0,"gold_gain":0,"player_choice":"Removed Attack","damage_taken":0,"max_hp_gain":0,"max_hp_loss":0,"event_name":"Falling","floor":38,"gold_loss":0}],"is_beta":false,"boss_relics":[{"not_picked":["Calling Bell","Empty Cage"],"picked":"Fusion Hammer"},{"not_picked":["Pandora\u0027s Box","Snecko Eye"],"picked":"Black Star"}],"items_purged_floors":[],"is_endless":false,"potions_floor_spawned":[1,7,10,12,16,22,29,30,33],"killed_by":"Nemesis","ascension_level":7}