{"gold_per_floor":[118,118,141,141,160,160,177,19,19,53,53,68,68,103,103,175,175,195,212,52,65,65],"floor_reached":22,"playtime":726,"items_purged":["Strike_R"],"score":369,"play_id":"bd293afe-b12e-4fc5-bdf1-07a0a941ae82","local_time":"20190506113919","is_ascension_mode":true,"campfire_choices":[{"data":"Rampage","floor":6,"key":"SMITH"},{"data":"Uppercut","floor":11,"key":"SMITH"},{"floor":13,"key":"REST"},{"data":"Demon Form","floor":15,"key":"SMITH"}],"neow_cost":"PERCENT_DAMAGE","seed_source_timestamp":128494526637500,"circlet_count":0,"master_deck":["AscendersBane","Strike_R+1","Defend_R+1","Defend_R","Defend_R","Bash","Rampage+1","Dropkick","Uppercut+1","Pommel Strike","Demon Form+1","Thunderclap","Shockwave","Shrug It Off","Shrug It Off","Offering","Dropkick+1","Battle Trance","Sword Boomerang+1"],"relics":["Burning Blood","PreservedInsect","Bag of Preparation","Blood Vial","Molten Egg 2","Dream Catcher","Empty Cage"],"potions_floor_usage":[10,16],"damage_taken":[{"damage":2,"enemies":"Jaw Worm","floor":1,"turns":3},{"damage":6,"enemies":"2 Louse","floor":5,"turns":3},{"damage":0,"enemies":"Cultist","floor":7,"turns":3},{"damage":10,"enemies":"3 Sentries","floor":10,"turns":3},{"damage":21,"enemies":"Exordium Wildlife","floor":12,"turns":5},{"damage":14,"enemies":"Lagavulin","floor":14,"turns":6},{"damage":20,"enemies":"Hexaghost","floor":16,"turns":8},{"damage":21,"enemies":"Spheric Guardian","floor":18,"turns":5},{"damage":19,"enemies":"Shell Parasite","floor":19,"turns":4},{"damage":18,"enemies":"Cultist and Chosen","floor":21,"turns":4},{"damage":43,"enemies":"Chosen and Byrds","floor":22,"turns":3}],"seed_played":"4828330250850727930","potions_obtained":[{"floor":5,"key":"Explosive Potion"},{"floor":10,"key":"SteroidPotion"},{"floor":12,"key":"PowerPotion"},{"floor":16,"key":"LiquidBronze"}],"is_trial":false,"path_per_floor":["M","?","T","?","M","R","M","$","T","E","R","M","R","E","R","B",null,"M","M","$","M","M"],"character_chosen":"IRONCLAD","items_purchased":["Bag of Preparation","Battle Trance"],"campfire_rested":1,"item_purchase_floors":[8,20],"current_hp_per_floor":[54,31,31,31,31,31,37,37,37,35,35,22,44,38,38,26,63,50,39,39,29,0],"gold":65,"neow_bonus":"TRANSFORM_TWO_CARDS","is_prod":false,"is_daily":false,"chose_seed":false,"campfire_upgraded":3,"win_rate":0,"timestamp":1557135559,"path_taken":["M","?","?","?","M","R","M","$","T","E","R","M","R","E","R","BOSS","M","M","$","M","?"],"build_version":"2019-01-23","purchased_purges":1,"victory":false,"max_hp_per_floor":[75,75,75,75,75,75,75,75,75,75,75,75,75,75,75,75,75,75,75,75,75,75],"card_choices":[{"not_picked":["Thunderclap","Body Slam"],"picked":"Uppercut","floor":1},{"not_picked":["Entrench","Heavy Blade","Feel No Pain"],"picked":"SKIP","floor":5},{"not_picked":["Perfected Strike","True Grit"],"picked":"Thunderclap","floor":7},{"not_picked":["Dark Embrace","Flex"],"picked":"Shockwave","floor":10},{"not_picked":["Iron Wave+1","Rage"],"picked":"Shrug It Off","floor":12},{"not_picked":["Heavy Blade+1","Body Slam+1"],"picked":"Shrug It Off","floor":14},{"not_picked":["Barricade","Feed+1"],"picked":"Offering","floor":16},{"not_picked":["Intimidate","Havoc"],"picked":"Dropkick+1","floor":18},{"not_picked":["Flex","True Grit","Clash+1"],"picked":"SKIP","floor":19},{"not_picked":["Bludgeon+1","Clash+1"],"picked":"Sword Boomerang+1","floor":21}],"player_experience":661883,"relics_obtained":[{"floor":3,"key":"PreservedInsect"},{"floor":9,"key":"Blood Vial"},{"floor":10,"key":"Molten Egg 2"},{"floor":14,"key":"Dream Catcher"}],"event_choices":[{"damage_healed":0,"gold_gain":0,"player_choice":"Entered Light","damage_taken":23,"max_hp_gain":0,"max_hp_loss":0,"event_name":"Shining Light","floor":2,"gold_loss":0,"cards_upgraded":["Strike_R","Defend_R"]},{"damage_healed":0,"gold_gain":0,"player_choice":"2 cards matched","damage_taken":0,"max_hp_gain":0,"max_hp_loss":0,"event_name":"Match and Keep!","floor":4,"gold_loss":0,"cards_obtained":["Pommel Strike","Demon Form"]}],"is_beta":false,"boss_relics":[{"not_picked":["Ectoplasm","Astrolabe"],"picked":"Empty Cage"}],"items_purged_floors":[20],"is_endless":false,"potions_floor_spawned":[5,10,12,16,19],"killed_by":"Chosen and Byrds","ascension_level":18}