{"gold_per_floor":[112,123,141,141,13,41,41,68,114,128,153,166,200,219,219,323,323,323,323,323,323,323,323,323,323,323,323,323,323,323,323,323,323,323,323,323,323,323,233,233,233,233,233,233,233,233,233,233,233,233,233,233,38,38,38],"floor_reached":56,"playtime":5357,"items_purged":[],"score":1567,"play_id":"039d52bd-45bb-44a1-b5a1-9a2584b0ee68","local_time":"20190331052256","is_ascension_mode":true,"campfire_choices":[{"data":"Armaments","floor":7,"key":"SMITH"},{"data":"Juggernaut","floor":15,"key":"SMITH"},{"data":"Offering","floor":24,"key":"SMITH"},{"data":"True Grit","floor":32,"key":"SMITH"},{"floor":42,"key":"RECALL"},{"data":"Shockwave","floor":46,"key":"SMITH"},{"data":"Demon Form","floor":49,"key":"SMITH"},{"data":"Feel No Pain","floor":52,"key":"SMITH"}],"neow_cost":"CURSE","seed_source_timestamp":1674972839713402,"circlet_count":0,"master_deck":["Strike_R","Strike_R","Strike_R+1","Strike_R","Defend_R","Defend_R","Defend_R","Defend_R","Bash+1","Cleave+1","Juggernaut+1","Seeing Red","Feel No Pain+1","Armaments+1","Uppercut","Feed","Feed","Havoc","Offering+1","Shockwave+1","Warcry+1","Disarm","Headbutt","True Grit+1","Demon Form+1","Shrug It Off","Havoc","True Grit+1","Exhume+1","Heavy Blade+1","Dark Shackles+1","Forethought+1","Transmutation+1","Entrench+1","Warcry+1","Corruption","Pummel+1","Sword Boomerang+1","Metallicize","Havoc+1","Sword Boomerang+1","Limit Break+1","Iron Wave+1","Feel No Pain+1","Feel No Pain+1"],"relics":["Burning Blood","Pocketwatch","Paper Frog","Vajra","Pen Nib","Sundial","Mummified Hand","Ectoplasm","Smiling Mask","Whetstone","Red Mask","Toxic Egg 2","Runic Pyramid","Prayer Wheel","Pantograph","Bronze Scales","Old Coin","Anchor","ClockworkSouvenir","Happy Flower"],"potions_floor_usage":[6,16,23,25,40,55,55],"damage_taken":[{"damage":6,"enemies":"Cultist","floor":1,"turns":3},{"damage":8,"enemies":"Jaw Worm","floor":2,"turns":4},{"damage":4,"enemies":"Small Slimes","floor":3,"turns":4},{"damage":1,"enemies":"3 Sentries","floor":6,"turns":5},{"damage":8,"enemies":"Lagavulin","floor":8,"turns":7},{"damage":5,"enemies":"2 Fungi Beasts","floor":10,"turns":3},{"damage":0,"enemies":"Gremlin Nob","floor":11,"turns":3},{"damage":11,"enemies":"Lots of Slimes","floor":12,"turns":3},{"damage":17,"enemies":"3 Sentries","floor":13,"turns":5},{"damage":0,"enemies":"Exordium Wildlife","floor":14,"turns":3},{"damage":13,"enemies":"Hexaghost","floor":16,"turns":7},{"damage":6,"enemies":"3 Byrds","floor":18,"turns":3},{"damage":6,"enemies":"Spheric Guardian","floor":19,"turns":3},{"damage":0,"enemies":"Snecko","floor":20,"turns":3},{"damage":15,"enemies":"Centurion and Healer","floor":21,"turns":3},{"damage":6,"enemies":"Cultist and Chosen","floor":22,"turns":4},{"damage":15,"enemies":"Book of Stabbing","floor":23,"turns":3},{"damage":6,"enemies":"Gremlin Leader","floor":25,"turns":5},{"damage":6,"enemies":"Snake Plant","floor":27,"turns":2},{"damage":6,"enemies":"Snecko","floor":28,"turns":2},{"damage":6,"enemies":"Masked Bandits","floor":29,"turns":3},{"damage":0,"enemies":"Book of Stabbing","floor":30,"turns":4},{"damage":1,"enemies":"Centurion and Healer","floor":31,"turns":4},{"damage":11,"enemies":"Champ","floor":33,"turns":8},{"damage":14,"enemies":"3 Darklings","floor":35,"turns":4},{"damage":0,"enemies":"Mind Bloom Boss Battle","floor":37,"turns":8},{"damage":11,"enemies":"Orb Walker","floor":38,"turns":5},{"damage":6,"enemies":"Reptomancer","floor":40,"turns":7},{"damage":1,"enemies":"Writhing Mass","floor":41,"turns":4},{"damage":14,"enemies":"Giant Head","floor":44,"turns":5},{"damage":8,"enemies":"Transient","floor":45,"turns":5},{"damage":2,"enemies":"4 Shapes","floor":47,"turns":4},{"damage":10,"enemies":"Reptomancer","floor":48,"turns":7},{"damage":6,"enemies":"Time Eater","floor":50,"turns":4},{"damage":36,"enemies":"Shield and Spear","floor":54,"turns":7},{"damage":13,"enemies":"The Heart","floor":55,"turns":7}],"seed_played":"8183500711821230358","potions_obtained":[{"floor":2,"key":"BloodPotion"},{"floor":6,"key":"Swift Potion"},{"floor":10,"key":"SkillPotion"},{"floor":14,"key":"Weak Potion"},{"floor":16,"key":"Swift Potion"},{"floor":20,"key":"Fire Potion"},{"floor":23,"key":"Dexterity Potion"},{"floor":25,"key":"Dexterity Potion"},{"floor":40,"key":"SkillPotion"}],"is_trial":false,"path_per_floor":["M","M","M","?","$","E","R","E","T","M","E","M","E","M","R","B",null,"M","M","M","M","M","E","R","E","T","M","M","?","E","M","R","B",null,"M","?","?","M","?","E","M","R","T","E","M","R","M","E","R","B",null,"R","$","E","B",null],"character_chosen":"IRONCLAD","items_purchased":["Feel No Pain","Block Potion","ClockworkSouvenir"],"campfire_rested":0,"item_purchase_floors":[5,5,53],"current_hp_per_floor":[80,78,80,73,73,78,78,76,76,77,80,75,67,79,79,72,89,97,97,100,94,94,88,88,88,88,91,94,100,109,117,117,116,128,123,113,123,122,122,126,134,134,134,129,127,127,134,134,134,156,156,156,156,133,151],"gold":38,"neow_bonus":"ONE_RARE_RELIC","is_prod":false,"is_daily":false,"chose_seed":false,"campfire_upgraded":7,"win_rate":0,"timestamp":1554024176,"path_taken":["M","?","M","?","$","E","R","E","T","M","E","M","E","M","R","BOSS","M","M","M","M","M","E","R","E","T","M","M","?","E","M","R","BOSS","M","?","?","M","?","E","?","R","T","E","M","R","M","E","R","BOSS","R","$","E","BOSS"],"build_version":"2019-03-15","purchased_purges":0,"victory":true,"max_hp_per_floor":[80,80,80,80,80,80,80,80,80,80,80,80,83,89,89,89,89,97,97,100,103,103,106,106,106,106,109,112,118,121,124,124,128,128,131,131,135,139,139,143,146,146,146,149,149,149,152,156,156,156,156,156,156,163,163],"card_choices":[{"not_picked":["Warcry","Body Slam"],"picked":"Cleave","floor":1},{"not_picked":["Havoc","Wild Strike"],"picked":"Juggernaut","floor":2},{"not_picked":["Anger","Twin Strike"],"picked":"Seeing Red","floor":3},{"not_picked":["Havoc","Flex"],"picked":"Armaments","floor":6},{"not_picked":["Anger","Sever Soul"],"picked":"Uppercut","floor":8},{"not_picked":["Flex","Clothesline","Thunderclap"],"picked":"SKIP","floor":10},{"not_picked":["Blood for Blood","Feel No Pain","Perfected Strike"],"picked":"SKIP","floor":11},{"not_picked":["Perfected Strike","Wild Strike"],"picked":"Feed","floor":12},{"not_picked":["Warcry","Sever Soul"],"picked":"Feed","floor":13},{"not_picked":["Rampage","Hemokinesis"],"picked":"Havoc","floor":14},{"not_picked":["Brutality","Bludgeon"],"picked":"Offering","floor":16},{"not_picked":["Twin Strike","Body Slam"],"picked":"Shockwave","floor":18},{"not_picked":["Whirlwind+1","Twin Strike"],"picked":"Warcry+1","floor":19},{"not_picked":["Wild Strike+1","Sword Boomerang","Searing Blow"],"picked":"SKIP","floor":20},{"not_picked":["Headbutt+1","Body Slam"],"picked":"Disarm","floor":21},{"not_picked":["Searing Blow","Clash","Heavy Blade"],"picked":"SKIP","floor":22},{"not_picked":["Clothesline","Blood for Blood"],"picked":"Headbutt","floor":23},{"not_picked":["Warcry+1","Clothesline+1"],"picked":"True Grit","floor":25},{"not_picked":["Whirlwind","Anger"],"picked":"Demon Form","floor":27},{"not_picked":["Armaments","Intimidate+1"],"picked":"Shrug It Off","floor":28},{"not_picked":["Inflame","Headbutt"],"picked":"Havoc","floor":29},{"not_picked":["Body Slam+1","Thunderclap+1"],"picked":"True Grit+1","floor":30},{"not_picked":["Pommel Strike+1","Body Slam","Anger"],"picked":"SKIP","floor":31},{"not_picked":["Impervious+1","Demon Form"],"picked":"Exhume+1","floor":33},{"not_picked":["Thunderclap","Wild Strike"],"picked":"Heavy Blade+1","floor":35},{"not_picked":["Impatience+1","Finesse+1"],"picked":"Dark Shackles+1","floor":36},{"not_picked":["Flash of Steel","Purity+1"],"picked":"Forethought+1","floor":36},{"not_picked":["Trip+1","The Bomb+1"],"picked":"Transmutation+1","floor":36},{"not_picked":["Flex+1","Cleave+1"],"picked":"Entrench+1","floor":37},{"not_picked":["Flex+1","Combust"],"picked":"Warcry+1","floor":38},{"not_picked":["Fire Breathing","Dropkick"],"picked":"Corruption","floor":38},{"not_picked":["Anger+1","Pommel Strike"],"picked":"Pummel+1","floor":40},{"not_picked":["Pommel Strike+1","True Grit+1"],"picked":"Sword Boomerang+1","floor":41},{"not_picked":["Thunderclap","Cleave+1","Brutality"],"picked":"SKIP","floor":41},{"not_picked":["Ghostly Armor+1","Shockwave+1"],"picked":"Metallicize","floor":44},{"not_picked":["Armaments+1","Clash"],"picked":"Havoc+1","floor":45},{"not_picked":["Armaments+1","Warcry+1"],"picked":"Sword Boomerang+1","floor":45},{"not_picked":["True Grit+1","Rage+1"],"picked":"Limit Break+1","floor":47},{"not_picked":["Warcry+1","Headbutt+1"],"picked":"Iron Wave+1","floor":47},{"not_picked":["Limit Break+1","Uppercut+1"],"picked":"Feel No Pain+1","floor":48},{"not_picked":["Clothesline+1","Pummel"],"picked":"Feel No Pain+1","floor":54}],"player_experience":5099681,"relics_obtained":[{"floor":6,"key":"Paper Frog"},{"floor":8,"key":"Vajra"},{"floor":9,"key":"Pen Nib"},{"floor":11,"key":"Sundial"},{"floor":13,"key":"Mummified Hand"},{"floor":23,"key":"Smiling Mask"},{"floor":25,"key":"Whetstone"},{"floor":29,"key":"Red Mask"},{"floor":30,"key":"Toxic Egg 2"},{"floor":37,"key":"Prayer Wheel"},{"floor":40,"key":"Pantograph"},{"floor":43,"key":"Bronze Scales"},{"floor":44,"key":"Old Coin"},{"floor":48,"key":"Anchor"},{"floor":54,"key":"Happy Flower"}],"event_choices":[{"cards_removed":["Shame"],"damage_healed":0,"gold_gain":0,"player_choice":"Card Removal","damage_taken":7,"max_hp_gain":0,"max_hp_loss":0,"event_name":"Golden Wing","floor":4,"gold_loss":0},{"damage_healed":0,"gold_gain":0,"player_choice":"Fought Bandits","damage_taken":0,"max_hp_gain":0,"max_hp_loss":0,"event_name":"Masked Bandits","floor":29,"gold_loss":0},{"damage_healed":0,"gold_gain":0,"player_choice":"Memory 3","damage_taken":10,"max_hp_gain":0,"max_hp_loss":0,"event_name":"SensoryStone","floor":36,"gold_loss":0},{"damage_healed":0,"gold_gain":0,"player_choice":"Fight","damage_taken":0,"max_hp_gain":0,"max_hp_loss":0,"event_name":"MindBloom","floor":37,"gold_loss":0},{"cards_removed":["Strike_R"],"damage_healed":0,"gold_gain":0,"player_choice":"Upgrade and Remove","damage_taken":0,"max_hp_gain":0,"max_hp_loss":0,"event_name":"Designer","floor":39,"gold_loss":90,"cards_upgraded":["Strike_R"]}],"is_beta":true,"boss_relics":[{"not_picked":["Tiny House","Calling Bell"],"picked":"Ectoplasm"},{"not_picked":["Black Star","Mark of Pain"],"picked":"Runic Pyramid"}],"items_purged_floors":[],"is_endless":false,"potions_floor_spawned":[2,6,10,11,14,16,20,21,23,25,30,33,35,40,45,47],"ascension_level":1}