{"gold_per_floor":[115,80,80,5,19,49,3,3,3,3,78,107,122,122,122,193,193,209,222,222,236,255,255],"floor_reached":23,"playtime":483,"items_purged":["Pain"],"score":466,"play_id":"dccc22df-7b11-413f-b25e-a7f8b1ae59ba","local_time":"20190420105641","is_ascension_mode":true,"campfire_choices":[{"data":"Zap","floor":8,"key":"SMITH"},{"data":"Auto Shields","floor":10,"key":"SMITH"},{"data":"Sunder","floor":15,"key":"SMITH"}],"neow_cost":"NONE","seed_source_timestamp":767272533463576,"circlet_count":0,"master_deck":["AscendersBane","Strike_B","Strike_B","Strike_B","Defend_B","Defend_B","Defend_B","Defend_B","Zap+1","Dualcast","Sweeping Beam","Melter","Ball Lightning","Auto Shields+1","Cold Snap","Sunder+1","Electrodynamics","Leap","Leap","Cold Snap","Self Repair+1"],"relics":["Cracked Core","WarpedTongs","Centennial Puzzle","Vajra","Oddly Smooth Stone","Lizard Tail","Nloth\u0027s Gift"],"potions_floor_usage":[16,21,23],"damage_taken":[{"damage":0,"enemies":"Small Slimes","floor":1,"turns":1},{"damage":0,"enemies":"Cultist","floor":5,"turns":1},{"damage":0,"enemies":"Lagavulin","floor":6,"turns":1},{"damage":1,"enemies":"Gremlin Nob","floor":12,"turns":3},{"damage":0,"enemies":"2 Louse","floor":13,"turns":2},{"damage":0,"enemies":"Slime Boss","floor":16,"turns":6},{"damage":0,"enemies":"Spheric Guardian","floor":18,"turns":2},{"damage":14,"enemies":"Chosen","floor":19,"turns":5},{"damage":20,"enemies":"Snake Plant","floor":21,"turns":4},{"damage":25,"enemies":"Snecko","floor":22,"turns":6},{"damage":57,"enemies":"Book of Stabbing","floor":23,"turns":8}],"seed_played":"-7796365009803549572","potions_obtained":[{"floor":12,"key":"Poison Potion"},{"floor":16,"key":"FocusPotion"},{"floor":18,"key":"SkillPotion"},{"floor":22,"key":"Strength Potion"}],"is_trial":false,"path_per_floor":["M","$","?","$","M","E","$","R","T","R","?","E","M","?","R","B",null,"M","M","?","M","M","E"],"character_chosen":"DEFECT","items_purchased":["Melter","Cold Snap"],"campfire_rested":0,"item_purchase_floors":[2,7],"current_hp_per_floor":[64,64,64,64,64,64,64,64,64,64,53,52,52,52,52,52,66,66,52,52,32,7,0],"gold":255,"neow_bonus":"THREE_ENEMY_KILL","is_prod":false,"is_daily":false,"chose_seed":false,"campfire_upgraded":3,"win_rate":0,"timestamp":1555768601,"path_taken":["M","$","?","?","?","E","?","R","T","R","?","E","M","?","R","BOSS","M","M","?","?","M","E"],"build_version":"2019-01-23","purchased_purges":1,"victory":false,"max_hp_per_floor":[71,71,71,71,71,71,71,71,71,71,71,71,71,71,71,71,71,71,71,71,71,71,71],"card_choices":[{"not_picked":["Rebound","Cold Snap"],"picked":"Sweeping Beam","floor":1},{"not_picked":["Go for the Eyes","Compile Driver"],"picked":"Ball Lightning","floor":5},{"not_picked":["Aggregate","Amplify"],"picked":"Auto Shields","floor":6},{"not_picked":["Stack","Reprogram"],"picked":"Sunder","floor":12},{"not_picked":["Recycle","Hello World","Skim"],"picked":"SKIP","floor":13},{"not_picked":["Echo Form","Core Surge"],"picked":"Electrodynamics","floor":16},{"not_picked":["Steam","Coolheaded"],"picked":"Leap","floor":18},{"not_picked":["Rebound","Lockon"],"picked":"Leap","floor":19},{"not_picked":["Electrodynamics","Go for the Eyes"],"picked":"Cold Snap","floor":21},{"not_picked":["Stack","Compile Driver+1"],"picked":"Self Repair+1","floor":22}],"player_experience":1160323,"relics_obtained":[{"floor":6,"key":"Centennial Puzzle"},{"floor":9,"key":"Vajra"},{"floor":12,"key":"Oddly Smooth Stone"}],"event_choices":[{"damage_healed":0,"gold_gain":0,"player_choice":"Rummage","damage_taken":0,"relics_obtained":["WarpedTongs"],"max_hp_gain":0,"max_hp_loss":0,"event_name":"Accursed Blacksmith","floor":3,"gold_loss":0,"cards_obtained":["Pain"]},{"damage_healed":0,"gold_gain":75,"player_choice":"Gather Gold","damage_taken":11,"max_hp_gain":0,"max_hp_loss":0,"event_name":"World of Goop","floor":11,"gold_loss":0},{"cards_removed":["Strike_B"],"damage_healed":0,"gold_gain":0,"player_choice":"Offered Basic","damage_taken":0,"max_hp_gain":0,"max_hp_loss":0,"event_name":"Bonfire Elementals","floor":14,"gold_loss":0},{"damage_healed":0,"gold_gain":0,"player_choice":"Traded Relic","damage_taken":0,"relics_obtained":["Nloth\u0027s Gift"],"max_hp_gain":0,"max_hp_loss":0,"event_name":"N\u0027loth","floor":20,"relics_lost":["NeowsBlessing"],"gold_loss":0}],"is_beta":false,"boss_relics":[{"not_picked":["Eternal Feather","Pandora\u0027s Box"],"picked":"Lizard Tail"}],"items_purged_floors":[4],"is_endless":false,"potions_floor_spawned":[12,16,18,22],"killed_by":"Book of Stabbing","ascension_level":14}