{"gold_per_floor":[110,122,137,154,171,201,201,230,230,230,42,42,69,11,11,90,90,107,107,121,166,66,66,95,128,154,181,194,194,221,221,221,292,342,360,197,419,438,456,456,489,489,513,526,526,540,567,580,580,580],"floor_reached":50,"playtime":4248,"items_purged":["Strike_G","Strike_G"],"score":1256,"play_id":"dcd3ccce-db8a-462e-90b8-ceaa780f6464","local_time":"20190311173940","is_ascension_mode":true,"campfire_choices":[{"data":"Neutralize","floor":7,"key":"SMITH"},{"data":"Footwork","floor":10,"key":"SMITH"},{"data":"Poisoned Stab","floor":12,"key":"SMITH"},{"data":"Crippling Poison","floor":15,"key":"SMITH"},{"data":"Noxious Fumes","floor":23,"key":"SMITH"},{"data":"Corpse Explosion","floor":29,"key":"SMITH"},{"floor":32,"key":"REST"},{"data":"Wraith Form v2","floor":40,"key":"SMITH"},{"data":"Footwork","floor":42,"key":"SMITH"},{"floor":45,"key":"REST"},{"floor":49,"key":"RECALL"}],"neow_cost":"NONE","seed_source_timestamp":12173985839960,"circlet_count":0,"master_deck":["AscendersBane","Defend_G","Defend_G","Defend_G","Defend_G","Defend_G","Strike_G+1","Strike_G+1","Survivor","Neutralize+1","Footwork+1","Dash","Bouncing Flask","Backflip","Poisoned Stab+1","Cloak And Dagger","Footwork+1","Backstab","Crippling Poison+1","Dodge and Roll","Corpse Explosion+1","PiercingWail","Noxious Fumes+1","Dodge and Roll+1","Dash+1","Escape Plan+1","Escape Plan","Wraith Form v2+1","Catalyst","Footwork","Wraith Form v2","Sucker Punch+1"],"relics":["Ring of the Snake","NeowsBlessing","Whetstone","Mercury Hourglass","Oddly Smooth Stone","Juzu Bracelet","Velvet Choker","Molten Egg 2","Red Mask","Regal Pillow","Omamori","Centennial Puzzle","Tiny House","Bag of Marbles","Unceasing Top","Happy Flower","Toxic Egg 2"],"potions_floor_usage":[5,24,27,47,50],"damage_taken":[{"damage":0,"enemies":"Cultist","floor":1,"turns":1},{"damage":0,"enemies":"2 Louse","floor":2,"turns":1},{"damage":0,"enemies":"Jaw Worm","floor":3,"turns":1},{"damage":2,"enemies":"2 Fungi Beasts","floor":4,"turns":5},{"damage":3,"enemies":"Exordium Wildlife","floor":5,"turns":10},{"damage":18,"enemies":"Lagavulin","floor":6,"turns":8},{"damage":11,"enemies":"Gremlin Nob","floor":8,"turns":4},{"damage":4,"enemies":"Lagavulin","floor":13,"turns":5},{"damage":11,"enemies":"Slime Boss","floor":16,"turns":13},{"damage":7,"enemies":"Shell Parasite","floor":18,"turns":7},{"damage":7,"enemies":"Chosen","floor":20,"turns":4},{"damage":9,"enemies":"Gremlin Leader","floor":24,"turns":8},{"damage":0,"enemies":"Masked Bandits","floor":25,"turns":2},{"damage":4,"enemies":"Book of Stabbing","floor":27,"turns":5},{"damage":0,"enemies":"3 Cultists","floor":28,"turns":2},{"damage":11,"enemies":"Slavers","floor":30,"turns":3},{"damage":0,"enemies":"Automaton","floor":33,"turns":11},{"damage":0,"enemies":"3 Darklings","floor":35,"turns":3},{"damage":0,"enemies":"3 Shapes","floor":38,"turns":5},{"damage":0,"enemies":"3 Darklings","floor":39,"turns":4},{"damage":46,"enemies":"Reptomancer","floor":41,"turns":8},{"damage":10,"enemies":"Transient","floor":44,"turns":6},{"damage":0,"enemies":"Maw","floor":46,"turns":7},{"damage":33,"enemies":"Nemesis","floor":47,"turns":11},{"damage":2,"enemies":"Sphere and 2 Shapes","floor":48,"turns":7},{"damage":18,"enemies":"Awakened One","floor":50,"turns":3}],"seed_played":"-7383812736283507302","potions_obtained":[{"floor":1,"key":"SpeedPotion"},{"floor":3,"key":"Dexterity Potion"},{"floor":8,"key":"Ancient Potion"},{"floor":13,"key":"Explosive Potion"},{"floor":20,"key":"LiquidBronze"},{"floor":25,"key":"SteroidPotion"},{"floor":30,"key":"GhostInAJar"},{"floor":34,"key":"Weak Potion"},{"floor":35,"key":"GhostInAJar"},{"floor":48,"key":"Dexterity Potion"}],"is_trial":false,"path_per_floor":["M","M","M","M","M","E","R","E","T","R","$","R","E","$","R","B",null,"M","?","M","T","$","R","E","?","T","E","M","R","E","?","R","B",null,"M","$","?","M","M","R","E","R","T","M","R","M","E","M","R","B"],"character_chosen":"THE_SILENT","items_purchased":["Footwork","Backstab","Dodge and Roll","Bag of Marbles"],"campfire_rested":2,"item_purchase_floors":[11,11,14,36],"current_hp_per_floor":[59,59,59,57,54,36,36,25,25,25,25,25,21,21,21,10,52,45,45,38,38,38,38,29,29,29,25,25,25,14,14,48,48,67,67,67,67,67,67,67,21,21,21,11,47,47,14,12,12,0],"gold":580,"neow_bonus":"THREE_ENEMY_KILL","is_prod":false,"is_daily":false,"chose_seed":false,"campfire_upgraded":8,"win_rate":0,"timestamp":1552340380,"path_taken":["M","?","M","?","M","E","R","E","T","R","?","R","E","$","R","BOSS","M","?","M","?","?","R","E","?","T","E","M","R","E","?","R","BOSS","M","$","?","M","M","R","E","R","T","M","R","M","E","M","R","BOSS"],"build_version":"2019-01-23","purchased_purges":2,"victory":false,"max_hp_per_floor":[66,66,66,66,66,66,66,66,66,66,66,66,66,66,66,66,66,66,66,66,66,66,66,66,66,66,66,66,66,66,66,66,66,71,71,71,71,71,71,71,71,71,71,71,71,71,71,71,71,71],"card_choices":[{"not_picked":["Bouncing Flask","Deflect"],"picked":"Footwork","floor":1},{"not_picked":["Blur","Flying Knee"],"picked":"Dash","floor":2},{"not_picked":["Outmaneuver","Dodge and Roll"],"picked":"Bouncing Flask","floor":3},{"not_picked":["Infinite Blades","Expertise","Deflect"],"picked":"SKIP","floor":4},{"not_picked":["Reflex","Escape Plan"],"picked":"Backflip","floor":5},{"not_picked":["Acrobatics","Grand Finale"],"picked":"Poisoned Stab","floor":6},{"not_picked":["Infinite Blades","Outmaneuver"],"picked":"Cloak And Dagger","floor":8},{"not_picked":["Underhanded Strike","Quick Slash"],"picked":"Crippling Poison","floor":13},{"not_picked":["Malaise","Night Terror"],"picked":"Corpse Explosion","floor":16},{"not_picked":["Tactician","Dagger Throw"],"picked":"PiercingWail","floor":18},{"not_picked":["Skewer","Finisher"],"picked":"Dodge and Roll+1","floor":20},{"not_picked":["Caltrops","Bouncing Flask+1"],"picked":"Dash","floor":24},{"not_picked":["Predator+1","Dagger Throw+1"],"picked":"Escape Plan","floor":25},{"not_picked":["Finisher+1","Slice+1"],"picked":"Escape Plan","floor":27},{"not_picked":["Acrobatics","Skewer+1","Masterful Stab+1"],"picked":"SKIP","floor":28},{"not_picked":["Sucker Punch+1","Underhanded Strike+1","Dagger Spray+1"],"picked":"SKIP","floor":30},{"not_picked":["Adrenaline","Bullet Time"],"picked":"Wraith Form v2","floor":33},{"not_picked":["Bane+1","Heel Hook+1","Deflect"],"picked":"SKIP","floor":35},{"not_picked":["Dagger Spray+1","Heel Hook+1","Flying Knee+1"],"picked":"SKIP","floor":38},{"not_picked":["Eviscerate+1","Prepared","Finisher+1"],"picked":"SKIP","floor":39},{"not_picked":["Dagger Spray+1","Poisoned Stab+1","Phantasmal Killer"],"picked":"SKIP","floor":41},{"not_picked":["Sucker Punch+1","Predator+1"],"picked":"Catalyst","floor":44},{"not_picked":["Riddle With Holes+1","Finisher+1"],"picked":"Footwork","floor":46},{"not_picked":["Dagger Throw+1","Unload+1"],"picked":"Wraith Form v2","floor":47},{"not_picked":["Dagger Throw+1","Prepared+1"],"picked":"Sucker Punch+1","floor":48}],"player_experience":1183939,"relics_obtained":[{"floor":6,"key":"Whetstone"},{"floor":8,"key":"Mercury Hourglass"},{"floor":9,"key":"Oddly Smooth Stone"},{"floor":13,"key":"Juzu Bracelet"},{"floor":24,"key":"Molten Egg 2"},{"floor":25,"key":"Red Mask"},{"floor":26,"key":"Regal Pillow"},{"floor":27,"key":"Omamori"},{"floor":30,"key":"Centennial Puzzle"},{"floor":41,"key":"Unceasing Top"},{"floor":43,"key":"Happy Flower"},{"floor":47,"key":"Toxic Egg 2"}],"event_choices":[{"damage_healed":0,"gold_gain":0,"cards_transformed":["Strike_G"],"player_choice":"Transformed","damage_taken":0,"max_hp_gain":0,"max_hp_loss":0,"event_name":"Transmorgrifier","floor":19,"gold_loss":0,"cards_obtained":["Noxious Fumes"]},{"damage_healed":0,"gold_gain":0,"player_choice":"Fought Bandits","damage_taken":0,"max_hp_gain":0,"max_hp_loss":0,"event_name":"Masked Bandits","floor":25,"gold_loss":0},{"damage_healed":0,"gold_gain":0,"player_choice":"Smashed Altar","damage_taken":0,"max_hp_gain":0,"max_hp_loss":0,"event_name":"Forgotten Altar","floor":31,"gold_loss":0,"cards_obtained":["Decay"]},{"damage_healed":0,"gold_gain":222,"player_choice":"Wore Mask","damage_taken":0,"max_hp_gain":0,"max_hp_loss":0,"event_name":"Tomb of Lord Red Mask","floor":37,"gold_loss":0}],"is_beta":false,"boss_relics":[{"not_picked":["Runic Pyramid","Astrolabe"],"picked":"Velvet Choker"},{"not_picked":["Calling Bell","Lizard Tail"],"picked":"Tiny House"}],"items_purged_floors":[11,22],"is_endless":false,"potions_floor_spawned":[1,3,8,13,20,25,30,35,46,48],"killed_by":"Awakened One","ascension_level":20}