{"gold_per_floor":[113,113,61,11,27,56,56,85,136,136,169,169,180,197,197,301,301,317,317,18,18,30,56,56,84,84,100,118,138,148,158,158,158],"floor_reached":33,"playtime":1752,"items_purged":[],"score":457,"play_id":"bd81151b-b961-4456-a56c-e0135e53d4c9","local_time":"20190514091727","is_ascension_mode":true,"campfire_choices":[{"data":"Infinite Blades","floor":7,"key":"SMITH"},{"data":"Adrenaline","floor":12,"key":"SMITH"},{"floor":15,"key":"REST"},{"floor":32,"key":"RECALL"}],"neow_cost":"NONE","seed_source_timestamp":489834363412300,"circlet_count":0,"master_deck":["Defend_G","Defend_G","Defend_G","Defend_G","Defend_G","Survivor","Neutralize","Well Laid Plans","Blade Dance","Infinite Blades+1","Dagger Spray","Backflip","Adrenaline+1","Terror","Blade Dance","Backstab","Storm of Steel","Reflex","Ghostly","Ghostly","Ghostly","Ghostly","Ghostly","Flash of Steel","Prepared","Bite","Bite","Bite","Bite","Bite","Deflect","Glass Knife","Caltrops","Infinite Blades","All Out Attack+1","Choke","Slice","Tactician"],"relics":["Ring of the Snake","NeowsBlessing","Dream Catcher","Juzu Bracelet","Lantern","Pocketwatch","Fusion Hammer","Blood Vial","Strawberry","Ice Cream","Pen Nib","Darkstone Periapt"],"potions_floor_usage":[11,16,25,30,31,33,33],"damage_taken":[{"damage":0,"enemies":"Small Slimes","floor":1,"turns":1},{"damage":0,"enemies":"2 Louse","floor":5,"turns":1},{"damage":0,"enemies":"Lagavulin","floor":6,"turns":1},{"damage":20,"enemies":"3 Sentries","floor":8,"turns":7},{"damage":28,"enemies":"Lagavulin","floor":11,"turns":8},{"damage":0,"enemies":"Jaw Worm","floor":13,"turns":3},{"damage":10,"enemies":"Large Slime","floor":14,"turns":5},{"damage":31,"enemies":"Slime Boss","floor":16,"turns":13},{"damage":0,"enemies":"3 Byrds","floor":18,"turns":5},{"damage":2,"enemies":"Chosen","floor":22,"turns":6},{"damage":4,"enemies":"Slavers","floor":23,"turns":9},{"damage":13,"enemies":"Gremlin Leader","floor":25,"turns":7},{"damage":2,"enemies":"Snecko","floor":27,"turns":6},{"damage":3,"enemies":"Cultist and Chosen","floor":28,"turns":6},{"damage":15,"enemies":"Snake Plant","floor":29,"turns":6},{"damage":4,"enemies":"Centurion and Healer","floor":30,"turns":5},{"damage":1,"enemies":"3 Cultists","floor":31,"turns":5},{"damage":40,"enemies":"Collector","floor":33,"turns":6}],"seed_played":"-6077881379101570263","potions_obtained":[{"floor":1,"key":"Block Potion"},{"floor":5,"key":"GhostInAJar"},{"floor":11,"key":"SpeedPotion"},{"floor":14,"key":"EssenceOfSteel"},{"floor":27,"key":"FearPotion"},{"floor":28,"key":"AttackPotion"},{"floor":30,"key":"Energy Potion"},{"floor":31,"key":"Block Potion"}],"is_trial":false,"path_per_floor":["M","?","$","?","M","E","R","E","T","$","E","R","M","M","R","B",null,"M","?","$","?","M","E","T","E","T","M","M","M","M","M","R","B"],"character_chosen":"THE_SILENT","items_purchased":["Blade Dance","Flash of Steel","Blood Vial","Prepared"],"campfire_rested":1,"item_purchase_floors":[3,20,20,20],"current_hp_per_floor":[70,75,75,75,75,75,75,55,55,55,27,27,27,17,39,8,75,75,37,37,25,25,32,32,31,31,32,31,21,27,32,32,0],"gold":158,"neow_bonus":"THREE_ENEMY_KILL","is_prod":false,"is_daily":false,"chose_seed":false,"campfire_upgraded":2,"win_rate":0,"timestamp":1557839847,"path_taken":["M","?","$","?","M","E","R","E","T","$","E","R","M","M","R","BOSS","M","?","$","?","M","E","?","E","T","M","M","M","M","M","R","BOSS"],"build_version":"2019-01-23","purchased_purges":0,"victory":false,"max_hp_per_floor":[70,75,75,75,75,75,75,75,75,75,75,75,75,75,75,75,75,75,37,37,25,25,32,32,32,32,32,32,32,32,32,32,32],"card_choices":[{"not_picked":["Accuracy","Underhanded Strike"],"picked":"Well Laid Plans","floor":1},{"not_picked":["Dagger Spray","Skewer"],"picked":"Infinite Blades","floor":5},{"not_picked":["Heel Hook","Bane"],"picked":"Dagger Spray","floor":6},{"not_picked":["Prepared","Malaise"],"picked":"Backflip","floor":8},{"not_picked":["Dagger Throw","A Thousand Cuts"],"picked":"Adrenaline","floor":11},{"not_picked":["Outmaneuver","Slice"],"picked":"Terror","floor":13},{"not_picked":["Bouncing Flask","Flying Knee"],"picked":"Blade Dance","floor":14},{"not_picked":["Slice","Noxious Fumes"],"picked":"Backstab","floor":15},{"not_picked":["Doppelganger","Night Terror"],"picked":"Storm of Steel","floor":16},{"not_picked":["Underhanded Strike","Eviscerate"],"picked":"Reflex","floor":18},{"not_picked":["Dagger Spray","PiercingWail"],"picked":"Deflect","floor":22},{"not_picked":["Poisoned Stab","Dodge and Roll"],"picked":"Glass Knife","floor":23},{"not_picked":["Flying Knee+1","Adrenaline"],"picked":"Caltrops","floor":25},{"not_picked":["Slice","Flying Knee"],"picked":"Infinite Blades","floor":27},{"not_picked":["Flying Knee+1","Setup"],"picked":"All Out Attack+1","floor":28},{"not_picked":["Sucker Punch","Underhanded Strike"],"picked":"Choke","floor":29},{"not_picked":["Well Laid Plans","Skewer"],"picked":"Slice","floor":30},{"not_picked":["Prepared","Acrobatics"],"picked":"Tactician","floor":31}],"player_experience":183690,"relics_obtained":[{"floor":6,"key":"Dream Catcher"},{"floor":8,"key":"Juzu Bracelet"},{"floor":9,"key":"Lantern"},{"floor":11,"key":"Pocketwatch"},{"floor":23,"key":"Strawberry"},{"floor":24,"key":"Ice Cream"},{"floor":25,"key":"Pen Nib"},{"floor":26,"key":"Darkstone Periapt"}],"event_choices":[{"damage_healed":0,"gold_gain":0,"player_choice":"Donut","damage_taken":0,"max_hp_gain":5,"max_hp_loss":0,"event_name":"Big Fish","floor":2,"gold_loss":0},{"cards_removed":["Strike_G"],"damage_healed":0,"gold_gain":0,"player_choice":"Card Removal","damage_taken":0,"max_hp_gain":0,"max_hp_loss":0,"event_name":"The Cleric","floor":4,"gold_loss":50},{"damage_healed":0,"gold_gain":0,"player_choice":"Became a Ghost","damage_taken":0,"max_hp_gain":0,"max_hp_loss":38,"event_name":"Ghosts","floor":19,"gold_loss":0,"cards_obtained":["Ghostly","Ghostly","Ghostly","Ghostly","Ghostly"]},{"damage_healed":0,"gold_gain":0,"player_choice":"Became a vampire","damage_taken":0,"max_hp_gain":0,"max_hp_loss":12,"event_name":"Vampires","floor":21,"gold_loss":0,"cards_obtained":["Bite","Bite","Bite","Bite","Bite"]}],"is_beta":false,"boss_relics":[{"not_picked":["Coffee Dripper","Velvet Choker"],"picked":"Fusion Hammer"}],"items_purged_floors":[],"is_endless":false,"potions_floor_spawned":[1,5,11,14,27,28,30,31],"killed_by":"Collector","ascension_level":3}