{"gold_per_floor":[117,192,192,216,230,230,274,51,51,51],"floor_reached":10,"playtime":344,"items_purged":["Strike_R"],"score":112,"play_id":"4bdac00f-1996-4afe-b568-e312961f23c2","local_time":"20190403233154","is_ascension_mode":true,"campfire_choices":[{"data":"Battle Trance","floor":6,"key":"SMITH"}],"neow_cost":"NONE","seed_source_timestamp":214842650102707,"circlet_count":0,"master_deck":["AscendersBane","Strike_R","Strike_R","Strike_R","Strike_R","Defend_R","Defend_R","Defend_R","Defend_R","Bash","Pommel Strike","Cleave","Battle Trance+1","Rage","Reaper"],"relics":["Burning Blood","Golden Idol","Frozen Egg 2","Mummified Hand"],"potions_floor_usage":[10],"damage_taken":[{"damage":9,"enemies":"Jaw Worm","floor":1,"turns":5},{"damage":2,"enemies":"2 Louse","floor":4,"turns":3},{"damage":0,"enemies":"Small Slimes","floor":5,"turns":3},{"damage":30,"enemies":"3 Sentries","floor":7,"turns":8},{"damage":47,"enemies":"Gremlin Nob","floor":10,"turns":4}],"seed_played":"-883353509502147662","potions_obtained":[{"floor":1,"key":"SteroidPotion"},{"floor":7,"key":"LiquidBronze"}],"is_trial":false,"path_per_floor":["M","?","?","M","M","R","E","$","T","E"],"character_chosen":"IRONCLAD","items_purchased":["Reaper"],"campfire_rested":0,"item_purchase_floors":[8],"current_hp_per_floor":[72,61,41,45,51,51,27,27,27,0],"gold":51,"neow_bonus":"TEN_PERCENT_HP_BONUS","is_prod":false,"is_daily":false,"chose_seed":false,"campfire_upgraded":1,"win_rate":0,"timestamp":1554345114,"path_taken":["M","?","?","?","M","R","E","$","T","E"],"build_version":"2019-01-23","purchased_purges":1,"victory":false,"max_hp_per_floor":[82,82,82,82,82,82,82,82,82,82],"card_choices":[{"not_picked":["Sever Soul","True Grit"],"picked":"Pommel Strike","floor":1},{"not_picked":["Twin Strike","Dual Wield"],"picked":"Cleave","floor":4},{"not_picked":["Burning Pact","True Grit"],"picked":"Battle Trance","floor":5},{"not_picked":["Cleave","Wild Strike"],"picked":"Rage","floor":7}],"player_experience":1033326,"relics_obtained":[{"floor":7,"key":"Frozen Egg 2"},{"floor":9,"key":"Mummified Hand"}],"event_choices":[{"damage_healed":0,"gold_gain":75,"player_choice":"Gather Gold","damage_taken":11,"max_hp_gain":0,"max_hp_loss":0,"event_name":"World of Goop","floor":2,"gold_loss":0},{"damage_healed":0,"gold_gain":0,"player_choice":"Take Damage","damage_taken":20,"relics_obtained":["Golden Idol"],"max_hp_gain":0,"max_hp_loss":0,"event_name":"Golden Idol","floor":3,"gold_loss":0}],"is_beta":false,"boss_relics":[],"items_purged_floors":[8],"is_endless":false,"potions_floor_spawned":[1,7],"killed_by":"Gremlin Nob","ascension_level":14}