{"gold_per_floor":[114,114,88,164,164,164,195,206,232,232,232,232,267,192,192,318,318,337,356,356,134,134,134,195,195,248,248,264,282,32,55,55,55],"floor_reached":33,"playtime":790,"items_purged":["Injury"],"score":338,"play_id":"9260cc3d-cf88-4bd1-a9ce-c7b0327aeffc","local_time":"20190509080804","is_ascension_mode":true,"campfire_choices":[{"data":"Bash","floor":6,"key":"SMITH"},{"data":"Rampage","floor":12,"key":"SMITH"},{"data":"Barricade","floor":15,"key":"SMITH"},{"data":"Sword Boomerang","floor":23,"key":"SMITH"},{"data":"Feed","floor":27,"key":"SMITH"},{"floor":32,"key":"REST"}],"neow_cost":"NONE","seed_source_timestamp":288361451471600,"circlet_count":0,"master_deck":["Strike_R","Strike_R","Strike_R","Strike_R","Strike_R","Defend_R","Defend_R","Defend_R","Defend_R","Bash+1","Carnage","True Grit","Barricade+1","Rampage+1","Cleave","Immolate","Sword Boomerang+1","Inflame+1","Feed+1","Hemokinesis+1","Shrug It Off","Wild Strike+1"],"relics":["Burning Blood","NeowsBlessing","Question Card","Ancient Tea Set","Golden Idol","Bag of Preparation","Sozu","Bag of Marbles","Tiny Chest","Paper Frog","Meat on the Bone"],"potions_floor_usage":[16,16],"damage_taken":[{"damage":0,"enemies":"Small Slimes","floor":1,"turns":1},{"damage":0,"enemies":"3 Sentries","floor":7,"turns":2},{"damage":0,"enemies":"Jaw Worm","floor":8,"turns":1},{"damage":8,"enemies":"Gremlin Nob","floor":13,"turns":3},{"damage":70,"enemies":"Hexaghost","floor":16,"turns":10},{"damage":20,"enemies":"Chosen","floor":18,"turns":6},{"damage":21,"enemies":"2 Thieves","floor":19,"turns":3},{"damage":11,"enemies":"Slavers","floor":24,"turns":2},{"damage":12,"enemies":"Chosen and Byrds","floor":28,"turns":4},{"damage":10,"enemies":"Snecko","floor":29,"turns":3},{"damage":0,"enemies":"Snake Plant","floor":31,"turns":1},{"damage":76,"enemies":"Champ","floor":33,"turns":8}],"seed_played":"3274356478331203918","potions_obtained":[{"floor":1,"key":"AttackPotion"},{"floor":8,"key":"SteroidPotion"}],"is_trial":false,"path_per_floor":["M","?","$","?","?","R","E","M","T","?","?","R","E","$","R","B",null,"M","M","?","$","?","R","E","T","T","R","M","M","$","M","R","B"],"character_chosen":"IRONCLAD","items_purchased":["True Grit","Bag of Marbles","Feed","Meat on the Bone"],"campfire_rested":1,"item_purchase_floors":[3,21,21,30],"current_hp_per_floor":[80,80,80,80,80,80,80,80,80,80,85,85,83,83,83,19,85,71,56,56,56,40,40,35,35,35,35,33,29,29,47,73,0],"gold":55,"neow_bonus":"THREE_ENEMY_KILL","is_prod":false,"is_daily":false,"chose_seed":false,"campfire_upgraded":5,"win_rate":0,"timestamp":1557403684,"path_taken":["M","?","$","?","?","R","E","M","T","?","?","R","E","?","R","BOSS","M","M","?","$","?","R","E","?","T","R","?","M","$","M","R","BOSS"],"build_version":"2019-01-23","purchased_purges":1,"victory":false,"max_hp_per_floor":[80,80,80,80,80,80,80,80,80,80,85,85,85,85,85,85,85,85,85,85,85,85,85,85,85,85,85,89,89,89,89,89,89],"card_choices":[{"not_picked":["Dual Wield","Uppercut"],"picked":"Carnage","floor":1},{"not_picked":["Hemokinesis","Sentinel"],"picked":"Barricade","floor":7},{"not_picked":["Rage","Sentinel","Spot Weakness"],"picked":"Rampage","floor":8},{"not_picked":["Clash","Pommel Strike","Anger"],"picked":"Cleave","floor":13},{"not_picked":["Juggernaut","Bludgeon","Feed"],"picked":"Immolate","floor":16},{"not_picked":["Entrench","Perfected Strike","Sever Soul"],"picked":"Sword Boomerang","floor":18},{"not_picked":["Hemokinesis","Clash","Uppercut+1"],"picked":"Inflame+1","floor":19},{"not_picked":["Power Through","Clothesline","Ghostly Armor"],"picked":"Hemokinesis+1","floor":24},{"not_picked":["Power Through+1","Warcry","Perfected Strike"],"picked":"Shrug It Off","floor":28},{"not_picked":["Havoc+1","Flex","Clash+1"],"picked":"Wild Strike+1","floor":29},{"not_picked":["Disarm","Feel No Pain","Cleave","Warcry"],"picked":"SKIP","floor":31}],"player_experience":158818,"relics_obtained":[{"floor":7,"key":"Question Card"},{"floor":9,"key":"Ancient Tea Set"},{"floor":13,"key":"Bag of Preparation"},{"floor":24,"key":"Tiny Chest"},{"floor":25,"key":"Paper Frog"}],"event_choices":[{"damage_healed":0,"gold_gain":0,"player_choice":"Leave","damage_taken":0,"max_hp_gain":0,"max_hp_loss":0,"event_name":"The Cleric","floor":2,"gold_loss":0},{"damage_healed":0,"gold_gain":76,"player_choice":"Gained Gold","damage_taken":0,"max_hp_gain":0,"max_hp_loss":0,"event_name":"Golden Wing","floor":4,"gold_loss":0},{"damage_healed":0,"gold_gain":0,"player_choice":"Ignored","damage_taken":0,"max_hp_gain":0,"max_hp_loss":0,"event_name":"Liars Game","floor":5,"gold_loss":0},{"damage_healed":0,"gold_gain":0,"player_choice":"Take Wound","damage_taken":0,"relics_obtained":["Golden Idol"],"max_hp_gain":0,"max_hp_loss":0,"event_name":"Golden Idol","floor":10,"gold_loss":0,"cards_obtained":["Injury"]},{"damage_healed":0,"gold_gain":0,"player_choice":"Donut","damage_taken":0,"max_hp_gain":5,"max_hp_loss":0,"event_name":"Big Fish","floor":11,"gold_loss":0},{"damage_healed":0,"gold_gain":0,"player_choice":"Ignored","damage_taken":0,"max_hp_gain":0,"max_hp_loss":0,"event_name":"Vampires","floor":20,"gold_loss":0},{"damage_healed":0,"gold_gain":0,"player_choice":"Obtained Book","damage_taken":16,"max_hp_gain":0,"max_hp_loss":0,"event_name":"Cursed Tome","floor":22,"gold_loss":0}],"is_beta":false,"boss_relics":[{"not_picked":["Black Blood","Cursed Key"],"picked":"Sozu"}],"items_purged_floors":[14],"is_endless":false,"potions_floor_spawned":[1,8,18,31],"killed_by":"Champ","ascension_level":3}