{"path_per_floor":["M","M","M","?","$","M","M","?","T","M","M","R","M","M","R","B",null,"M","$","T","?","M","M","R"],"character_chosen":"DEFECT","items_purchased":["Redo","Skim","FTL","Magnetism"],"gold_per_floor":[111,126,143,143,58,76,93,93,93,110,126,126,137,157,157,257,287,303,22,48,48,62,78,78,78],"floor_reached":25,"campfire_rested":3,"playtime":1218,"item_purchase_floors":[5,5,19,19],"current_hp_per_floor":[75,68,53,53,53,32,26,26,26,26,26,48,30,17,39,10,80,52,52,52,52,52,27,51,0],"items_purged":[],"gold":78,"score":254,"play_id":"1bceb69c-e346-4996-baa3-c26416a090c7","local_time":"20180606033748","is_prod":false,"is_daily":false,"chose_seed":false,"is_ascension_mode":true,"campfire_upgraded":0,"win_rate":0,"timestamp":1528267068,"campfire_choices":[{"floor":12,"key":"REST"},{"floor":15,"key":"REST"},{"floor":24,"key":"REST"}],"path_taken":["M","?","?","?","$","M","M","?","T","M","M","R","M","M","R","BOSS","M","$","?","?","M","M","R","E"],"build_version":"2018-05-31","seed_source_timestamp":110486912968989,"purchased_purges":0,"victory":false,"master_deck":["Strike_B","Strike_B","Strike_B","Strike_B","Defend_B","Defend_B","Defend_B","Defend_B","Zap","Dualcast","Turbo+1","Sweeping Beam","Skim","FTL","Redo","Skim","Sweeping Beam+1","Melter","Gash","Ball Lightning","Seek","Defragment","Seek","Double Energy","Rebound+1","FTL","Magnetism","Sweeping Beam","Sweeping Beam"],"max_hp_per_floor":[75,75,75,75,75,75,75,75,75,75,75,75,75,75,75,75,80,80,80,80,80,80,80,80,80],"relics":["Cracked Core","Gremlin Horn","Tiny House","Anchor"],"card_choices":[{"not_picked":["Gash","Leap"],"picked":"Turbo","floor":0},{"not_picked":["Auto Shields","Steam"],"picked":"Sweeping Beam","floor":1},{"not_picked":["Chaos","Auto Shields"],"picked":"Skim","floor":2},{"not_picked":["Skim","Aggregate"],"picked":"FTL","floor":3},{"not_picked":["Gash","Streamline"],"picked":"Sweeping Beam","floor":6},{"not_picked":["Conserve Battery","Lockon"],"picked":"Melter","floor":7},{"not_picked":["Leap","Capacitor"],"picked":"Gash","floor":10},{"not_picked":["Go for the Eyes","Barrage"],"picked":"Ball Lightning","floor":11},{"not_picked":["Turbo","Streamline"],"picked":"Seek","floor":13},{"not_picked":["Heatsinks","Redo"],"picked":"Defragment","floor":14},{"not_picked":["Rainbow","Reboot"],"picked":"Seek","floor":16},{"not_picked":["Cold Snap","Consume"],"picked":"Double Energy","floor":17},{"not_picked":["Leap+1","Go for the Eyes"],"picked":"Rebound+1","floor":18},{"not_picked":["Heatsinks","Beam Cell"],"picked":"Sweeping Beam","floor":22},{"not_picked":["Beam Cell","Blizzard"],"picked":"Sweeping Beam","floor":23}],"player_experience":288411,"potions_floor_usage":[10,10,14,14,16,16,18,23,25],"damage_taken":[{"damage":0,"enemies":"Cultist","floor":1,"turns":3},{"damage":7,"enemies":"Jaw Worm","floor":2,"turns":2},{"damage":15,"enemies":"2 Louse","floor":3,"turns":2},{"damage":21,"enemies":"Large Slime","floor":6,"turns":5},{"damage":6,"enemies":"3 Louse","floor":7,"turns":2},{"damage":0,"enemies":"Lots of Slimes","floor":10,"turns":1},{"damage":0,"enemies":"2 Fungi Beasts","floor":11,"turns":2},{"damage":18,"enemies":"Large Slime","floor":13,"turns":2},{"damage":13,"enemies":"Blue Slaver","floor":14,"turns":2},{"damage":29,"enemies":"The Guardian","floor":16,"turns":8},{"damage":28,"enemies":"2 Thieves","floor":18,"turns":3},{"damage":0,"enemies":"3 Byrds","floor":22,"turns":2},{"damage":25,"enemies":"Cultist and Chosen","floor":23,"turns":5},{"damage":51,"enemies":"Book of Stabbing","floor":25,"turns":4}],"relics_obtained":[{"floor":9,"key":"Gremlin Horn"},{"floor":20,"key":"Anchor"}],"event_choices":[{"event_name":"Living Wall","player_choice":"Grow","floor":4,"damage_taken":0},{"event_name":"The Lab","player_choice":"Got Potions","floor":8,"damage_taken":0},{"event_name":"Vampires","player_choice":"Ignored","floor":21,"damage_taken":0}],"boss_relics":[{"not_picked":["Calling Bell","Lizard Tail"],"picked":"Tiny House"}],"items_purged_floors":[],"potions_floor_spawned":[2,6,7,10,14,23],"seed_played":"923508302602162964","killed_by":"Book of Stabbing","ascension_level":3,"potions_obtained":[{"floor":2,"key":"Strength Potion"},{"floor":6,"key":"SpeedPotion"},{"floor":7,"key":"SneckoOil"},{"floor":8,"key":"SkillPotion"},{"floor":8,"key":"Explosive Potion"},{"floor":10,"key":"EntropicBrew"},{"floor":14,"key":"Explosive Potion"},{"floor":17,"key":"Energy Potion"},{"floor":23,"key":"Block Potion"}],"is_trial":false}