{"gold_per_floor":[109,59,59,77,87,87,97,128,128,159,178,58,58,58,58,156,156,169,186,216,229,12,44,44,44,44,75,75,93,120,45,45,146,196,207,219,67,80,80,108,120,145,145,145,145,173,191,201,201,201,201,201,2,33,33],"floor_reached":56,"playtime":3311,"items_purged":["Strike_R","Strike_R"],"score":1405,"play_id":"c8b16f36-b194-4778-93f1-49b1e905bf39","local_time":"20190218144914","is_ascension_mode":false,"campfire_choices":[{"data":"Armaments","floor":6,"key":"SMITH"},{"data":"Juggernaut","floor":13,"key":"SMITH"},{"data":"Bash","floor":15,"key":"SMITH"},{"data":"Barricade","floor":25,"key":"SMITH"},{"data":"Metallicize","floor":32,"key":"SMITH"},{"floor":45,"key":"RECALL"},{"data":"True Grit","floor":49,"key":"SMITH"},{"data":"Feel No Pain","floor":52,"key":"SMITH"}],"neow_cost":"NONE","seed_source_timestamp":76398111373442,"circlet_count":0,"master_deck":["Defend_R","Defend_R","Defend_R","Bash+1","Iron Wave","Armaments+1","Carnage","Feel No Pain+1","Juggernaut+1","Burning Pact+1","Headbutt","Shrug It Off","Barricade+1","Havoc+1","Pommel Strike","Metallicize+1","Battle Trance","Warcry+1","Body Slam","Offering","True Grit+1","Disarm+1","Body Slam","Iron Wave+1","Exhume","Shrug It Off"],"relics":["Burning Blood","Ginger","Unceasing Top","Incense Burner","Velvet Choker","Red Mask","Bag of Preparation","Dream Catcher","Darkstone Periapt","Vajra","Mango","Tiny House","StoneCalendar","Strawberry","Letter Opener","Question Card","Oddly Smooth Stone","Mercury Hourglass"],"potions_floor_usage":[20,23,33,36,55,55,55],"damage_taken":[{"damage":1,"enemies":"Jaw Worm","floor":1,"turns":4},{"damage":0,"enemies":"Small Slimes","floor":4,"turns":5},{"damage":1,"enemies":"Cultist","floor":5,"turns":3},{"damage":5,"enemies":"3 Louse","floor":7,"turns":4},{"damage":22,"enemies":"3 Sentries","floor":8,"turns":7},{"damage":13,"enemies":"Lagavulin","floor":10,"turns":7},{"damage":5,"enemies":"2 Fungi Beasts","floor":11,"turns":4},{"damage":13,"enemies":"The Guardian","floor":16,"turns":12},{"damage":5,"enemies":"Shell Parasite","floor":18,"turns":7},{"damage":9,"enemies":"2 Thieves","floor":19,"turns":4},{"damage":0,"enemies":"Masked Bandits","floor":20,"turns":5},{"damage":15,"enemies":"Shelled Parasite and Fungi","floor":21,"turns":4},{"damage":3,"enemies":"Slavers","floor":23,"turns":7},{"damage":19,"enemies":"Gremlin Leader","floor":27,"turns":6},{"damage":0,"enemies":"3 Cultists","floor":29,"turns":5},{"damage":27,"enemies":"Slavers","floor":30,"turns":5},{"damage":0,"enemies":"Champ","floor":33,"turns":7},{"damage":6,"enemies":"3 Shapes","floor":35,"turns":4},{"damage":6,"enemies":"3 Darklings","floor":36,"turns":7},{"damage":1,"enemies":"Spire Growth","floor":38,"turns":5},{"damage":1,"enemies":"Nemesis","floor":40,"turns":7},{"damage":6,"enemies":"Transient","floor":41,"turns":5},{"damage":6,"enemies":"Giant Head","floor":42,"turns":6},{"damage":10,"enemies":"Reptomancer","floor":46,"turns":6},{"damage":2,"enemies":"Writhing Mass","floor":47,"turns":6},{"damage":1,"enemies":"Maw","floor":48,"turns":6},{"damage":54,"enemies":"Donu and Deca","floor":50,"turns":9},{"damage":30,"enemies":"Shield and Spear","floor":54,"turns":7},{"damage":71,"enemies":"The Heart","floor":55,"turns":9}],"seed_played":"5624814293082775567","potions_obtained":[{"floor":4,"key":"SneckoOil"},{"floor":8,"key":"Regen Potion"},{"floor":10,"key":"SpeedPotion"},{"floor":14,"key":"Regen Potion"},{"floor":14,"key":"EssenceOfSteel"},{"floor":16,"key":"Dexterity Potion"},{"floor":19,"key":"Block Potion"},{"floor":30,"key":"FearPotion"},{"floor":33,"key":"Energy Potion"},{"floor":34,"key":"SmokeBomb"},{"floor":36,"key":"Dexterity Potion"},{"floor":41,"key":"Swift Potion"},{"floor":42,"key":"Strength Potion"}],"is_trial":false,"path_per_floor":["M","?","?","M","M","R","M","E","T","E","M","$","R","?","R","B",null,"M","M","?","M","$","E","?","R","T","E","?","M","E","?","R","B",null,"M","M","$","M","?","E","M","E","T","?","R","E","M","M","R","B",null,"R","$","E","B",null],"character_chosen":"IRONCLAD","items_purchased":["Shrug It Off","Bag of Preparation","Battle Trance","Body Slam","Oddly Smooth Stone","Shrug It Off"],"campfire_rested":0,"item_purchase_floors":[12,22,22,37,53,53],"current_hp_per_floor":[80,80,85,85,85,85,85,69,69,62,63,63,63,63,63,56,85,85,82,85,76,76,79,79,79,79,66,66,72,65,65,65,86,104,104,104,104,104,99,99,99,106,106,106,106,102,106,106,106,58,106,106,106,82,17],"gold":33,"neow_bonus":"REMOVE_CARD","is_prod":false,"is_daily":false,"chose_seed":false,"campfire_upgraded":7,"win_rate":0,"timestamp":1550501354,"path_taken":["M","?","?","M","M","R","M","E","T","E","M","$","R","?","R","BOSS","M","?","?","M","$","E","?","R","T","E","?","M","E","?","R","BOSS","M","M","$","M","?","E","M","E","T","?","R","E","M","M","R","BOSS","R","$","E","BOSS"],"build_version":"2019-02-06","purchased_purges":2,"victory":true,"max_hp_per_floor":[80,80,85,85,85,85,85,85,85,85,85,85,85,85,85,85,85,85,85,85,85,85,85,85,85,85,85,85,85,99,99,99,99,104,104,104,104,104,99,99,99,106,106,106,106,106,106,106,106,106,106,106,106,106,106],"card_choices":[{"not_picked":["Clash","Body Slam"],"picked":"Iron Wave","floor":1},{"not_picked":["Evolve","Sword Boomerang"],"picked":"Armaments","floor":4},{"not_picked":["Infernal Blade","Ghostly Armor"],"picked":"Carnage","floor":5},{"not_picked":["Twin Strike","Iron Wave"],"picked":"Feel No Pain","floor":7},{"not_picked":["Searing Blow","Iron Wave"],"picked":"Juggernaut","floor":8},{"not_picked":["Wild Strike","Cleave"],"picked":"Burning Pact","floor":10},{"not_picked":["Clash","Flex"],"picked":"Headbutt","floor":11},{"not_picked":["Limit Break","Berserk"],"picked":"Barricade","floor":16},{"not_picked":["Body Slam","Clash+1"],"picked":"Havoc+1","floor":18},{"not_picked":["Heavy Blade+1","Cleave"],"picked":"Pommel Strike","floor":19},{"not_picked":["Hemokinesis","Twin Strike+1"],"picked":"Metallicize","floor":20},{"not_picked":["Fire Breathing","Inflame+1","Thunderclap"],"picked":"SKIP","floor":21},{"not_picked":["Pommel Strike","Cleave+1"],"picked":"Warcry+1","floor":23},{"not_picked":["Pommel Strike","Feed"],"picked":"Sentinel+1","floor":27},{"not_picked":["Body Slam","Havoc","Twin Strike"],"picked":"SKIP","floor":29},{"not_picked":["Havoc","Twin Strike"],"picked":"Body Slam","floor":29},{"not_picked":["Double Tap","Evolve","Second Wind"],"picked":"SKIP","floor":30},{"not_picked":["Juggernaut","Barricade"],"picked":"Offering","floor":33},{"not_picked":["Dropkick+1","Sword Boomerang+1"],"picked":"True Grit","floor":34},{"not_picked":["True Grit+1","Clothesline","Disarm"],"picked":"SKIP","floor":35},{"not_picked":["Anger","Inflame+1"],"picked":"Disarm+1","floor":36},{"not_picked":["Bloodletting","Heavy Blade+1","Battle Trance+1"],"picked":"SKIP","floor":38},{"not_picked":["Body Slam+1","Headbutt+1","Metallicize"],"picked":"SKIP","floor":40},{"not_picked":["Cleave","Sentinel","Demon Form"],"picked":"SKIP","floor":41},{"not_picked":["Sentinel+1","Armaments","Cleave"],"picked":"SKIP","floor":42},{"not_picked":["Rupture","Warcry"],"picked":"Iron Wave+1","floor":46},{"not_picked":["Armaments+1","Twin Strike","Sword Boomerang+1","Heavy Blade"],"picked":"SKIP","floor":47},{"not_picked":["True Grit+1","Armaments","Warcry"],"picked":"Exhume","floor":48},{"not_picked":["Armaments+1","Thunderclap+1","Body Slam","Flex"],"picked":"SKIP","floor":54}],"player_experience":937009,"relics_obtained":[{"floor":8,"key":"Ginger"},{"floor":9,"key":"Unceasing Top"},{"floor":10,"key":"Incense Burner"},{"floor":20,"key":"Red Mask"},{"floor":23,"key":"Dream Catcher"},{"floor":27,"key":"Darkstone Periapt"},{"floor":30,"key":"Mango"},{"floor":40,"key":"StoneCalendar"},{"floor":42,"key":"Strawberry"},{"floor":43,"key":"Letter Opener"},{"floor":46,"key":"Question Card"},{"floor":54,"key":"Mercury Hourglass"}],"event_choices":[{"cards_removed":["Defend_R"],"damage_healed":0,"gold_gain":0,"player_choice":"Card Removal","damage_taken":0,"max_hp_gain":0,"max_hp_loss":0,"event_name":"The Cleric","floor":2,"gold_loss":50},{"damage_healed":0,"gold_gain":0,"player_choice":"Donut","damage_taken":0,"max_hp_gain":5,"max_hp_loss":0,"event_name":"Big Fish","floor":3,"gold_loss":0},{"damage_healed":0,"gold_gain":0,"player_choice":"Got Potions","damage_taken":0,"max_hp_gain":0,"max_hp_loss":0,"event_name":"Lab","floor":14,"gold_loss":0},{"damage_healed":0,"gold_gain":0,"player_choice":"Fought Bandits","damage_taken":0,"max_hp_gain":0,"max_hp_loss":0,"event_name":"Masked Bandits","floor":20,"gold_loss":0},{"cards_removed":["Strike_R"],"damage_healed":0,"gold_gain":0,"player_choice":"Elegance","damage_taken":0,"max_hp_gain":0,"max_hp_loss":0,"event_name":"Back to Basics","floor":24,"gold_loss":0},{"damage_healed":0,"gold_gain":0,"player_choice":"Opened","damage_taken":0,"relics_obtained":["Vajra"],"max_hp_gain":0,"max_hp_loss":0,"event_name":"The Mausoleum","floor":28,"gold_loss":0},{"cards_removed":["Strike_R"],"damage_healed":0,"gold_gain":0,"player_choice":"Gave Gold","damage_taken":0,"max_hp_gain":0,"max_hp_loss":0,"event_name":"Beggar","floor":31,"gold_loss":75},{"damage_healed":0,"gold_gain":0,"player_choice":"Max HP","damage_taken":0,"max_hp_gain":0,"max_hp_loss":5,"event_name":"Winding Halls","floor":39,"gold_loss":0},{"cards_removed":["Sentinel"],"damage_healed":0,"gold_gain":0,"player_choice":"Removed Skill","damage_taken":0,"max_hp_gain":0,"max_hp_loss":0,"event_name":"Falling","floor":44,"gold_loss":0}],"is_beta":true,"boss_relics":[{"not_picked":["Eternal Feather","Fusion Hammer"],"picked":"Velvet Choker"},{"not_picked":["Runic Dome","Black Blood"],"picked":"Tiny House"}],"items_purged_floors":[12,37],"is_endless":false,"potions_floor_spawned":[4,8,10,16,19,30,33,36,41,42,46,47],"ascension_level":0}