{"gold_per_floor":[118,118,118,43,43,43,10,25,25,25,46,77,91,91,91,215,215,233,247,267,156,156,156,176,176,176,194,194,207,238,238,238,361,361,381,41,0,125,125,125,139,139,139,153,188,188],"floor_reached":46,"playtime":2172,"items_purged":["Injury","Doubt"],"score":561,"play_id":"c8dc70c4-a041-42fe-904b-7b8ecf358d5d","local_time":"20190515114348","is_ascension_mode":true,"campfire_choices":[{"data":"Bash","floor":6.0,"key":"SMITH"},{"floor":15.0,"key":"REST"},{"data":"Body Slam","floor":23,"key":"SMITH"},{"floor":28,"key":"REST"},{"floor":32,"key":"REST"},{"floor":40,"key":"RECALL"},{"data":"Battle Trance","floor":42,"key":"SMITH"}],"neow_cost":"NONE","seed_source_timestamp":0,"circlet_count":0,"master_deck":["Strike_R","Strike_R","Strike_R","Strike_R","Strike_R","Defend_R","Defend_R","Defend_R","Defend_R","Bash+1","Twin Strike","Second Wind","Metallicize","Body Slam+1","Pommel Strike","Shrug It Off","Reaper","Armaments+1","Battle Trance+1","Shrug It Off","Dramatic Entrance","Juggernaut","Iron Wave+1","Body Slam+1","Thunderclap+1","Sword Boomerang+1","Feed+1","Inflame","Normality","Pommel Strike+1","Dual Wield+1"],"special_seed":0,"relics":["Burning Blood","Bronze Scales","Letter Opener","Golden Idol","Ginger","Gremlin Horn","Bottled Tornado","Cursed Key","Ancient Tea Set","Singing Bowl","Mark of Pain","Shuriken","Red Mask","StoneCalendar","Orichalcum"],"potions_floor_usage":[18,30,33,41,45,45,45],"damage_taken":[{"damage":4.0,"enemies":"Small Slimes","floor":1.0,"turns":4.0},{"damage":13.0,"enemies":"Jaw Worm","floor":8.0,"turns":4.0},{"damage":9.0,"enemies":"2 Louse","floor":11.0,"turns":2.0},{"damage":45.0,"enemies":"Lagavulin","floor":12.0,"turns":6.0},{"damage":6.0,"enemies":"2 Fungi Beasts","floor":13.0,"turns":2.0},{"damage":30.0,"enemies":"Hexaghost","floor":16.0,"turns":10.0},{"damage":12,"enemies":"3 Byrds","floor":18,"turns":3},{"damage":16,"enemies":"Shell Parasite","floor":19,"turns":5},{"damage":26,"enemies":"3 Cultists","floor":20,"turns":6},{"damage":37,"enemies":"Snake Plant","floor":24,"turns":4},{"damage":5,"enemies":"Snecko","floor":27,"turns":5},{"damage":31,"enemies":"Shelled Parasite and Fungi","floor":29,"turns":4},{"damage":17,"enemies":"Book of Stabbing","floor":30,"turns":4},{"damage":54,"enemies":"Automaton","floor":33,"turns":12},{"damage":31,"enemies":"3 Darklings","floor":35,"turns":5},{"damage":0,"enemies":"Mind Bloom Boss Battle","floor":38,"turns":4},{"damage":17,"enemies":"3 Shapes","floor":41,"turns":3},{"damage":9,"enemies":"Jaw Worm Horde","floor":44,"turns":3},{"damage":72,"enemies":"Giant Head","floor":45,"turns":7},{"damage":18,"enemies":"Transient","floor":46,"turns":2}],"seed_played":"6580973520320413666","potions_obtained":[{"floor":8.0,"key":"Explosive Potion"},{"floor":11.0,"key":"SteroidPotion"},{"floor":12.0,"key":"GamblersBrew"},{"floor":16.0,"key":"Fire Potion"},{"floor":18,"key":"Energy Potion"},{"floor":20,"key":"LiquidBronze"},{"floor":25,"key":"AttackPotion"},{"floor":30,"key":"Fire Potion"},{"floor":33,"key":"Explosive Potion"},{"floor":44,"key":"Explosive Potion"}],"is_trial":false,"path_per_floor":["M","?","?","$","?","R","$","M","T","$","M","E","M","T","R","B",null,"M","M","M","$","?","R","M","?","T","M","R","M","E","?","R","B",null,"M","$","?","?","?","R","M","R","T","M","E","M"],"character_chosen":"IRONCLAD","items_purchased":["Second Wind","Shrug It Off","Dramatic Entrance","Shuriken"],"campfire_rested":3,"item_purchase_floors":[7,21,21,36],"current_hp_per_floor":[80,77,77,77,77,77,77,70,70,70,67,28,28,28,52,28,80,74,65,54,54,54,54,28,28,28,30,54,35,24,24,48,12,80,61,61,61,67,67,67,68,68,68,80,18,0],"gold":188,"neow_bonus":"RANDOM_COMMON_RELIC","is_prod":false,"is_daily":false,"chose_seed":false,"campfire_upgraded":3,"win_rate":0,"timestamp":1557935028,"path_taken":["M","?","?","$","?","R","?","M","T","$","M","E","?","?","R","BOSS","M","M","M","$","?","R","M","?","T","?","R","M","E","?","R","BOSS","M","$","?","?","?","R","?","R","T","?","E","M"],"build_version":"2019-01-23","purchased_purges":2,"victory":false,"max_hp_per_floor":[80,80,80,80,80,80,80,80,80,80,80,80,80,80,80,80,80,80,80,80,80,80,80,80,80,80,80,80,80,80,80,80,80,80,82,82,82,82,82,82,84,84,84,84,84,84],"card_choices":[{"not_picked":["Havoc","Pummel"],"picked":"Twin Strike","floor":1.0},{"not_picked":["Searing Blow","Warcry"],"picked":"Metallicize","floor":8.0},{"not_picked":["Cleave","Clash"],"picked":"Body Slam","floor":11.0},{"not_picked":["Body Slam","Warcry"],"picked":"Pommel Strike","floor":12.0},{"not_picked":["Cleave","Fiend Fire"],"picked":"Shrug It Off","floor":13.0},{"not_picked":["Limit Break","Barricade"],"picked":"Reaper","floor":16.0},{"not_picked":["Sever Soul+1","Warcry"],"picked":"Armaments+1","floor":18},{"not_picked":["Metallicize+1","Perfected Strike"],"picked":"Battle Trance","floor":19},{"not_picked":["Warcry","Heavy Blade","True Grit"],"picked":"SKIP","floor":20},{"not_picked":["Havoc","True Grit"],"picked":"Iron Wave+1","floor":24},{"not_picked":["Perfected Strike","Headbutt"],"picked":"Body Slam+1","floor":27},{"not_picked":["Reaper","Flex"],"picked":"Thunderclap+1","floor":29},{"not_picked":["Twin Strike+1","Warcry+1"],"picked":"Sword Boomerang+1","floor":30},{"not_picked":["Demon Form","Impervious"],"picked":"Feed","floor":33},{"not_picked":["Metallicize+1","Burning Pact+1","Headbutt+1"],"picked":"Singing Bowl","floor":35},{"not_picked":["Perfected Strike","Fire Breathing"],"picked":"Inflame","floor":38},{"not_picked":["Body Slam","Clash+1","Havoc"],"picked":"Singing Bowl","floor":41},{"not_picked":["Corruption","Body Slam"],"picked":"Pommel Strike+1","floor":44},{"not_picked":["Berserk","Demon Form"],"picked":"Dual Wield+1","floor":45}],"player_experience":174454,"relics_obtained":[{"floor":9.0,"key":"Ginger"},{"floor":12.0,"key":"Gremlin Horn"},{"floor":14.0,"key":"Bottled Tornado"},{"floor":26,"key":"Ancient Tea Set"},{"floor":30,"key":"Singing Bowl"},{"floor":38,"key":"StoneCalendar"},{"floor":45,"key":"Orichalcum"}],"event_choices":[{"damage_healed":0.0,"max_hp_gain":0.0,"max_hp_loss":0.0,"gold_gain":0.0,"event_name":"Scrap Ooze","player_choice":"Success","floor":2.0,"gold_loss":0.0,"damage_taken":3.0,"relics_obtained":["Letter Opener"]},{"damage_healed":0.0,"max_hp_gain":0.0,"max_hp_loss":0.0,"gold_gain":0.0,"event_name":"Golden Idol","player_choice":"Take Wound","floor":3.0,"gold_loss":0.0,"damage_taken":0.0,"relics_obtained":["Golden Idol"],"cards_obtained":["Injury"]},{"damage_healed":0.0,"max_hp_gain":0.0,"max_hp_loss":0.0,"gold_gain":0.0,"event_name":"The Cleric","player_choice":"Leave","floor":5.0,"gold_loss":0.0,"damage_taken":0.0},{"damage_healed":0,"gold_gain":0,"player_choice":"Read","damage_taken":0,"max_hp_gain":0,"max_hp_loss":0,"event_name":"The Library","floor":22,"gold_loss":0,"cards_obtained":["Juggernaut"]},{"damage_healed":0,"gold_gain":0,"player_choice":"Got Potions","damage_taken":0,"max_hp_gain":0,"max_hp_loss":0,"event_name":"Lab","floor":25,"gold_loss":0},{"damage_healed":0,"gold_gain":0,"player_choice":"Bought 0 Potions","damage_taken":0,"max_hp_gain":0,"max_hp_loss":0,"event_name":"The Woman in Blue","floor":31,"gold_loss":0},{"damage_healed":0,"gold_gain":0,"player_choice":"Paid","damage_taken":0,"relics_obtained":["Red Mask"],"max_hp_gain":0,"max_hp_loss":0,"event_name":"Tomb of Lord Red Mask","floor":37,"gold_loss":41},{"damage_healed":0,"gold_gain":0,"player_choice":"Fight","damage_taken":0,"max_hp_gain":0,"max_hp_loss":0,"event_name":"MindBloom","floor":38,"gold_loss":0},{"damage_healed":0,"gold_gain":0,"player_choice":"Upgraded","damage_taken":0,"max_hp_gain":0,"max_hp_loss":0,"event_name":"Upgrade Shrine","floor":39,"gold_loss":0,"cards_upgraded":["Feed"]}],"is_beta":false,"boss_relics":[{"not_picked":["Eternal Feather","Empty Cage"],"picked":"Cursed Key"},{"not_picked":["Astrolabe","Philosopher\u0027s Stone"],"picked":"Mark of Pain"}],"items_purged_floors":[4,36],"is_endless":false,"potions_floor_spawned":[8,11,12,16,18,20,30,33,38,44],"killed_by":"Transient","ascension_level":3}