{"path_per_floor":["M","?","M","?","M","E","M","E","T","M","R","M"],"character_chosen":"DEFECT","items_purchased":[],"gold_per_floor":[115,115,131,131,149,189,202,240,240,254,254,279,279],"floor_reached":13,"campfire_rested":1,"playtime":757,"item_purchase_floors":[],"current_hp_per_floor":[75,69,67,67,67,46,31,22,22,11,33,18,0],"items_purged":[],"gold":279,"score":112,"play_id":"f772cfff-6a4c-4a2f-bb1e-2358aa3ae956","local_time":"20180606024058","is_prod":false,"is_daily":false,"chose_seed":false,"is_ascension_mode":true,"campfire_upgraded":0,"win_rate":0,"timestamp":1528263658,"campfire_choices":[{"floor":11,"key":"REST"}],"path_taken":["M","?","M","?","M","E","M","E","T","M","R","?","E"],"build_version":"2018-05-31","seed_source_timestamp":107537808788844,"purchased_purges":0,"victory":false,"master_deck":["Strike_B","Strike_B","Strike_B","Strike_B","Defend_B","Defend_B","Defend_B","Defend_B","Zap","Dualcast+1","Hello World","Stack","Sunder","Chaos","Fusion","Redo","Sunder","FTL"],"max_hp_per_floor":[75,69,69,69,69,76,76,76,76,76,76,76,76],"relics":["Cracked Core","Golden Idol","Strawberry","Ancient Tea Set","Vajra"],"card_choices":[{"not_picked":["Steam","Compile Driver"],"picked":"Scrape","floor":1},{"not_picked":["Recycle","Force Field"],"picked":"Hello World","floor":3},{"not_picked":["Cold Snap","Conserve Battery"],"picked":"Sunder","floor":5},{"not_picked":["All For One","Heatsinks"],"picked":"Chaos","floor":6},{"not_picked":["Darkness","Redo"],"picked":"Fusion","floor":7},{"not_picked":["Stack","Barrage"],"picked":"Redo","floor":8},{"not_picked":["Hologram","Go for the Eyes"],"picked":"Sunder","floor":10},{"not_picked":["Streamline","Static Discharge"],"picked":"FTL","floor":12}],"player_experience":285522,"potions_floor_usage":[6,8,13,13],"damage_taken":[{"damage":0,"enemies":"2 Louse","floor":1,"turns":2},{"damage":2,"enemies":"Jaw Worm","floor":3,"turns":3},{"damage":0,"enemies":"Small Slimes","floor":5,"turns":2},{"damage":28,"enemies":"Lagavulin","floor":6,"turns":6},{"damage":15,"enemies":"Gremlin Gang","floor":7,"turns":3},{"damage":9,"enemies":"3 Sentries","floor":8,"turns":8},{"damage":11,"enemies":"Blue Slaver","floor":10,"turns":3},{"damage":15,"enemies":"Exordium Thugs","floor":12,"turns":3},{"damage":19,"enemies":"Lagavulin","floor":13,"turns":3}],"relics_obtained":[{"floor":6,"key":"Strawberry"},{"floor":8,"key":"Ancient Tea Set"},{"floor":9,"key":"Vajra"}],"event_choices":[{"event_name":"Golden Idol","player_choice":"Lose Max HP","floor":2,"damage_taken":0},{"event_name":"Transmorgrifier","player_choice":"Transform","floor":4,"damage_taken":0}],"boss_relics":[],"items_purged_floors":[],"potions_floor_spawned":[3,5,6,12],"seed_played":"-6106488962655324625","killed_by":"Lagavulin","ascension_level":3,"potions_obtained":[{"floor":3,"key":"Fire Potion"},{"floor":5,"key":"FearPotion"},{"floor":6,"key":"FocusPotion"},{"floor":12,"key":"GamblersBrew"}],"is_trial":false}