{"gold_per_floor":[109,129,304,254,131,131,159,173,241,241,280,280,303,317,317,438,438,457,470,215,238,151,151,189,189,189,189,232,232,232,232],"floor_reached":31,"playtime":1057,"items_purged":["Strike_G"],"score":490,"play_id":"eff44bb1-f4f8-4351-becf-591fc9fec461","local_time":"20190327231227","is_ascension_mode":true,"campfire_choices":[{"data":"Noxious Fumes","floor":6,"key":"SMITH"},{"data":"Caltrops","floor":12,"key":"SMITH"},{"floor":15,"key":"REST"},{"floor":23,"key":"REST"},{"floor":25,"key":"REST"},{"floor":30,"key":"REST"}],"neow_cost":"NONE","seed_source_timestamp":601316973428923,"circlet_count":0,"master_deck":["AscendersBane","Defend_G","Defend_G","Defend_G","Defend_G","Defend_G","Strike_G","Strike_G","Strike_G","Strike_G","Survivor","Neutralize","Deadly Poison","Leg Sweep","Noxious Fumes+1","Poisoned Stab","PiercingWail","Cloak And Dagger","Caltrops+1","Poisoned Stab","Poisoned Stab","Corpse Explosion","Catalyst","Bouncing Flask","Footwork","Bouncing Flask","Deadly Poison+1","Normality"],"relics":["Ring of the Snake","NeowsBlessing","Art of War","Pear","Golden Idol","The Courier","Cursed Key","OrangePellets","Juzu Bracelet","Matryoshka","Enchiridion"],"potions_floor_usage":[11,24],"damage_taken":[{"damage":0,"enemies":"2 Louse","floor":1,"turns":1},{"damage":0,"enemies":"Jaw Worm","floor":2,"turns":1},{"damage":0,"enemies":"Gremlin Nob","floor":7,"turns":1},{"damage":4,"enemies":"Small Slimes","floor":8,"turns":4},{"damage":18,"enemies":"Lagavulin","floor":11,"turns":6},{"damage":29,"enemies":"Gremlin Gang","floor":13,"turns":4},{"damage":0,"enemies":"Looter","floor":14,"turns":4},{"damage":24,"enemies":"The Guardian","floor":16,"turns":8},{"damage":3,"enemies":"Spheric Guardian","floor":18,"turns":4},{"damage":3,"enemies":"2 Thieves","floor":19,"turns":3},{"damage":18,"enemies":"Shelled Parasite and Fungi","floor":21,"turns":4},{"damage":39,"enemies":"Slavers","floor":24,"turns":6},{"damage":46,"enemies":"Book of Stabbing","floor":28,"turns":6},{"damage":49,"enemies":"3 Cultists","floor":31,"turns":5}],"seed_played":"2961245272697704730","potions_obtained":[{"floor":1,"key":"Ancient Potion"},{"floor":8,"key":"Fire Potion"},{"floor":13,"key":"PowerPotion"},{"floor":14,"key":"LiquidBronze"}],"is_trial":false,"path_per_floor":["M","M","?","?","$","R","E","M","T","?","E","R","M","M","R","B",null,"M","M","$","M","$","R","E","R","T","?","E","?","R","M"],"character_chosen":"THE_SILENT","items_purchased":["Noxious Fumes","Poisoned Stab","Bouncing Flask","OrangePellets","Footwork","Bouncing Flask"],"campfire_rested":4,"item_purchase_floors":[5,5,20,20,22,22],"current_hp_per_floor":[63,63,63,63,63,63,63,59,69,69,51,51,22,22,44,20,61,58,55,55,37,37,59,20,42,42,74,28,12,34,0],"gold":232,"neow_bonus":"THREE_ENEMY_KILL","is_prod":false,"is_daily":false,"chose_seed":false,"campfire_upgraded":2,"win_rate":0,"timestamp":1553739147,"path_taken":["M","M","?","?","?","R","E","M","T","?","E","R","?","M","R","BOSS","M","M","$","M","$","R","E","R","T","?","E","?","R","M"],"build_version":"2019-01-23","purchased_purges":1,"victory":false,"max_hp_per_floor":[70,70,70,70,70,70,70,70,80,74,74,74,74,74,74,74,74,74,74,74,74,74,74,74,74,74,74,74,74,74,74],"card_choices":[{"not_picked":["Riddle With Holes","Flechettes"],"picked":"Deadly Poison","floor":1},{"not_picked":["Terror","Infinite Blades"],"picked":"Leg Sweep","floor":2},{"not_picked":["Accuracy","Outmaneuver"],"picked":"PiercingWail","floor":7},{"not_picked":["Eviscerate","Prepared"],"picked":"Cloak And Dagger","floor":8},{"not_picked":["Backflip","Dash"],"picked":"Caltrops","floor":11},{"not_picked":["Sucker Punch","Acrobatics"],"picked":"Poisoned Stab","floor":13},{"not_picked":["Underhanded Strike","Bane"],"picked":"Poisoned Stab","floor":14},{"not_picked":["Storm of Steel","Envenom"],"picked":"Corpse Explosion","floor":16},{"not_picked":["Sucker Punch","Backflip"],"picked":"Catalyst","floor":18},{"not_picked":["Blade Dance","Slice","Dagger Spray"],"picked":"SKIP","floor":19},{"not_picked":["Blade Dance","Flying Knee+1","Riddle With Holes"],"picked":"SKIP","floor":21},{"not_picked":["Prepared","Eviscerate"],"picked":"Deadly Poison+1","floor":24},{"not_picked":["Quick Slash+1","Dagger Spray","Prepared"],"picked":"SKIP","floor":28}],"player_experience":1007839,"relics_obtained":[{"floor":7,"key":"Art of War"},{"floor":9,"key":"Pear"},{"floor":11,"key":"The Courier"},{"floor":24,"key":"Juzu Bracelet"},{"floor":28,"key":"Matryoshka"},{"floor":29,"key":"Enchiridion"}],"event_choices":[{"damage_healed":0,"gold_gain":175,"player_choice":"AGREE","damage_taken":0,"max_hp_gain":0,"max_hp_loss":0,"event_name":"Liars Game","floor":3,"gold_loss":0,"cards_obtained":["Doubt"]},{"cards_removed":["Doubt"],"damage_healed":0,"gold_gain":0,"player_choice":"Card Removal","damage_taken":0,"max_hp_gain":0,"max_hp_loss":0,"event_name":"The Cleric","floor":4,"gold_loss":50},{"damage_healed":0,"gold_gain":0,"player_choice":"Lose Max HP","damage_taken":0,"relics_obtained":["Golden Idol"],"max_hp_gain":0,"max_hp_loss":6,"event_name":"Golden Idol","floor":10,"gold_loss":0},{"damage_healed":32,"gold_gain":0,"player_choice":"Full Heal","damage_taken":0,"max_hp_gain":0,"max_hp_loss":0,"event_name":"Wheel of Change","floor":27,"gold_loss":0},{"damage_healed":0,"gold_gain":0,"player_choice":"Obtained Book","damage_taken":16,"max_hp_gain":0,"max_hp_loss":0,"event_name":"Cursed Tome","floor":29,"gold_loss":0}],"is_beta":false,"boss_relics":[{"not_picked":["Sozu","Coffee Dripper"],"picked":"Cursed Key"}],"items_purged_floors":[20],"is_endless":false,"potions_floor_spawned":[1,8,13,14,19],"killed_by":"3 Cultists","ascension_level":12}