{"gold_per_floor":[119,119,130,141,141,141,171,171,196,208,239,251,263,295,307,392,404,431,462,492,504,531,543,590,602,659,671,683,627,627,643,643,643],"floor_reached":33,"playtime":721,"items_purged":[],"score":451,"play_id":"95d6440f-29a2-4e87-b277-a7e522b42549","local_time":"20190414234113","is_ascension_mode":true,"campfire_choices":[{"data":"Self Repair","floor":6,"key":"SMITH"},{"data":"Doom and Gloom","floor":8,"key":"SMITH"},{"data":"Dualcast","floor":10,"key":"SMITH"},{"data":"FTL","floor":12,"key":"SMITH"},{"data":"Go for the Eyes","floor":15,"key":"SMITH"},{"floor":23,"key":"RECALL"},{"floor":25,"key":"REST"},{"floor":32,"key":"REST"}],"neow_cost":"NONE","seed_source_timestamp":294476856019341,"circlet_count":0,"master_deck":["AscendersBane","Strike_B+1","Strike_B+1","Strike_B+1","Strike_B+1","Defend_B+1","Defend_B+1","Defend_B+1","Defend_B+1","Zap+1","Dualcast+1","FTL+1","Doom and Gloom+1","Self Repair+1","Ball Lightning","Ball Lightning","Go for the Eyes+1","Electrodynamics","Cold Snap+1","Coolheaded","Chill","Conserve Battery","Glacier"],"relics":["Cracked Core","NeowsBlessing","Anchor","MawBank","Fusion Hammer","Ginger","Juzu Bracelet","Gremlin Horn"],"potions_floor_usage":[2,14,16,33],"damage_taken":[{"damage":0,"enemies":"Cultist","floor":1,"turns":1},{"damage":0,"enemies":"Jaw Worm","floor":3,"turns":1},{"damage":0,"enemies":"Small Slimes","floor":4,"turns":1},{"damage":37,"enemies":"Gremlin Nob","floor":7,"turns":4},{"damage":3,"enemies":"Blue Slaver","floor":11,"turns":3},{"damage":6,"enemies":"Gremlin Gang","floor":14,"turns":3},{"damage":38,"enemies":"Hexaghost","floor":16,"turns":8},{"damage":13,"enemies":"2 Thieves","floor":18,"turns":3},{"damage":0,"enemies":"Chosen","floor":19,"turns":4},{"damage":20,"enemies":"Shelled Parasite and Fungi","floor":20,"turns":6},{"damage":2,"enemies":"Centurion and Healer","floor":22,"turns":6},{"damage":27,"enemies":"Slavers","floor":24,"turns":3},{"damage":0,"enemies":"Snecko","floor":31,"turns":4},{"damage":105,"enemies":"Champ","floor":33,"turns":11}],"seed_played":"-2086111799840987386","potions_obtained":[{"floor":2,"key":"Fruit Juice"},{"floor":2,"key":"LiquidBronze"},{"floor":2,"key":"Fire Potion"},{"floor":18,"key":"SpeedPotion"},{"floor":22,"key":"GamblersBrew"},{"floor":24,"key":"Fire Potion"}],"is_trial":false,"path_per_floor":["M","?","M","M","?","R","E","R","T","R","M","R","$","M","R","B",null,"M","M","M","?","M","R","E","R","T","?","T","$","?","M","R","B"],"character_chosen":"DEFECT","items_purchased":["Glacier"],"campfire_rested":2,"item_purchase_floors":[29],"current_hp_per_floor":[64,69,69,69,69,69,42,42,42,42,49,49,49,53,53,25,63,60,70,60,60,68,68,51,73,73,73,73,73,59,69,81,0],"gold":643,"neow_bonus":"THREE_ENEMY_KILL","is_prod":false,"is_daily":false,"chose_seed":false,"campfire_upgraded":5,"win_rate":0,"timestamp":1555296073,"path_taken":["M","?","?","M","?","R","E","R","T","R","?","R","$","M","R","BOSS","M","M","M","?","M","R","E","R","T","?","?","$","?","M","R","BOSS"],"build_version":"2019-01-23","purchased_purges":0,"victory":false,"max_hp_per_floor":[71,76,76,76,76,76,76,76,76,76,76,76,76,76,76,76,76,76,76,76,76,76,76,76,76,76,76,76,76,81,81,81,81],"card_choices":[{"not_picked":["Compile Driver","Redo"],"picked":"FTL","floor":1},{"not_picked":["FTL","Conserve Battery"],"picked":"Doom and Gloom","floor":3},{"not_picked":["Turbo","Sweeping Beam"],"picked":"Self Repair","floor":4},{"not_picked":["Go for the Eyes","Rebound"],"picked":"Ball Lightning","floor":7},{"not_picked":["Sweeping Beam","Beam Cell"],"picked":"Ball Lightning","floor":11},{"not_picked":["Barrage","Steam Power"],"picked":"Go for the Eyes","floor":14},{"not_picked":["Creative AI","Reboot"],"picked":"Electrodynamics","floor":16},{"not_picked":["Turbo","Streamline"],"picked":"Cold Snap+1","floor":18},{"not_picked":["Go for the Eyes","Fusion"],"picked":"Coolheaded","floor":19},{"not_picked":["Barrage","Sweeping Beam","BootSequence"],"picked":"SKIP","floor":20},{"not_picked":["Barrage","Redo"],"picked":"Chill","floor":22},{"not_picked":["Hyperbeam","Electrodynamics"],"picked":"Conserve Battery","floor":24},{"not_picked":["Beam Cell","Hologram","Recycle"],"picked":"SKIP","floor":31}],"player_experience":1131111,"relics_obtained":[{"floor":7,"key":"Anchor"},{"floor":9,"key":"MawBank"},{"floor":24,"key":"Ginger"},{"floor":26,"key":"Juzu Bracelet"},{"floor":28,"key":"Gremlin Horn"}],"event_choices":[{"damage_healed":0,"gold_gain":0,"player_choice":"Got Potions","damage_taken":0,"max_hp_gain":0,"max_hp_loss":0,"event_name":"Lab","floor":2,"gold_loss":0},{"damage_healed":0,"gold_gain":0,"player_choice":"Upgraded","damage_taken":0,"max_hp_gain":0,"max_hp_loss":0,"event_name":"Upgrade Shrine","floor":5,"gold_loss":0,"cards_upgraded":["Zap"]},{"damage_healed":0,"gold_gain":0,"player_choice":"Ignored","damage_taken":0,"max_hp_gain":0,"max_hp_loss":0,"event_name":"Ghosts","floor":21,"gold_loss":0},{"damage_healed":0,"gold_gain":0,"player_choice":"Simplicity","damage_taken":0,"max_hp_gain":0,"max_hp_loss":0,"event_name":"Back to Basics","floor":27,"gold_loss":0,"cards_upgraded":["Strike_B","Strike_B","Strike_B","Strike_B","Defend_B","Defend_B","Defend_B","Defend_B"]},{"damage_healed":0,"gold_gain":0,"player_choice":"Shed Blood","damage_taken":19,"max_hp_gain":5,"max_hp_loss":0,"event_name":"Forgotten Altar","floor":30,"gold_loss":0}],"is_beta":false,"boss_relics":[{"not_picked":["Empty Cage","Ectoplasm"],"picked":"Fusion Hammer"}],"items_purged_floors":[],"is_endless":false,"potions_floor_spawned":[3,11,18,22,24],"killed_by":"Champ","ascension_level":14}