{"gold_per_floor":[119,119,294,294,312,337,337,366,366,366],"floor_reached":10,"playtime":291,"items_purged":[],"score":124,"play_id":"398a92cb-f38a-498a-b445-bdccda9c0122","local_time":"20190124140328","is_ascension_mode":true,"campfire_choices":[{"data":"Cloak And Dagger","floor":7,"key":"SMITH"}],"neow_cost":"NONE","seed_source_timestamp":144556618311130,"circlet_count":0,"master_deck":["Defend_G","Defend_G","Defend_G","Defend_G","Defend_G","Strike_G","Strike_G","Strike_G","Strike_G","Survivor","Neutralize","Distraction","Doubt","All Out Attack","Cloak And Dagger+1","Accuracy"],"relics":["Ring of the Snake","NeowsBlessing","Dead Branch","Lantern"],"potions_floor_usage":[8],"damage_taken":[{"damage":0,"enemies":"Small Slimes","floor":1,"turns":1},{"damage":0,"enemies":"Cultist","floor":5,"turns":1},{"damage":0,"enemies":"Gremlin Nob","floor":6,"turns":1},{"damage":41,"enemies":"Lagavulin","floor":8,"turns":12},{"damage":31,"enemies":"Gremlin Nob","floor":10,"turns":3}],"seed_played":"-2091392860742726593","potions_obtained":[{"floor":1,"key":"GhostInAJar"}],"is_trial":false,"path_per_floor":["M","?","?","?","M","E","R","E","T","E"],"character_chosen":"THE_SILENT","items_purchased":[],"campfire_rested":0,"item_purchase_floors":[],"current_hp_per_floor":[70,70,70,70,70,70,70,29,29,0],"gold":366,"neow_bonus":"THREE_ENEMY_KILL","is_prod":false,"is_daily":false,"chose_seed":false,"campfire_upgraded":1,"win_rate":0,"timestamp":1548349408,"path_taken":["M","?","?","?","?","E","R","E","T","E"],"build_version":"2019-01-23","purchased_purges":0,"victory":false,"max_hp_per_floor":[70,70,70,70,70,70,70,70,70,70],"card_choices":[{"not_picked":["Outmaneuver","Sucker Punch"],"picked":"Distraction","floor":1},{"not_picked":["Poisoned Stab","Heel Hook"],"picked":"All Out Attack","floor":5},{"not_picked":["Deflect","Bouncing Flask"],"picked":"Cloak And Dagger","floor":6},{"not_picked":["Setup","Dagger Throw"],"picked":"Accuracy","floor":8}],"player_experience":674066,"relics_obtained":[{"floor":6,"key":"Dead Branch"},{"floor":8,"key":"Lantern"}],"event_choices":[{"damage_healed":0,"gold_gain":0,"player_choice":"Leave","damage_taken":0,"max_hp_gain":0,"max_hp_loss":0,"event_name":"The Cleric","floor":2,"gold_loss":0},{"damage_healed":0,"gold_gain":175,"player_choice":"AGREE","damage_taken":0,"max_hp_gain":0,"max_hp_loss":0,"event_name":"Liars Game","floor":3,"gold_loss":0,"cards_obtained":["Doubt"]},{"cards_removed":["Strike_G"],"damage_healed":0,"gold_gain":0,"player_choice":"Purged","damage_taken":0,"max_hp_gain":0,"max_hp_loss":0,"event_name":"Purifier","floor":4,"gold_loss":0}],"is_beta":false,"boss_relics":[],"items_purged_floors":[],"is_endless":false,"potions_floor_spawned":[1],"killed_by":"Gremlin Nob","ascension_level":5}