{"gold_per_floor":[19,29,41,41,11,11,44,44,44,73,85,97],"floor_reached":12,"playtime":485,"items_purged":[],"score":146,"play_id":"0bc09c0a-8e36-48bc-96f8-269848b96b60","local_time":"20190409225952","is_ascension_mode":true,"campfire_choices":[{"data":"Berserk","floor":6,"key":"SMITH"},{"data":"Inflame","floor":8,"key":"SMITH"}],"neow_cost":"NO_GOLD","seed_source_timestamp":731214201009558,"circlet_count":0,"master_deck":["AscendersBane","Strike_R","Strike_R","Strike_R","Strike_R","Strike_R","Defend_R","Defend_R","Defend_R","Defend_R","Bash","Berserk+1","Clothesline","Sword Boomerang","Shockwave","Inflame+1","Pummel"],"relics":["Burning Blood","GremlinMask","Champion Belt","Gambling Chip","MawBank"],"potions_floor_usage":[],"damage_taken":[{"damage":5,"enemies":"Cultist","floor":1,"turns":4},{"damage":12,"enemies":"2 Louse","floor":2,"turns":2},{"damage":5,"enemies":"Small Slimes","floor":3,"turns":4},{"damage":4,"enemies":"Looter","floor":5,"turns":4},{"damage":25,"enemies":"Lagavulin","floor":7,"turns":6},{"damage":36,"enemies":"3 Sentries","floor":10,"turns":7},{"damage":18,"enemies":"3 Louse","floor":12,"turns":2}],"seed_played":"-3912677809686458252","potions_obtained":[{"floor":1,"key":"FearPotion"},{"floor":3,"key":"FearPotion"}],"is_trial":false,"path_per_floor":["M","M","M","?","M","R","E","R","T","E","$","M"],"character_chosen":"IRONCLAD","items_purchased":[],"campfire_rested":0,"item_purchase_floors":[],"current_hp_per_floor":[69,63,64,64,66,66,47,47,47,17,17,0],"gold":97,"neow_bonus":"THREE_RARE_CARDS","is_prod":false,"is_daily":false,"chose_seed":false,"campfire_upgraded":2,"win_rate":0,"timestamp":1554861592,"path_taken":["M","M","?","?","?","R","E","R","T","E","$","M"],"build_version":"2019-01-23","purchased_purges":0,"victory":false,"max_hp_per_floor":[75,75,75,75,75,75,75,75,75,75,75,75],"card_choices":[{"not_picked":["Brutality","Double Tap"],"picked":"Berserk","floor":0},{"not_picked":["Burning Pact","Pommel Strike"],"picked":"Clothesline","floor":1},{"not_picked":["Clash","Body Slam"],"picked":"Sword Boomerang","floor":2},{"not_picked":["Sword Boomerang","Armaments"],"picked":"Shockwave","floor":3},{"not_picked":["Anger","Rage"],"picked":"Inflame","floor":5},{"not_picked":["Rupture","Bludgeon"],"picked":"Pummel","floor":7},{"not_picked":["Carnage","Thunderclap","Warcry"],"picked":"SKIP","floor":10}],"player_experience":1057197,"relics_obtained":[{"floor":7,"key":"Champion Belt"},{"floor":9,"key":"Gambling Chip"},{"floor":10,"key":"MawBank"}],"event_choices":[{"damage_healed":0,"gold_gain":0,"player_choice":"Trade","damage_taken":0,"relics_obtained":["GremlinMask"],"max_hp_gain":0,"max_hp_loss":0,"event_name":"FaceTrader","floor":4,"gold_loss":0}],"is_beta":false,"boss_relics":[],"items_purged_floors":[],"is_endless":false,"potions_floor_spawned":[1,3],"killed_by":"3 Louse","ascension_level":14}