{"gold_per_floor":[111,61,61,80,0,0,24,44,44,44,44,58,7,7,7,110,110,122,132,148,73,88,119,138,168,195,207,207,239,239,256,256,357,357,376,376,376,391,402,402,419,419,419,430,461,90,90,90,90,90,90,90,55,81,81],"floor_reached":55,"playtime":1421,"items_purged":[],"score":1220,"play_id":"1418e897-01b7-4af9-812e-52b505ff64a9","local_time":"20190321122251","is_ascension_mode":true,"campfire_choices":[{"data":"Storm","floor":6,"key":"SMITH"},{"floor":11,"key":"REST"},{"floor":15,"key":"REST"},{"data":"Creative AI","floor":28,"key":"SMITH"},{"floor":32,"key":"RECALL"},{"floor":40,"key":"REST"},{"floor":42,"key":"REST"},{"floor":47,"key":"REST"},{"floor":49,"key":"REST"},{"floor":52,"key":"REST"}],"neow_cost":"NONE","seed_source_timestamp":43553083420717,"circlet_count":0,"master_deck":["AscendersBane","Strike_B","Strike_B","Defend_B","Defend_B","Defend_B","Defend_B","Zap+1","Dualcast","Storm+1","Heatsinks","Biased Cognition","Hello World","Coolheaded","Glacier","Conserve Battery","Storm","Electrodynamics","Glacier","Self Repair","Self Repair","Turbo+1","Creative AI+1","Self Repair","Storm","Storm","Static Discharge","Thunder Strike","White Noise+1","Creative AI+1","Coolheaded","Skim+1","Mayhem","Defragment"],"relics":["Cracked Core","Mummified Hand","Odd Mushroom","Cables","Black Star","Boot","Gremlin Horn","Orichalcum","Ancient Tea Set","Bottled Tornado","Symbiotic Virus","Regal Pillow","Fusion Hammer","Toxic Egg 2","Omamori","Anchor","OrangePellets","Strawberry","Torii"],"potions_floor_usage":[16,54],"damage_taken":[{"damage":4,"enemies":"2 Louse","floor":1,"turns":2},{"damage":7,"enemies":"Jaw Worm","floor":4,"turns":3},{"damage":21,"enemies":"The Mushroom Lair","floor":7,"turns":3},{"damage":7,"enemies":"Small Slimes","floor":8,"turns":2},{"damage":15,"enemies":"Gremlin Gang","floor":12,"turns":2},{"damage":2,"enemies":"Slime Boss","floor":16,"turns":5},{"damage":0,"enemies":"Spheric Guardian","floor":18,"turns":3},{"damage":9,"enemies":"Shell Parasite","floor":19,"turns":3},{"damage":7,"enemies":"Centurion and Healer","floor":20,"turns":4},{"damage":16,"enemies":"Snake Plant","floor":22,"turns":4},{"damage":18,"enemies":"Slavers","floor":23,"turns":2},{"damage":1,"enemies":"3 Cultists","floor":24,"turns":3},{"damage":0,"enemies":"Gremlin Leader","floor":25,"turns":3},{"damage":17,"enemies":"Centurion and Healer","floor":27,"turns":3},{"damage":12,"enemies":"Book of Stabbing","floor":29,"turns":3},{"damage":5,"enemies":"Shelled Parasite and Fungi","floor":31,"turns":2},{"damage":4,"enemies":"Automaton","floor":33,"turns":5},{"damage":0,"enemies":"3 Shapes","floor":35,"turns":3},{"damage":0,"enemies":"Orb Walker","floor":38,"turns":3},{"damage":0,"enemies":"Maw","floor":39,"turns":3},{"damage":5,"enemies":"Jaw Worm Horde","floor":41,"turns":3},{"damage":5,"enemies":"Sphere and 2 Shapes","floor":44,"turns":2},{"damage":0,"enemies":"Reptomancer","floor":45,"turns":2},{"damage":45,"enemies":"Time Eater","floor":50,"turns":5},{"damage":54,"enemies":"Shield and Spear","floor":54,"turns":4},{"damage":35,"enemies":"The Heart","floor":55,"turns":5}],"seed_played":"-7547475360857330582","potions_obtained":[{"floor":1,"key":"Poison Potion"},{"floor":8,"key":"SkillPotion"},{"floor":12,"key":"SmokeBomb"},{"floor":18,"key":"GamblersBrew"},{"floor":38,"key":"SkillPotion"}],"is_trial":false,"path_per_floor":["M","?","?","M","$","R","?","M","T","$","R","M","$","?","R","B",null,"M","M","M","$","M","E","M","E","T","M","R","E","?","M","R","B",null,"M","?","?","M","M","R","M","R","T","M","E","$","R","?","R","B",null,"R","$","E","B"],"character_chosen":"DEFECT","items_purchased":["Biased Cognition","Conserve Battery","Self Repair","OrangePellets","Mayhem","Defragment"],"campfire_rested":7,"item_purchase_floors":[5,13,21,46,46,53],"current_hp_per_floor":[64,64,57,50,50,50,29,22,22,22,44,29,29,29,51,49,69,69,60,60,60,58,54,60,75,75,72,72,75,75,70,70,75,75,75,75,75,75,75,75,75,75,75,75,75,75,75,75,75,44,67,75,75,35,0],"gold":81,"neow_bonus":"UPGRADE_CARD","is_prod":false,"is_daily":false,"chose_seed":false,"campfire_upgraded":2,"win_rate":0,"timestamp":1553181771,"path_taken":["M","?","?","M","$","R","?","M","T","$","R","M","?","?","R","BOSS","M","?","M","?","M","E","M","E","T","M","R","E","?","?","R","BOSS","M","?","?","M","?","R","M","R","T","M","E","$","R","?","R","BOSS","R","$","E","BOSS"],"build_version":"2019-01-23","purchased_purges":0,"victory":false,"max_hp_per_floor":[75,75,75,75,75,75,75,75,75,75,75,75,75,75,75,75,75,75,75,75,75,75,75,75,75,75,75,75,75,75,75,75,75,75,75,75,75,75,75,75,75,75,75,75,75,75,75,75,75,75,75,75,75,82,82],"card_choices":[{"not_picked":["Go for the Eyes","Turbo"],"picked":"Storm","floor":1},{"not_picked":["Leap","Sweeping Beam"],"picked":"Heatsinks","floor":4},{"not_picked":["Tempest","Streamline"],"picked":"Hello World","floor":7},{"not_picked":["Multi-Cast","Hologram"],"picked":"Coolheaded","floor":8},{"not_picked":["Rip and Tear","Loop"],"picked":"Glacier","floor":12},{"not_picked":["Rainbow","Buffer"],"picked":"Electrodynamics","floor":16},{"not_picked":["Cold Snap","Beam Cell"],"picked":"Glacier","floor":18},{"not_picked":["Capacitor","Redo"],"picked":"Self Repair","floor":19},{"not_picked":["Gash","Genetic Algorithm","Barrage"],"picked":"SKIP","floor":20},{"not_picked":["Hologram","Ball Lightning"],"picked":"Turbo+1","floor":22},{"not_picked":["Sweeping Beam","Loop+1"],"picked":"Creative AI","floor":23},{"not_picked":["Ball Lightning","Sweeping Beam"],"picked":"Self Repair","floor":24},{"not_picked":["Undo","Capacitor"],"picked":"Storm","floor":25},{"not_picked":["Streamline","Barrage","Cold Snap"],"picked":"SKIP","floor":27},{"not_picked":["Core Surge","Self Repair"],"picked":"Storm","floor":29},{"not_picked":["Fusion","Blizzard"],"picked":"Static Discharge","floor":31},{"not_picked":["Meteor Strike","Hyperbeam"],"picked":"Thunder Strike","floor":33},{"not_picked":["Barrage","Aggregate"],"picked":"White Noise+1","floor":35},{"not_picked":["Coolheaded","Genetic Algorithm","Gash+1"],"picked":"SKIP","floor":38},{"not_picked":["Genetic Algorithm","Gash+1"],"picked":"Coolheaded","floor":38},{"not_picked":["Go for the Eyes","Conserve Battery","Barrage"],"picked":"SKIP","floor":39},{"not_picked":["Barrage+1","Cold Snap"],"picked":"Skim+1","floor":41},{"not_picked":["Scrape","Chaos+1","Doom and Gloom"],"picked":"SKIP","floor":44},{"not_picked":["Heatsinks","Turbo+1","Redo+1"],"picked":"SKIP","floor":45},{"not_picked":["Turbo+1","Coolheaded+1","Cold Snap"],"picked":"SKIP","floor":54}],"player_experience":983219,"relics_obtained":[{"floor":7,"key":"Odd Mushroom"},{"floor":9,"key":"Cables"},{"floor":23,"key":"Boot"},{"floor":23,"key":"Gremlin Horn"},{"floor":25,"key":"Orichalcum"},{"floor":25,"key":"Ancient Tea Set"},{"floor":29,"key":"Bottled Tornado"},{"floor":29,"key":"Symbiotic Virus"},{"floor":43,"key":"Toxic Egg 2"},{"floor":45,"key":"Omamori"},{"floor":45,"key":"Anchor"},{"floor":54,"key":"Strawberry"},{"floor":54,"key":"Torii"}],"event_choices":[{"cards_removed":["Strike_B"],"damage_healed":0,"gold_gain":0,"player_choice":"Card Removal","damage_taken":0,"max_hp_gain":0,"max_hp_loss":0,"event_name":"The Cleric","floor":2,"gold_loss":50},{"damage_healed":0,"gold_gain":0,"player_choice":"Success","damage_taken":7,"relics_obtained":["Mummified Hand"],"max_hp_gain":0,"max_hp_loss":0,"event_name":"Scrap Ooze","floor":3,"gold_loss":0},{"damage_healed":0,"gold_gain":0,"player_choice":"Fought Mushrooms","damage_taken":0,"max_hp_gain":0,"max_hp_loss":0,"event_name":"Mushrooms","floor":7,"gold_loss":0},{"damage_healed":0,"gold_gain":0,"cards_transformed":["Strike_B"],"player_choice":"Transformed","damage_taken":0,"max_hp_gain":0,"max_hp_loss":0,"event_name":"Transmorgrifier","floor":14,"gold_loss":0,"cards_obtained":["Storm"]},{"damage_healed":0,"gold_gain":0,"player_choice":"Opened","damage_taken":0,"relics_obtained":["Regal Pillow"],"max_hp_gain":0,"max_hp_loss":0,"event_name":"The Mausoleum","floor":30,"gold_loss":0},{"damage_healed":0,"gold_gain":0,"player_choice":"Memory 1","damage_taken":0,"max_hp_gain":0,"max_hp_loss":0,"event_name":"SensoryStone","floor":36,"gold_loss":0},{"damage_healed":0,"gold_gain":0,"player_choice":"Copied","damage_taken":0,"max_hp_gain":0,"max_hp_loss":0,"event_name":"Duplicator","floor":37,"gold_loss":0,"cards_obtained":["Creative AI"]},{"damage_healed":0,"gold_gain":0,"player_choice":"Leave","damage_taken":0,"max_hp_gain":0,"max_hp_loss":0,"event_name":"FaceTrader","floor":48,"gold_loss":0}],"is_beta":false,"boss_relics":[{"not_picked":["Orrery","Pandora\u0027s Box"],"picked":"Black Star"},{"not_picked":["Lizard Tail","Velvet Choker"],"picked":"Fusion Hammer"}],"items_purged_floors":[],"is_endless":false,"potions_floor_spawned":[1,8,12,18,19,22,25,27,31,38,44],"killed_by":"The Heart","ascension_level":12}