{"gold_per_floor":[110,110,110,122,122,122,135,147,193,193,204,234,234,234,234,337,337,351,368,39,39,14,14,14],"floor_reached":24,"playtime":1211,"items_purged":[],"score":213,"play_id":"92d0747d-ac60-4d3a-8b51-30756b42ec4d","local_time":"20190508153817","is_ascension_mode":true,"campfire_choices":[{"data":"Poisoned Stab","floor":6,"key":"SMITH"},{"data":"Neutralize","floor":10,"key":"SMITH"},{"floor":15,"key":"REST"},{"data":"Sucker Punch","floor":23,"key":"SMITH"}],"neow_cost":"NONE","seed_source_timestamp":228559605537900,"circlet_count":0,"master_deck":["Defend_G","Defend_G","Defend_G","Defend_G","Defend_G","Strike_G","Strike_G","Strike_G","Strike_G","Strike_G","Survivor","Neutralize+1","Poisoned Stab+1","Deadly Poison","Poisoned Stab","Prepared","Dodge and Roll+1","Dagger Spray","Parasite","Corpse Explosion","Infinite Blades","Acrobatics","Sucker Punch+1","Blade Dance+1","Flying Knee+1","Backflip","Backflip"],"relics":["Ring of the Snake","Orichalcum","Orrery","Nunchaku"],"potions_floor_usage":[12],"damage_taken":[{"damage":6,"enemies":"Jaw Worm","floor":1,"turns":5},{"damage":0,"enemies":"2 Louse","floor":4,"turns":4},{"damage":0,"enemies":"Cultist","floor":7,"turns":3},{"damage":2,"enemies":"3 Louse","floor":8,"turns":6},{"damage":20,"enemies":"Lots of Slimes","floor":11,"turns":4},{"damage":34,"enemies":"3 Sentries","floor":12,"turns":19},{"damage":25,"enemies":"The Guardian","floor":16,"turns":12},{"damage":16,"enemies":"Shell Parasite","floor":18,"turns":7},{"damage":14,"enemies":"Chosen","floor":19,"turns":6},{"damage":56,"enemies":"Snecko","floor":24,"turns":8}],"seed_played":"2402008282588293722","potions_obtained":[{"floor":4,"key":"Dexterity Potion"},{"floor":8,"key":"Ancient Potion"},{"floor":12,"key":"Explosive Potion"},{"floor":16,"key":"Block Potion"}],"is_trial":false,"path_per_floor":["M","?","?","M","$","R","M","M","T","R","M","E","?","?","R","B",null,"M","M","$","?","$","R","M"],"character_chosen":"THE_SILENT","items_purchased":["Backflip","Nunchaku","Backflip"],"campfire_rested":1,"item_purchase_floors":[20,20,22],"current_hp_per_floor":[71,71,71,71,71,71,71,69,69,69,49,15,34,34,57,32,77,61,47,47,47,47,47,0],"gold":14,"neow_bonus":"TEN_PERCENT_HP_BONUS","is_prod":false,"is_daily":false,"chose_seed":false,"campfire_upgraded":3,"win_rate":0,"timestamp":1557344297,"path_taken":["M","?","?","?","$","R","?","M","T","R","M","E","?","?","R","BOSS","M","?","$","?","$","R","?"],"build_version":"2019-01-23","purchased_purges":0,"victory":false,"max_hp_per_floor":[77,77,77,77,77,77,77,77,77,77,77,77,77,77,77,77,77,77,77,77,77,77,77,77],"card_choices":[{"not_picked":["Catalyst","Dagger Spray"],"picked":"Poisoned Stab","floor":1},{"not_picked":["Blur","Deflect"],"picked":"Deadly Poison","floor":4},{"not_picked":["Setup","All Out Attack"],"picked":"Poisoned Stab","floor":7},{"not_picked":["Outmaneuver","Blade Dance"],"picked":"Prepared","floor":8},{"not_picked":["Deadly Poison","Deflect"],"picked":"Dodge and Roll","floor":11},{"not_picked":["Blade Dance","Sucker Punch"],"picked":"Dagger Spray","floor":12},{"not_picked":["Phantasmal Killer","Venomology"],"picked":"Corpse Explosion","floor":16},{"not_picked":["Footwork","Reflex"],"picked":"Infinite Blades","floor":17},{"not_picked":["Poisoned Stab","Masterful Stab"],"picked":"Acrobatics","floor":17},{"not_picked":["Finisher","Acrobatics"],"picked":"Prepared","floor":17},{"not_picked":["Masterful Stab","Dodge and Roll"],"picked":"Sucker Punch","floor":17},{"not_picked":["Storm of Steel","Deflect"],"picked":"Blade Dance+1","floor":18},{"not_picked":["Setup","Well Laid Plans"],"picked":"Flying Knee+1","floor":19}],"player_experience":155626,"relics_obtained":[{"floor":12,"key":"Orichalcum"}],"event_choices":[{"damage_healed":0,"gold_gain":0,"player_choice":"Leave","damage_taken":0,"max_hp_gain":0,"max_hp_loss":0,"event_name":"The Cleric","floor":2,"gold_loss":0},{"damage_healed":0,"gold_gain":0,"player_choice":"Ignored","damage_taken":0,"max_hp_gain":0,"max_hp_loss":0,"event_name":"Golden Wing","floor":3,"gold_loss":0},{"damage_healed":19,"gold_gain":0,"player_choice":"Healed and dodged fight","damage_taken":0,"max_hp_gain":0,"max_hp_loss":0,"event_name":"Mushrooms","floor":13,"gold_loss":0,"cards_obtained":["Parasite"]},{"damage_healed":0,"gold_gain":0,"player_choice":"Forge","damage_taken":0,"max_hp_gain":0,"max_hp_loss":0,"event_name":"Accursed Blacksmith","floor":14,"gold_loss":0,"cards_upgraded":["Dodge and Roll"]},{"cards_removed":["Prepared"],"damage_healed":0,"gold_gain":0,"player_choice":"Card Removal","damage_taken":0,"max_hp_gain":0,"max_hp_loss":0,"event_name":"Wheel of Change","floor":21,"gold_loss":0}],"is_beta":false,"boss_relics":[{"not_picked":["White Beast Statue","Empty Cage"],"picked":"Orrery"}],"items_purged_floors":[],"is_endless":false,"potions_floor_spawned":[4,8,12,16,18],"killed_by":"Snecko","ascension_level":2}