{"gold_per_floor":[110,123,123,123,144,144,18,118,118,118,149,173,173,197,197,328,391,414,428,343,343,100,141,141,165,165,165,181,181,181],"floor_reached":30,"playtime":1400,"items_purged":["Strike_R","Regret"],"score":325,"play_id":"e3a16488-b9f0-4cd4-88b5-ed09634309d6","local_time":"20190103193158","is_ascension_mode":true,"campfire_choices":[{"data":"Body Slam","floor":6,"key":"SMITH"},{"data":"Armaments","floor":10,"key":"SMITH"},{"data":"Entrench","floor":13,"key":"SMITH"},{"data":"Barricade","floor":15,"key":"SMITH"},{"data":"True Grit","floor":24,"key":"SMITH"},{"data":"Sentinel","floor":27,"key":"SMITH"},{"data":"Iron Wave","floor":29,"key":"SMITH"}],"neow_cost":"NONE","seed_source_timestamp":295392757391300,"circlet_count":0,"master_deck":["Strike_R","Strike_R","Strike_R","Strike_R","Defend_R","Defend_R+1","Defend_R","Defend_R+1","Bash","Armaments+1","Body Slam+1","Entrench+1","Headbutt","Barricade+1","Shrug It Off+1","Iron Wave+1","Offering+1","Iron Wave","Pommel Strike","True Grit+1","Rage+1","Sentinel+1"],"relics":["Burning Blood","Strawberry","Meat on the Bone","Golden Idol","Smiling Mask","Mango","Tiny House","Boot","War Paint","Prayer Wheel","Pocketwatch"],"potions_floor_usage":[5,16,23,23,23,28],"damage_taken":[{"damage":9,"enemies":"Small Slimes","floor":1,"turns":6},{"damage":3,"enemies":"2 Louse","floor":2,"turns":4},{"damage":6,"enemies":"Cultist","floor":5,"turns":4},{"damage":22,"enemies":"3 Sentries","floor":11,"turns":10},{"damage":21,"enemies":"Red Slaver","floor":12,"turns":9},{"damage":5,"enemies":"2 Fungi Beasts","floor":14,"turns":4},{"damage":24,"enemies":"The Guardian","floor":16,"turns":11},{"damage":36,"enemies":"Shell Parasite","floor":18,"turns":11},{"damage":28,"enemies":"3 Byrds","floor":19,"turns":9},{"damage":43,"enemies":"Book of Stabbing","floor":23,"turns":7},{"damage":28,"enemies":"Snecko","floor":25,"turns":9},{"damage":7,"enemies":"Centurion and Healer","floor":28,"turns":5},{"damage":52,"enemies":"3 Cultists","floor":30,"turns":7}],"seed_played":"-4991864983714877734","potions_obtained":[{"floor":1,"key":"Weak Potion"},{"floor":2,"key":"Block Potion"},{"floor":14,"key":"Poison Potion"},{"floor":17,"key":"EssenceOfSteel"},{"floor":18,"key":"Swift Potion"},{"floor":25,"key":"BloodPotion"}],"is_trial":false,"path_per_floor":["M","M","?","?","M","R","$","?","T","R","E","M","R","M","R","B",null,"M","M","?","?","$","E","R","M","T","R","M","R","M"],"character_chosen":"IRONCLAD","items_purchased":["Headbutt","True Grit","War Paint"],"campfire_rested":0,"item_purchase_floors":[7,22,22],"current_hp_per_floor":[84,87,87,66,66,66,66,66,66,66,64,61,61,62,62,56,106,76,66,66,66,66,41,41,31,31,31,52,52,0],"gold":181,"neow_bonus":"RANDOM_COMMON_RELIC","is_prod":false,"is_daily":false,"chose_seed":false,"campfire_upgraded":7,"win_rate":0,"timestamp":1546540318,"path_taken":["M","M","?","?","M","R","$","?","T","R","E","?","R","M","R","BOSS","M","M","?","?","$","E","R","M","T","R","M","R","M"],"build_version":"2018-12-20","purchased_purges":2,"victory":false,"max_hp_per_floor":[87,87,87,87,87,87,87,87,87,87,101,101,101,101,101,101,106,106,106,106,106,106,106,106,106,106,106,106,106,106],"card_choices":[{"not_picked":["Intimidate","Havoc"],"picked":"Armaments","floor":1},{"not_picked":["Warcry","Flex"],"picked":"Body Slam","floor":2},{"not_picked":["Anger","True Grit"],"picked":"Entrench","floor":5},{"not_picked":["Reckless Charge","Bloodletting"],"picked":"Barricade","floor":11},{"not_picked":["Twin Strike","Seeing Red"],"picked":"Shrug It Off","floor":12},{"not_picked":["Anger","Sword Boomerang"],"picked":"Iron Wave","floor":14},{"not_picked":["Reaper","Brutality"],"picked":"Offering","floor":16},{"not_picked":["Clothesline","Blood for Blood"],"picked":"Iron Wave","floor":17},{"not_picked":["Ghostly Armor","Intimidate","Inflame"],"picked":"SKIP","floor":18},{"not_picked":["Perfected Strike","Heavy Blade"],"picked":"Pommel Strike","floor":19},{"not_picked":["Sever Soul","Wild Strike","Second Wind"],"picked":"SKIP","floor":23},{"not_picked":["Anger","Dropkick"],"picked":"Rage+1","floor":25},{"not_picked":["Infernal Blade+1","Carnage"],"picked":"Sentinel","floor":25},{"not_picked":["Cleave","Clothesline+1","Thunderclap"],"picked":"SKIP","floor":28},{"not_picked":["Iron Wave","Power Through","Clash"],"picked":"SKIP","floor":28}],"player_experience":332470,"relics_obtained":[{"floor":9,"key":"Smiling Mask"},{"floor":11,"key":"Mango"},{"floor":23,"key":"Prayer Wheel"},{"floor":26,"key":"Pocketwatch"}],"event_choices":[{"damage_healed":0,"gold_gain":0,"player_choice":"Box","damage_taken":0,"relics_obtained":["Meat on the Bone"],"max_hp_gain":0,"max_hp_loss":0,"event_name":"Big Fish","floor":3,"gold_loss":0,"cards_obtained":["Regret"]},{"damage_healed":0,"gold_gain":0,"player_choice":"Take Damage","damage_taken":21,"relics_obtained":["Golden Idol"],"max_hp_gain":0,"max_hp_loss":0,"event_name":"Golden Idol","floor":4,"gold_loss":0},{"damage_healed":0,"gold_gain":100,"player_choice":"Pray","damage_taken":0,"max_hp_gain":0,"max_hp_loss":0,"event_name":"Golden Shrine","floor":8,"gold_loss":0},{"damage_healed":0,"gold_gain":0,"player_choice":"Obtained Relic","damage_taken":0,"relics_obtained":["Boot"],"max_hp_gain":0,"max_hp_loss":0,"event_name":"Addict","floor":20,"gold_loss":85},{"damage_healed":0,"gold_gain":0,"player_choice":"Upgraded","damage_taken":0,"max_hp_gain":0,"max_hp_loss":0,"event_name":"Upgrade Shrine","floor":21,"gold_loss":0,"cards_upgraded":["Shrug It Off"]}],"is_beta":false,"boss_relics":[{"not_picked":["Black Blood","White Beast Statue"],"picked":"Tiny House"}],"items_purged_floors":[7,22],"is_endless":false,"potions_floor_spawned":[1,2,14,18,25],"killed_by":"3 Cultists","ascension_level":2}