{"gold_per_floor":[110,127,127,137,154,187,187,216,216,227,262,262,2,102,102,202,202,215,225,241,241,261,288,288,318,318,418,437,437,466,483,483,582,582,599,599,599,615,633,668,668,700,700,700,700,714,741,751,751,751,751,751,277,308,308],"floor_reached":56,"playtime":4618,"items_purged":["Strike_B","Strike_B+1"],"score":1632,"play_id":"e3c14fd4-f0e5-45bf-9b48-23143c74df3b","local_time":"20190501001311","is_ascension_mode":true,"campfire_choices":[{"floor":7,"key":"REST"},{"data":"Darkness","floor":12,"key":"SMITH"},{"data":"Consume","floor":15,"key":"SMITH"},{"floor":24,"key":"REST"},{"data":"Capacitor","floor":32,"key":"SMITH"},{"floor":41,"key":"RECALL"},{"data":"Loop","floor":44,"key":"SMITH"},{"data":"Chill","floor":49,"key":"SMITH"},{"data":"Echo Form","floor":52,"key":"SMITH"}],"neow_cost":"NONE","seed_source_timestamp":4335522262702003,"circlet_count":0,"master_deck":["Strike_B+1","Defend_B","Defend_B","Defend_B","Defend_B","Zap","Dualcast","Leap","Coolheaded+1","Darkness+1","Capacitor+1","Loop+1","Doom and Gloom","Consume+1","Glacier","Echo Form+1","Go for the Eyes","Buffer","Hologram","Cold Snap","Redo","Glacier","Darkness+1","BootSequence","Chill+1","Multi-Cast","Conserve Battery","Stack+1","Barrage+1","Electrodynamics+1","Fusion","Force Field+1","Self Repair+1","Defragment+1","Good Instincts","Defragment+1"],"relics":["Cracked Core","Whetstone","Girya","Pocketwatch","Unceasing Top","Velvet Choker","Enchiridion","Smiling Mask","Shuriken","Mercury Hourglass","Frozen Egg 2","Inserter","Molten Egg 2","Bottled Lightning","Incense Burner","Mummified Hand","Strawberry"],"potions_floor_usage":[0,6,16,25,30,55,55,55],"damage_taken":[{"damage":0,"enemies":"Cultist","floor":1,"turns":2},{"damage":2,"enemies":"Small Slimes","floor":2,"turns":3},{"damage":1,"enemies":"2 Louse","floor":4,"turns":2},{"damage":0,"enemies":"Exordium Wildlife","floor":5,"turns":3},{"damage":29,"enemies":"3 Sentries","floor":6,"turns":11},{"damage":9,"enemies":"Lagavulin","floor":8,"turns":6},{"damage":1,"enemies":"Blue Slaver","floor":10,"turns":3},{"damage":13,"enemies":"3 Sentries","floor":11,"turns":9},{"damage":0,"enemies":"Hexaghost","floor":16,"turns":9},{"damage":0,"enemies":"Chosen","floor":18,"turns":6},{"damage":0,"enemies":"Spheric Guardian","floor":19,"turns":5},{"damage":0,"enemies":"Snecko","floor":20,"turns":6},{"damage":0,"enemies":"Centurion and Healer","floor":22,"turns":8},{"damage":19,"enemies":"Slavers","floor":23,"turns":6},{"damage":8,"enemies":"Gremlin Leader","floor":25,"turns":4},{"damage":16,"enemies":"Snake Plant","floor":28,"turns":2},{"damage":0,"enemies":"Book of Stabbing","floor":30,"turns":6},{"damage":0,"enemies":"Snecko","floor":31,"turns":4},{"damage":0,"enemies":"Collector","floor":33,"turns":11},{"damage":0,"enemies":"3 Shapes","floor":35,"turns":4},{"damage":0,"enemies":"Orb Walker","floor":38,"turns":5},{"damage":0,"enemies":"Spire Growth","floor":39,"turns":6},{"damage":10,"enemies":"Reptomancer","floor":40,"turns":7},{"damage":0,"enemies":"Giant Head","floor":42,"turns":10},{"damage":3,"enemies":"4 Shapes","floor":46,"turns":3},{"damage":8,"enemies":"Nemesis","floor":47,"turns":9},{"damage":1,"enemies":"Maw","floor":48,"turns":8},{"damage":7,"enemies":"Donu and Deca","floor":50,"turns":9},{"damage":0,"enemies":"Shield and Spear","floor":54,"turns":8},{"damage":0,"enemies":"The Heart","floor":55,"turns":9}],"seed_played":"-7897480345711847728","potions_obtained":[{"floor":0,"key":"Fruit Juice"},{"floor":0,"key":"Weak Potion"},{"floor":0,"key":"SteroidPotion"},{"floor":2,"key":"FearPotion"},{"floor":5,"key":"Regen Potion"},{"floor":11,"key":"Weak Potion"},{"floor":19,"key":"Ancient Potion"},{"floor":20,"key":"Swift Potion"},{"floor":28,"key":"Dexterity Potion"},{"floor":31,"key":"FearPotion"},{"floor":39,"key":"LiquidBronze"}],"is_trial":false,"path_per_floor":["M","M","?","M","M","E","R","E","T","M","E","R","$","?","R","B",null,"M","M","M","?","M","E","R","E","T","?","M","?","E","M","R","B",null,"M","?","?","M","M","E","R","E","T","R","?","M","E","M","R","B",null,"R","$","E","B",null],"character_chosen":"DEFECT","items_purchased":["Echo Form","Go for the Eyes","Mummified Hand","Defragment+1","Good Instincts","PowerPotion"],"campfire_rested":2,"item_purchase_floors":[13,13,53,53,53,53],"current_hp_per_floor":[80,78,62,61,61,47,71,62,62,61,48,48,48,48,48,48,80,80,80,80,64,64,45,69,61,61,61,45,45,45,45,45,45,80,80,76,76,76,76,66,66,66,66,66,66,63,55,54,54,67,76,76,76,83,83],"gold":308,"neow_bonus":"THREE_SMALL_POTIONS","is_prod":false,"is_daily":false,"chose_seed":false,"campfire_upgraded":6,"win_rate":0,"timestamp":1556683991,"path_taken":["M","M","?","M","M","E","R","E","T","M","E","R","$","?","R","BOSS","M","M","?","?","M","E","R","E","T","?","?","?","E","M","R","BOSS","M","?","?","M","M","E","R","E","T","R","?","M","E","M","R","BOSS","R","$","E","BOSS"],"build_version":"2019-04-23","purchased_purges":2,"victory":true,"max_hp_per_floor":[80,80,80,80,80,80,80,80,80,80,80,80,80,80,80,80,80,80,80,80,80,80,80,80,80,80,80,80,80,80,80,80,80,80,80,76,76,76,76,76,76,76,76,76,76,76,76,76,76,76,76,76,76,83,83],"card_choices":[{"not_picked":["Compile Driver","Stack"],"picked":"Leap","floor":1},{"not_picked":["Redo","Reprogram"],"picked":"Coolheaded","floor":2},{"not_picked":["Gash","Buffer"],"picked":"Darkness","floor":4},{"not_picked":["BootSequence","Chaos"],"picked":"Capacitor","floor":5},{"not_picked":["Reprogram","Thunder Strike"],"picked":"Loop","floor":6},{"not_picked":["Turbo","Static Discharge"],"picked":"Doom and Gloom","floor":8},{"not_picked":["Stack","Conserve Battery"],"picked":"Consume","floor":10},{"not_picked":["Stack","Conserve Battery"],"picked":"Glacier","floor":11},{"not_picked":["Reboot","Echo Form"],"picked":"Buffer","floor":16},{"not_picked":["Scrape+1","Go for the Eyes"],"picked":"Hologram","floor":18},{"not_picked":["Steam","Turbo+1"],"picked":"Cold Snap","floor":19},{"not_picked":["Compile Driver","Cold Snap"],"picked":"Redo","floor":20},{"not_picked":["Biased Cognition","Ball Lightning+1"],"picked":"Glacier","floor":22},{"not_picked":["Auto Shields","Turbo"],"picked":"Darkness+1","floor":23},{"not_picked":["Cold Snap","Chaos","Sunder"],"picked":"SKIP","floor":25},{"not_picked":["Sweeping Beam","Glacier"],"picked":"BootSequence","floor":28},{"not_picked":["Creative AI","Doom and Gloom","Aggregate"],"picked":"SKIP","floor":30},{"not_picked":["Cold Snap","Double Energy"],"picked":"Chill","floor":31},{"not_picked":["Hyperbeam","Fission"],"picked":"Multi-Cast","floor":33},{"not_picked":["Compile Driver+1","Beam Cell"],"picked":"Conserve Battery","floor":35},{"not_picked":["Hello World+1","Genetic Algorithm"],"picked":"Stack+1","floor":38},{"not_picked":["Chaos","FTL"],"picked":"Barrage+1","floor":39},{"not_picked":["Stack","Gash+1"],"picked":"Electrodynamics+1","floor":40},{"not_picked":["Leap+1","White Noise"],"picked":"Fusion","floor":42},{"not_picked":["Gash+1","Hello World+1","Force Field"],"picked":"SKIP","floor":46},{"not_picked":["Streamline+1","Barrage+1"],"picked":"Force Field+1","floor":47},{"not_picked":["Force Field","Skim+1"],"picked":"Self Repair+1","floor":48},{"not_picked":["Beam Cell+1","Force Field"],"picked":"Defragment+1","floor":54}],"player_experience":5572559,"relics_obtained":[{"floor":6,"key":"Whetstone"},{"floor":8,"key":"Girya"},{"floor":9,"key":"Pocketwatch"},{"floor":11,"key":"Unceasing Top"},{"floor":21,"key":"Enchiridion"},{"floor":23,"key":"Smiling Mask"},{"floor":25,"key":"Shuriken"},{"floor":26,"key":"Mercury Hourglass"},{"floor":30,"key":"Frozen Egg 2"},{"floor":40,"key":"Molten Egg 2"},{"floor":42,"key":"Bottled Lightning"},{"floor":47,"key":"Incense Burner"},{"floor":54,"key":"Strawberry"}],"event_choices":[{"damage_healed":0,"gold_gain":0,"player_choice":"Entered Light","damage_taken":16,"max_hp_gain":0,"max_hp_loss":0,"event_name":"Shining Light","floor":3,"gold_loss":0,"cards_upgraded":["Coolheaded","Strike_B"]},{"damage_healed":0,"gold_gain":100,"player_choice":"Pray","damage_taken":0,"max_hp_gain":0,"max_hp_loss":0,"event_name":"Golden Shrine","floor":14,"gold_loss":0},{"damage_healed":0,"gold_gain":0,"player_choice":"Obtained Book","damage_taken":16,"max_hp_gain":0,"max_hp_loss":0,"event_name":"Cursed Tome","floor":21,"gold_loss":0},{"damage_healed":0,"gold_gain":100,"player_choice":"Pray","damage_taken":0,"max_hp_gain":0,"max_hp_loss":0,"event_name":"Golden Shrine","floor":27,"gold_loss":0},{"damage_healed":0,"gold_gain":0,"player_choice":"Ignored","damage_taken":0,"max_hp_gain":0,"max_hp_loss":0,"event_name":"Vampires","floor":29,"gold_loss":0},{"damage_healed":0,"gold_gain":0,"player_choice":"Max HP","damage_taken":0,"max_hp_gain":0,"max_hp_loss":4,"event_name":"Winding Halls","floor":36,"gold_loss":0},{"damage_healed":0,"gold_gain":0,"player_choice":"Memory 1","damage_taken":0,"max_hp_gain":0,"max_hp_loss":0,"event_name":"SensoryStone","floor":37,"gold_loss":0},{"cards_removed":["Strike_B"],"damage_healed":0,"gold_gain":0,"player_choice":"Removed Attack","damage_taken":0,"max_hp_gain":0,"max_hp_loss":0,"event_name":"Falling","floor":45,"gold_loss":0}],"is_beta":true,"boss_relics":[{"not_picked":["Astrolabe","Orrery"],"picked":"Velvet Choker"},{"not_picked":["Eternal Feather","Tiny House"],"picked":"Inserter"}],"items_purged_floors":[13,53],"is_endless":false,"potions_floor_spawned":[2,5,11,19,20,28,31,33,39,40,42,48,54],"ascension_level":1}