{"gold_per_floor":[219,394,394,1,15,45,45,61,61,91,111,124,156,38,38,136,136,152,251,251,103,115,143,143,171,171,16,49,60,10,10,10,110,110,110,110,110,3,16,49,49,80,80,98,98,126,26,53,53,53,53,53,3,30,30],"floor_reached":56,"playtime":3184,"items_purged":["Pain","Doubt","Strike_B","Writhe","Strike_B"],"score":1624,"play_id":"df8fa455-115a-4f49-857b-e43e712fd494","local_time":"20190219071946","is_ascension_mode":true,"campfire_choices":[{"data":"Loop","floor":7,"key":"SMITH"},{"data":"Consume","floor":15,"key":"SMITH"},{"data":"Capacitor","floor":24,"key":"SMITH"},{"data":"Loop","floor":32,"key":"SMITH"},{"floor":41,"key":"RECALL"},{"data":"Storm","floor":49,"key":"SMITH"},{"data":"Biased Cognition","floor":52,"key":"SMITH"}],"neow_cost":"NONE","seed_source_timestamp":5598702942051569,"circlet_count":0,"master_deck":["Strike_B","Strike_B","Defend_B","Defend_B","Defend_B","Zap","Dualcast","Leap","Rip and Tear","Auto Shields","Loop+1","Glacier","Biased Cognition+1","Consume+1","Darkness","Chill","Ball Lightning","Tempest","Capacitor+1","Hologram","Seek","Go for the Eyes","Redo","Steam","Rebound+1","Conserve Battery+1","Loop+1","Reboot","Storm+1","White Noise","Buffer","Skim+1","Turbo","Undo","Ball Lightning+1"],"relics":["Cracked Core","WarpedTongs","Ice Cream","Mummified Hand","Vajra","Regal Pillow","Busted Crown","Blood Vial","Smiling Mask","Bag of Preparation","Bronze Scales","Inserter","Incense Burner","Centennial Puzzle","Happy Flower","Darkstone Periapt","Ancient Tea Set","Pantograph"],"potions_floor_usage":[6,18,23,28,35,54,55,55],"damage_taken":[{"damage":7,"enemies":"Small Slimes","floor":1,"turns":3},{"damage":0,"enemies":"Jaw Worm","floor":5,"turns":2},{"damage":0,"enemies":"Lagavulin","floor":6,"turns":9},{"damage":0,"enemies":"Cultist","floor":8,"turns":2},{"damage":12,"enemies":"Gremlin Nob","floor":10,"turns":4},{"damage":12,"enemies":"Gremlin Gang","floor":11,"turns":6},{"damage":0,"enemies":"Exordium Thugs","floor":12,"turns":4},{"damage":0,"enemies":"Lagavulin","floor":13,"turns":5},{"damage":20,"enemies":"Hexaghost","floor":16,"turns":8},{"damage":10,"enemies":"3 Byrds","floor":18,"turns":3},{"damage":0,"enemies":"Spheric Guardian","floor":22,"turns":3},{"damage":3,"enemies":"Gremlin Leader","floor":23,"turns":7},{"damage":0,"enemies":"Book of Stabbing","floor":25,"turns":4},{"damage":0,"enemies":"Gremlin Leader","floor":28,"turns":7},{"damage":11,"enemies":"Snake Plant","floor":29,"turns":3},{"damage":41,"enemies":"Collector","floor":33,"turns":5},{"damage":9,"enemies":"3 Darklings","floor":35,"turns":2},{"damage":0,"enemies":"Orb Walker","floor":39,"turns":2},{"damage":15,"enemies":"Reptomancer","floor":40,"turns":7},{"damage":0,"enemies":"Giant Head","floor":42,"turns":6},{"damage":0,"enemies":"3 Darklings","floor":44,"turns":5},{"damage":0,"enemies":"Nemesis","floor":46,"turns":7},{"damage":0,"enemies":"Reptomancer","floor":48,"turns":6},{"damage":35,"enemies":"Donu and Deca","floor":50,"turns":7},{"damage":0,"enemies":"Shield and Spear","floor":54,"turns":5},{"damage":62,"enemies":"The Heart","floor":55,"turns":9}],"seed_played":"-9213616437511306431","potions_obtained":[{"floor":6,"key":"Energy Potion"},{"floor":13,"key":"Weak Potion"},{"floor":22,"key":"SmokeBomb"},{"floor":25,"key":"SteroidPotion"},{"floor":29,"key":"SteroidPotion"},{"floor":39,"key":"Swift Potion"},{"floor":44,"key":"Weak Potion"}],"is_trial":false,"path_per_floor":["M","?","?","$","M","E","R","M","T","E","M","M","E","$","R","B",null,"M","?","?","$","M","E","R","E","T","$","E","M","$","?","R","B",null,"M","?","?","$","M","E","R","E","T","M","?","E","$","E","R","B",null,"R","$","E","B",null],"character_chosen":"DEFECT","items_purchased":["Rip and Tear","Auto Shields","EntropicBrew","Loop","Capacitor","Hologram","Steam","Bag of Preparation","Storm","White Noise","Turbo"],"campfire_rested":0,"item_purchase_floors":[4,4,4,4,14,14,21,27,38,38,47],"current_hp_per_floor":[68,68,68,68,68,68,68,68,68,56,44,44,44,44,44,24,75,65,65,65,65,65,62,62,64,64,64,66,57,57,57,57,18,75,66,66,66,66,68,55,55,57,57,59,75,75,75,75,75,40,75,75,75,75,13],"gold":30,"neow_bonus":"HUNDRED_GOLD","is_prod":false,"is_daily":false,"chose_seed":false,"campfire_upgraded":6,"win_rate":0,"timestamp":1550578786,"path_taken":["M","?","?","$","?","E","R","M","T","E","?","M","E","?","R","BOSS","M","?","?","$","M","E","R","E","T","$","E","?","?","?","R","BOSS","M","?","?","$","M","E","R","E","T","M","?","E","?","E","R","BOSS","R","$","E","BOSS"],"build_version":"2019-02-06","purchased_purges":5,"victory":true,"max_hp_per_floor":[75,75,75,75,75,75,75,75,75,75,75,75,75,75,75,75,75,75,75,75,75,75,75,75,75,75,75,75,75,75,75,75,75,75,75,75,75,75,75,75,75,75,75,75,75,75,75,75,75,75,75,75,75,75,75],"card_choices":[{"not_picked":["Gash","Hologram"],"picked":"Leap","floor":1},{"not_picked":["Gash","Ball Lightning"],"picked":"Glacier","floor":5},{"not_picked":["BootSequence","Self Repair"],"picked":"Biased Cognition","floor":6},{"not_picked":["Barrage","Aggregate"],"picked":"Consume","floor":8},{"not_picked":["Recycle","Redo"],"picked":"Darkness","floor":10},{"not_picked":["Coolheaded","Hologram"],"picked":"Chill","floor":11},{"not_picked":["Skim","Sunder"],"picked":"Ball Lightning","floor":12},{"not_picked":["Gash","Double Energy"],"picked":"Tempest","floor":13},{"not_picked":["Thunder Strike","All For One"],"picked":"Seek","floor":16},{"not_picked":[],"picked":"Go for the Eyes","floor":18},{"not_picked":[],"picked":"Rebound+1","floor":22},{"not_picked":["Static Discharge"],"picked":"SKIP","floor":23},{"not_picked":[],"picked":"Conserve Battery+1","floor":25},{"not_picked":["Rebound"],"picked":"SKIP","floor":28},{"not_picked":["Gash"],"picked":"SKIP","floor":29},{"not_picked":[],"picked":"Reboot","floor":33},{"not_picked":["Sweeping Beam+1"],"picked":"SKIP","floor":39},{"not_picked":["Rebound+1"],"picked":"SKIP","floor":40},{"not_picked":[],"picked":"Buffer","floor":42},{"not_picked":["Reinforced Body"],"picked":"SKIP","floor":44},{"not_picked":[],"picked":"Skim+1","floor":46},{"not_picked":[],"picked":"Undo","floor":48},{"not_picked":[],"picked":"Ball Lightning+1","floor":54}],"player_experience":4594316,"relics_obtained":[{"floor":6,"key":"Ice Cream"},{"floor":9,"key":"Mummified Hand"},{"floor":10,"key":"Vajra"},{"floor":13,"key":"Regal Pillow"},{"floor":23,"key":"Blood Vial"},{"floor":25,"key":"Smiling Mask"},{"floor":28,"key":"Bronze Scales"},{"floor":40,"key":"Incense Burner"},{"floor":42,"key":"Centennial Puzzle"},{"floor":43,"key":"Happy Flower"},{"floor":46,"key":"Darkstone Periapt"},{"floor":48,"key":"Ancient Tea Set"},{"floor":54,"key":"Pantograph"}],"event_choices":[{"damage_healed":0,"gold_gain":175,"player_choice":"AGREE","damage_taken":0,"max_hp_gain":0,"max_hp_loss":0,"event_name":"Liars Game","floor":2,"gold_loss":0,"cards_obtained":["Doubt"]},{"damage_healed":0,"gold_gain":0,"player_choice":"Rummage","damage_taken":0,"relics_obtained":["WarpedTongs"],"max_hp_gain":0,"max_hp_loss":0,"event_name":"Accursed Blacksmith","floor":3,"gold_loss":0,"cards_obtained":["Pain"]},{"damage_healed":0,"gold_gain":99,"player_choice":"Stole From Cult","damage_taken":0,"max_hp_gain":0,"max_hp_loss":0,"event_name":"Nest","floor":19,"gold_loss":0},{"damage_healed":0,"gold_gain":0,"player_choice":"1 cards matched","damage_taken":0,"max_hp_gain":0,"max_hp_loss":0,"event_name":"Match and Keep!","floor":20,"gold_loss":0,"cards_obtained":["Redo"]},{"damage_healed":0,"gold_gain":0,"player_choice":"Read","damage_taken":0,"max_hp_gain":0,"max_hp_loss":0,"event_name":"The Library","floor":31,"gold_loss":0,"cards_obtained":["Loop"]},{"damage_healed":0,"gold_gain":0,"player_choice":"Ignored","damage_taken":0,"max_hp_gain":0,"max_hp_loss":0,"event_name":"Tomb of Lord Red Mask","floor":36,"gold_loss":0},{"cards_removed":["Defend_B"],"damage_healed":0,"gold_gain":0,"player_choice":"Removed Skill","damage_taken":0,"max_hp_gain":0,"max_hp_loss":0,"event_name":"Falling","floor":37,"gold_loss":0},{"damage_healed":19,"gold_gain":0,"player_choice":"Writhe","damage_taken":0,"max_hp_gain":0,"max_hp_loss":0,"event_name":"Winding Halls","floor":45,"gold_loss":0,"cards_obtained":["Writhe"]}],"is_beta":true,"boss_relics":[{"not_picked":["Coffee Dripper","Tiny House"],"picked":"Busted Crown"},{"not_picked":["Eternal Feather","Fusion Hammer"],"picked":"Inserter"}],"items_purged_floors":[4,21,30,47,53],"is_endless":false,"potions_floor_spawned":[6,10,11,13,16,22,25,29,35,39,44,48],"ascension_level":1}