{"gold_per_floor":[115,115,115,115,115,115,150,82,82,82,95,95,133,154,154,279,279,294,312,117,142,142,176,201,201,226,260,260,51,64,64],"floor_reached":31,"playtime":1264,"items_purged":[],"score":351,"play_id":"585d5bb3-1520-4450-8fff-63ab070473b5","local_time":"20190119184053","is_ascension_mode":true,"campfire_choices":[{"floor":6,"key":"REST"},{"data":"Noxious Fumes","floor":10,"key":"SMITH"},{"data":"Noxious Fumes","floor":12,"key":"SMITH"},{"floor":15,"key":"REST"},{"floor":25,"key":"REST"},{"floor":28,"key":"REST"}],"neow_cost":"NONE","seed_source_timestamp":542295048311755,"circlet_count":0,"master_deck":["Defend_G","Defend_G","Defend_G","Defend_G","Defend_G","Strike_G+1","Strike_G","Strike_G","Strike_G","Strike_G","Survivor+1","Neutralize","Noxious Fumes+1","Cloak And Dagger","Die Die Die","Noxious Fumes+1","Cloak And Dagger","Escape Plan","Phantasmal Killer","All Out Attack","Flying Knee+1","Apotheosis","Blade Dance+1","Cloak And Dagger","PiercingWail","Acrobatics","Endless Agony+1"],"relics":["Ring of the Snake","Golden Idol","Mango","Ice Cream","Smiling Mask","Busted Crown","Frozen Egg 2","Happy Flower","Paper Crane","Strange Spoon"],"potions_floor_usage":[7,13,23,24,27],"damage_taken":[{"damage":2,"enemies":"Small Slimes","floor":1,"turns":3},{"damage":27,"enemies":"Gremlin Nob","floor":7,"turns":5},{"damage":0,"enemies":"2 Louse","floor":11,"turns":1},{"damage":15,"enemies":"Lagavulin","floor":13,"turns":6},{"damage":1,"enemies":"Cultist","floor":14,"turns":4},{"damage":12,"enemies":"The Guardian","floor":16,"turns":10},{"damage":19,"enemies":"2 Thieves","floor":18,"turns":5},{"damage":11,"enemies":"Shell Parasite","floor":19,"turns":6},{"damage":10,"enemies":"Centurion and Healer","floor":21,"turns":6},{"damage":46,"enemies":"Slavers","floor":23,"turns":5},{"damage":2,"enemies":"Sentry and Sphere","floor":24,"turns":3},{"damage":40,"enemies":"Gremlin Leader","floor":27,"turns":8},{"damage":10,"enemies":"3 Cultists","floor":30,"turns":4},{"damage":38,"enemies":"Snake Plant","floor":31,"turns":4}],"seed_played":"2518114941474654814","potions_obtained":[{"floor":5,"key":"Energy Potion"},{"floor":5,"key":"Dexterity Potion"},{"floor":5,"key":"Fire Potion"},{"floor":11,"key":"Weak Potion"},{"floor":13,"key":"SkillPotion"},{"floor":18,"key":"Block Potion"},{"floor":23,"key":"Fire Potion"}],"is_trial":false,"path_per_floor":["M","?","?","?","?","R","E","$","T","R","M","R","E","M","R","B",null,"M","M","$","M","?","E","M","R","T","E","R","$","M","M"],"character_chosen":"THE_SILENT","items_purchased":["Noxious Fumes","Apotheosis","Strange Spoon"],"campfire_rested":4,"item_purchase_floors":[8,20,29],"current_hp_per_floor":[68,68,54,37,37,58,45,45,45,45,45,45,30,29,54,42,74,55,44,44,34,84,38,36,61,61,21,46,46,36,0],"gold":64,"neow_bonus":"THREE_CARDS","is_prod":false,"is_daily":false,"chose_seed":false,"campfire_upgraded":2,"win_rate":0,"timestamp":1547934053,"path_taken":["M","?","?","?","?","R","E","$","T","R","M","R","E","M","R","BOSS","M","?","?","M","?","E","M","R","T","E","R","$","?","M"],"build_version":"2019-01-17v2","purchased_purges":0,"victory":false,"max_hp_per_floor":[70,70,70,70,70,70,84,84,84,84,84,84,84,84,84,84,84,84,84,84,84,84,84,84,84,84,84,84,84,84,84],"card_choices":[{"not_picked":["Expertise","Prepared"],"picked":"Noxious Fumes","floor":0},{"not_picked":["Slice","Dodge and Roll"],"picked":"Cloak And Dagger","floor":1},{"not_picked":["Dodge and Roll","Caltrops"],"picked":"Die Die Die","floor":7},{"not_picked":["Bane","Underhanded Strike"],"picked":"Cloak And Dagger","floor":11},{"not_picked":["Reflex","Flying Knee"],"picked":"Escape Plan","floor":13},{"not_picked":["Slice","Well Laid Plans"],"picked":"Skewer","floor":14},{"not_picked":["Grand Finale","Storm of Steel"],"picked":"Phantasmal Killer","floor":16},{"not_picked":[],"picked":"All Out Attack","floor":18},{"not_picked":[],"picked":"Flying Knee+1","floor":19},{"not_picked":[],"picked":"Blade Dance+1","floor":21},{"not_picked":[],"picked":"Cloak And Dagger","floor":23},{"not_picked":[],"picked":"PiercingWail","floor":24},{"not_picked":[],"picked":"Acrobatics","floor":27},{"not_picked":[],"picked":"Endless Agony+1","floor":30}],"player_experience":659883,"relics_obtained":[{"floor":7,"key":"Mango"},{"floor":9,"key":"Ice Cream"},{"floor":13,"key":"Smiling Mask"},{"floor":23,"key":"Frozen Egg 2"},{"floor":26,"key":"Happy Flower"},{"floor":27,"key":"Paper Crane"}],"event_choices":[{"damage_healed":0,"gold_gain":0,"player_choice":"Leave","damage_taken":0,"max_hp_gain":0,"max_hp_loss":0,"event_name":"The Cleric","floor":2,"gold_loss":0},{"damage_healed":0,"gold_gain":0,"player_choice":"Entered Light","damage_taken":14,"max_hp_gain":0,"max_hp_loss":0,"event_name":"Shining Light","floor":3,"gold_loss":0,"cards_upgraded":["Survivor","Strike_G"]},{"damage_healed":0,"gold_gain":0,"player_choice":"Take Damage","damage_taken":17,"relics_obtained":["Golden Idol"],"max_hp_gain":0,"max_hp_loss":0,"event_name":"Golden Idol","floor":4,"gold_loss":0},{"damage_healed":0,"gold_gain":0,"player_choice":"Got Potions","damage_taken":0,"max_hp_gain":0,"max_hp_loss":0,"event_name":"Lab","floor":5,"gold_loss":0},{"cards_removed":["Skewer"],"damage_healed":50,"gold_gain":0,"player_choice":"Offered Uncommon","damage_taken":0,"max_hp_gain":0,"max_hp_loss":0,"event_name":"Bonfire Elementals","floor":22,"gold_loss":0}],"is_beta":false,"boss_relics":[{"not_picked":["Ring of the Serpent","Black Star"],"picked":"Busted Crown"}],"items_purged_floors":[],"is_endless":false,"potions_floor_spawned":[11,13,18,21,23],"killed_by":"Snake Plant","ascension_level":5}