{"gold_per_floor":[114,130,130,149,159,192,69,69,69,69,87,99,111,141,141,239,239,249,52,52,52,4,29,29,29,56,56,56,56,56,89,89,194,194,210,210,210,85,95,113,146,156,156,172,199,54,72,90,90,90],"floor_reached":51,"playtime":2241,"items_purged":["Strike_R","Strike_R","Anger","Writhe"],"score":855,"play_id":"05540af3-83d2-48b4-8f6c-1d197a1becf5","local_time":"20190222084416","is_ascension_mode":false,"campfire_choices":[{"data":"Whirlwind","floor":8,"key":"SMITH"},{"data":"Rampage","floor":10,"key":"SMITH"},{"data":"Bash","floor":15,"key":"SMITH"},{"floor":24,"key":"REST"},{"floor":27,"key":"REST"},{"data":"Disarm","floor":30,"key":"SMITH"},{"data":"Feed","floor":32,"key":"SMITH"},{"floor":49,"key":"REST"}],"neow_cost":"NONE","seed_source_timestamp":401183970599159,"circlet_count":0,"master_deck":["Defend_R","Defend_R","Bash+1","Clothesline","Whirlwind+1","Disarm+1","Rampage+1","Shrug It Off","Flex+1","Battle Trance+1","Spot Weakness+1","Headbutt","Feed+1","Berserk+1","Demon Form+1","Finesse+1","Impervious+1","Spot Weakness+1","Bloodletting+1","Limit Break+1","True Grit+1","Madness+1","Panacea+1","True Grit+1","Pommel Strike","Dual Wield+1","Rage+1","Flash of Steel"],"relics":["Burning Blood","PreservedInsect","Toxic Egg 2","Kunai","Astrolabe","Ancient Tea Set","Happy Flower","Bag of Marbles","Pen Nib","Cursed Key","Smiling Mask","Gremlin Horn"],"potions_floor_usage":[11,12,16,23,39,41,41,44],"damage_taken":[{"damage":1,"enemies":"2 Louse","floor":1,"turns":3},{"damage":7,"enemies":"Small Slimes","floor":2,"turns":4},{"damage":6,"enemies":"Jaw Worm","floor":4,"turns":4},{"damage":6,"enemies":"Large Slime","floor":5,"turns":7},{"damage":34,"enemies":"3 Sentries","floor":6,"turns":8},{"damage":0,"enemies":"3 Louse","floor":11,"turns":3},{"damage":9,"enemies":"Exordium Thugs","floor":12,"turns":6},{"damage":0,"enemies":"2 Fungi Beasts","floor":13,"turns":2},{"damage":12,"enemies":"Gremlin Nob","floor":14,"turns":3},{"damage":6,"enemies":"Slime Boss","floor":16,"turns":6},{"damage":6,"enemies":"Chosen","floor":18,"turns":4},{"damage":45,"enemies":"Colosseum Slavers","floor":21,"turns":5},{"damage":35,"enemies":"Book of Stabbing","floor":23,"turns":5},{"damage":0,"enemies":"Gremlin Leader","floor":31,"turns":6},{"damage":43,"enemies":"Collector","floor":33,"turns":6},{"damage":14,"enemies":"3 Darklings","floor":35,"turns":2},{"damage":2,"enemies":"3 Shapes","floor":39,"turns":4},{"damage":18,"enemies":"Transient","floor":40,"turns":5},{"damage":0,"enemies":"Giant Head","floor":41,"turns":5},{"damage":11,"enemies":"Writhing Mass","floor":42,"turns":6},{"damage":3,"enemies":"Maw","floor":44,"turns":6},{"damage":45,"enemies":"Reptomancer","floor":45,"turns":6},{"damage":11,"enemies":"Transient","floor":47,"turns":5},{"damage":11,"enemies":"Jaw Worm Horde","floor":48,"turns":4},{"damage":72,"enemies":"Awakened One","floor":50,"turns":7}],"seed_played":"7332861268695478202","potions_obtained":[{"floor":1,"key":"SpeedPotion"},{"floor":5,"key":"Regen Potion"},{"floor":6,"key":"EssenceOfSteel"},{"floor":14,"key":"SteroidPotion"},{"floor":23,"key":"SmokeBomb"},{"floor":31,"key":"BloodPotion"},{"floor":40,"key":"Poison Potion"},{"floor":41,"key":"AttackPotion"},{"floor":44,"key":"Poison Potion"}],"is_trial":false,"path_per_floor":["M","M","?","M","M","E","$","R","T","R","M","M","M","E","R","B",null,"M","$","?","?","$","E","R","?","T","R","?","T","R","E","R","B",null,"M","?","?","$","M","M","E","M","T","M","E","$","M","M","R","B",null],"character_chosen":"IRONCLAD","items_purchased":["Shrug It Off","Finesse+1","Swift Potion","Flash of Steel"],"campfire_rested":3,"item_purchase_floors":[7,19,22,46],"current_hp_per_floor":[80,79,79,79,79,51,51,51,51,51,57,69,75,69,69,69,80,80,80,80,41,41,12,36,36,36,60,60,60,60,69,69,36,87,79,69,69,69,86,74,80,79,79,82,47,47,42,41,71,9],"gold":90,"neow_bonus":"REMOVE_CARD","is_prod":false,"is_daily":false,"chose_seed":false,"campfire_upgraded":5,"win_rate":0,"timestamp":1550825056,"path_taken":["M","M","?","M","M","E","$","R","T","R","M","M","M","E","R","BOSS","M","$","?","?","?","E","R","?","T","R","?","?","R","E","R","BOSS","M","?","?","$","M","M","E","M","T","M","E","$","M","M","R","BOSS"],"build_version":"2019-02-06","purchased_purges":4,"victory":true,"max_hp_per_floor":[80,80,80,80,80,80,80,80,80,80,80,80,80,80,80,80,80,80,80,80,80,80,80,80,80,80,80,80,80,80,83,83,87,87,87,87,87,87,91,91,91,95,95,95,99,99,99,103,103,107],"card_choices":[{"not_picked":["Infernal Blade","Sword Boomerang"],"picked":"Clothesline","floor":1},{"not_picked":["Cleave","True Grit"],"picked":"Whirlwind","floor":2},{"not_picked":["Carnage","Feel No Pain"],"picked":"Disarm","floor":4},{"not_picked":["Whirlwind","Clothesline"],"picked":"Pommel Strike","floor":5},{"not_picked":["Clash","Reaper"],"picked":"Rampage","floor":6},{"not_picked":["Hemokinesis","Intimidate+1"],"picked":"Flex+1","floor":11},{"not_picked":["Iron Wave","Pommel Strike"],"picked":"Battle Trance+1","floor":12},{"not_picked":["Cleave","Perfected Strike"],"picked":"Spot Weakness+1","floor":13},{"not_picked":["Dark Embrace","Ghostly Armor+1"],"picked":"Headbutt","floor":14},{"not_picked":["Demon Form","Juggernaut"],"picked":"Feed","floor":16},{"not_picked":["Pommel Strike","Fire Breathing"],"picked":"Anger","floor":18},{"not_picked":["Anger+1","Thunderclap","Headbutt+1"],"picked":"SKIP","floor":23},{"not_picked":["Clash","Twin Strike+1"],"picked":"Bloodletting+1","floor":31},{"not_picked":["Feed","Berserk"],"picked":"Limit Break+1","floor":33},{"not_picked":["Disarm+1","Flex+1"],"picked":"True Grit+1","floor":35},{"not_picked":["Good Instincts+1","Mayhem"],"picked":"Madness+1","floor":36},{"not_picked":["Mind Blast","Dark Shackles+1"],"picked":"Panacea+1","floor":36},{"not_picked":["Reckless Charge","Flex+1","Armaments+1"],"picked":"SKIP","floor":39},{"not_picked":["Entrench+1","Evolve"],"picked":"True Grit+1","floor":40},{"not_picked":["Havoc+1","Clothesline"],"picked":"Pommel Strike","floor":41},{"not_picked":["Shrug It Off+1","Flex+1"],"picked":"Dual Wield+1","floor":42},{"not_picked":["Warcry+1","Wild Strike"],"picked":"Rage+1","floor":44},{"not_picked":["Anger+1","Dropkick+1","Headbutt"],"picked":"SKIP","floor":45},{"not_picked":["Perfected Strike+1","Bludgeon","Twin Strike+1"],"picked":"SKIP","floor":47},{"not_picked":["Power Through+1","Feel No Pain+1","Reckless Charge+1"],"picked":"SKIP","floor":48}],"player_experience":946778,"relics_obtained":[{"floor":6,"key":"PreservedInsect"},{"floor":9,"key":"Toxic Egg 2"},{"floor":14,"key":"Kunai"},{"floor":23,"key":"Ancient Tea Set"},{"floor":26,"key":"Happy Flower"},{"floor":29,"key":"Bag of Marbles"},{"floor":31,"key":"Pen Nib"},{"floor":41,"key":"Smiling Mask"},{"floor":45,"key":"Gremlin Horn"}],"event_choices":[{"damage_healed":0,"gold_gain":0,"player_choice":"Ignored","damage_taken":0,"max_hp_gain":0,"max_hp_loss":0,"event_name":"Liars Game","floor":3,"gold_loss":0},{"damage_healed":0,"gold_gain":0,"cards_transformed":["Searing Blow","Defend_R"],"player_choice":"Became Test Subject","damage_taken":0,"max_hp_gain":0,"max_hp_loss":0,"event_name":"Drug Dealer","floor":20,"gold_loss":0,"cards_obtained":["Impervious","Spot Weakness"]},{"damage_healed":0,"gold_gain":0,"player_choice":"Fight","damage_taken":0,"max_hp_gain":0,"max_hp_loss":0,"event_name":"Colosseum","floor":21,"gold_loss":0},{"damage_healed":0,"gold_gain":0,"player_choice":"Fled From Nobs","damage_taken":0,"max_hp_gain":0,"max_hp_loss":0,"event_name":"Colosseum","floor":21,"gold_loss":0},{"damage_healed":0,"gold_gain":0,"player_choice":"Ignored","damage_taken":0,"max_hp_gain":0,"max_hp_loss":0,"event_name":"Vampires","floor":28,"gold_loss":0},{"damage_healed":0,"gold_gain":0,"player_choice":"Memory 3","damage_taken":10,"max_hp_gain":0,"max_hp_loss":0,"event_name":"SensoryStone","floor":36,"gold_loss":0},{"cards_removed":["Pommel Strike"],"damage_healed":0,"gold_gain":0,"player_choice":"Removed Attack","damage_taken":0,"max_hp_gain":0,"max_hp_loss":0,"event_name":"Falling","floor":37,"gold_loss":0}],"is_beta":true,"boss_relics":[{"not_picked":["Black Star","Orrery"],"picked":"Astrolabe"},{"not_picked":["Empty Cage","Black Blood"],"picked":"Cursed Key"}],"items_purged_floors":[7,19,38,46],"is_endless":false,"potions_floor_spawned":[1,5,6,14,23,31,40,41,44],"ascension_level":0}