{"gold_per_floor":[116,135,21,41,61,87,87,87,87,87,102,121,136,150,150,247,247,257,267,286,20,20,20],"floor_reached":23,"playtime":2198,"items_purged":[],"score":259,"play_id":"f7324c3a-d3e1-42aa-87ab-4093a2f55f67","local_time":"20190103213450","is_ascension_mode":true,"campfire_choices":[{"floor":8,"key":"REST"},{"floor":15,"key":"REST"}],"neow_cost":"NONE","seed_source_timestamp":283880238176345,"circlet_count":0,"master_deck":["Strike_R","Strike_R","Strike_R","Strike_R","Strike_R","Defend_R","Defend_R","Defend_R","Defend_R","Bash","Purity+1","Ghostly Armor","Bloodletting","Blood for Blood","Feel No Pain","Havoc+1","Sentinel","Battle Trance","Carnage","True Grit","Brutality","True Grit","Reaper","Havoc","Combust+1","Havoc"],"relics":["Burning Blood","Lantern","War Paint","Sozu","Bottled Flame","MutagenicStrength"],"potions_floor_usage":[6,6,16,16,16],"damage_taken":[{"damage":1,"enemies":"Cultist","floor":1,"turns":3},{"damage":12,"enemies":"2 Louse","floor":2,"turns":2},{"damage":11,"enemies":"Small Slimes","floor":4,"turns":4},{"damage":33,"enemies":"Gremlin Gang","floor":5,"turns":7},{"damage":26,"enemies":"Lagavulin","floor":6,"turns":5},{"damage":12,"enemies":"Blue Slaver","floor":11,"turns":3},{"damage":0,"enemies":"Looter","floor":12,"turns":1},{"damage":17,"enemies":"Lots of Slimes","floor":13,"turns":5},{"damage":18,"enemies":"2 Fungi Beasts","floor":14,"turns":4},{"damage":8,"enemies":"Hexaghost","floor":16,"turns":9},{"damage":27,"enemies":"3 Byrds","floor":18,"turns":7},{"damage":18,"enemies":"Shell Parasite","floor":19,"turns":6},{"damage":40,"enemies":"Snake Plant","floor":20,"turns":5},{"damage":28,"enemies":"Book of Stabbing","floor":23,"turns":5}],"seed_played":"-5523781568786924767","potions_obtained":[{"floor":1,"key":"SpeedPotion"},{"floor":2,"key":"Poison Potion"},{"floor":4,"key":"Poison Potion"},{"floor":10,"key":"Block Potion"},{"floor":10,"key":"BloodPotion"},{"floor":10,"key":"EssenceOfSteel"},{"floor":11,"key":"EssenceOfSteel"}],"is_trial":false,"path_per_floor":["M","M","$","M","M","E","?","R","T","?","M","M","M","M","R","B",null,"M","M","M","$","?","E"],"character_chosen":"IRONCLAD","items_purchased":["Blood for Blood","Feel No Pain","Bottled Flame","Havoc"],"campfire_rested":2,"item_purchase_floors":[3,3,21,21],"current_hp_per_floor":[80,74,74,69,42,22,22,46,46,46,40,46,35,23,47,53,80,59,51,21,21,21,0],"gold":20,"neow_bonus":"RANDOM_COLORLESS","is_prod":false,"is_daily":false,"chose_seed":false,"campfire_upgraded":0,"win_rate":0,"timestamp":1546572890,"path_taken":["M","M","$","M","?","E","?","R","T","?","M","M","?","M","R","BOSS","M","M","M","$","?","E"],"build_version":"2019-01-03","purchased_purges":0,"victory":false,"max_hp_per_floor":[80,80,80,80,80,80,80,80,80,80,80,80,80,80,80,80,80,80,80,80,80,80,80],"card_choices":[{"not_picked":["Heavy Blade","Perfected Strike"],"picked":"Ghostly Armor","floor":1},{"not_picked":["Pommel Strike","Seeing Red"],"picked":"Bloodletting","floor":2},{"not_picked":["Reckless Charge","Combust"],"picked":"Havoc","floor":4},{"not_picked":["Perfected Strike","Shrug It Off"],"picked":"Sentinel","floor":5},{"not_picked":["Whirlwind","Reckless Charge"],"picked":"Battle Trance","floor":6},{"not_picked":["Twin Strike","Thunderclap"],"picked":"Carnage","floor":11},{"not_picked":["Carnage","Perfected Strike"],"picked":"True Grit","floor":12},{"not_picked":["Shrug It Off","Rage"],"picked":"Brutality","floor":13},{"not_picked":["Pommel Strike","Flex"],"picked":"True Grit","floor":14},{"not_picked":["Impervious","Bludgeon"],"picked":"Reaper","floor":16},{"not_picked":["Shrug It Off","Ghostly Armor+1"],"picked":"Havoc","floor":18},{"not_picked":["Perfected Strike","Evolve"],"picked":"Combust+1","floor":19},{"not_picked":["Clothesline","Perfected Strike+1","Clash"],"picked":"SKIP","floor":20}],"player_experience":193683,"relics_obtained":[{"floor":6,"key":"Lantern"},{"floor":9,"key":"War Paint"}],"event_choices":[{"damage_healed":0,"gold_gain":0,"player_choice":"Ignored","damage_taken":0,"max_hp_gain":0,"max_hp_loss":0,"event_name":"Shining Light","floor":7,"gold_loss":0},{"damage_healed":0,"gold_gain":0,"player_choice":"Got Potions","damage_taken":0,"max_hp_gain":0,"max_hp_loss":0,"event_name":"Lab","floor":10,"gold_loss":0},{"damage_healed":0,"gold_gain":0,"player_choice":"Inject Mutagens","damage_taken":0,"relics_obtained":["MutagenicStrength"],"max_hp_gain":0,"max_hp_loss":0,"event_name":"Drug Dealer","floor":22,"gold_loss":0}],"is_beta":false,"boss_relics":[{"not_picked":["Eternal Feather","Snecko Eye"],"picked":"Sozu"}],"items_purged_floors":[],"is_endless":false,"potions_floor_spawned":[1,2,4,11,12,18,20],"killed_by":"Book of Stabbing","ascension_level":1}