{"gold_per_floor":[118,136,155,170,188,188,217,217,285,285,305,324,51,62,62,159,159,175,60,60,73,93,93,93,93],"floor_reached":25,"playtime":915,"items_purged":[],"score":318,"play_id":"b6450a6b-867b-462c-85b7-734c436b2c86","local_time":"20190201025118","is_ascension_mode":true,"campfire_choices":[{"data":"White Noise","floor":6,"key":"SMITH"},{"floor":8,"key":"REST"},{"floor":15,"key":"REST"},{"floor":23,"key":"REST"}],"neow_cost":"CURSE","seed_source_timestamp":180040931263589,"circlet_count":0,"master_deck":["Strike_B","Strike_B","Strike_B","Strike_B","Defend_B","Defend_B","Defend_B","Defend_B","Zap","Dualcast","Steam","Hologram","White Noise+1","Conserve Battery","Loop","Melter","Seek","Sweeping Beam","Coolheaded","Loop","Seek","Cold Snap+1","Self Repair","Glacier","Sunder","Steam+1"],"relics":["Cracked Core","Gambling Chip","Shovel","Darkstone Periapt","Kunai","Cursed Key"],"potions_floor_usage":[2,7,16,20,22,24,24],"damage_taken":[{"damage":1,"enemies":"Cultist","floor":1,"turns":3},{"damage":4,"enemies":"Small Slimes","floor":2,"turns":4},{"damage":8,"enemies":"2 Louse","floor":3,"turns":3},{"damage":4,"enemies":"Looter","floor":4,"turns":4},{"damage":20,"enemies":"3 Louse","floor":5,"turns":4},{"damage":35,"enemies":"3 Sentries","floor":7,"turns":9},{"damage":32,"enemies":"Gremlin Gang","floor":11,"turns":5},{"damage":0,"enemies":"2 Fungi Beasts","floor":12,"turns":2},{"damage":1,"enemies":"Blue Slaver","floor":14,"turns":4},{"damage":12,"enemies":"Slime Boss","floor":16,"turns":9},{"damage":0,"enemies":"Spheric Guardian","floor":18,"turns":1},{"damage":14,"enemies":"2 Thieves","floor":21,"turns":5},{"damage":28,"enemies":"3 Cultists","floor":22,"turns":7},{"damage":51,"enemies":"Gremlin Leader","floor":24,"turns":7},{"damage":29,"enemies":"Snake Plant","floor":25,"turns":4}],"seed_played":"-1959283888034476338","potions_obtained":[{"floor":2,"key":"Fruit Juice"},{"floor":3,"key":"Regen Potion"},{"floor":4,"key":"Poison Potion"},{"floor":11,"key":"Ancient Potion"},{"floor":16,"key":"SteroidPotion"},{"floor":20,"key":"Fruit Juice"},{"floor":20,"key":"LiquidBronze"},{"floor":20,"key":"SmokeBomb"},{"floor":22,"key":"Swift Potion"}],"is_trial":false,"path_per_floor":["M","M","M","M","M","R","E","R","T","?","M","M","$","M","R","B",null,"M","$","?","M","M","R","E","M"],"character_chosen":"DEFECT","items_purchased":["Kunai","Coolheaded","Self Repair","Glacier"],"campfire_rested":3,"item_purchase_floors":[13,13,19,19],"current_hp_per_floor":[67,68,60,56,36,36,16,40,40,40,8,8,8,7,31,19,65,65,65,70,70,49,74,23,0],"gold":93,"neow_bonus":"ONE_RARE_RELIC","is_prod":false,"is_daily":false,"chose_seed":false,"campfire_upgraded":1,"win_rate":0,"timestamp":1549000278,"path_taken":["M","M","M","?","M","R","E","R","T","?","M","M","$","M","R","BOSS","M","$","?","M","M","R","E","M"],"build_version":"2019-01-23","purchased_purges":0,"victory":false,"max_hp_per_floor":[75,80,80,80,80,80,80,80,80,80,80,80,80,80,80,80,80,80,80,85,85,85,85,85,85],"card_choices":[{"not_picked":["Consume","Compile Driver"],"picked":"Steam","floor":1},{"not_picked":["Steam","Genetic Algorithm"],"picked":"Hologram","floor":2},{"not_picked":["Compile Driver","Loop"],"picked":"White Noise","floor":3},{"not_picked":["Chaos","Coolheaded"],"picked":"Conserve Battery","floor":4},{"not_picked":["Conserve Battery","Skim"],"picked":"Loop","floor":5},{"not_picked":["Redo","Rebound"],"picked":"Melter","floor":7},{"not_picked":["Steam","Go for the Eyes"],"picked":"Seek","floor":11},{"not_picked":["Cold Snap","Turbo"],"picked":"Sweeping Beam","floor":12},{"not_picked":["Beam Cell","Rebound"],"picked":"Loop","floor":14},{"not_picked":["Hyperbeam","Multi-Cast"],"picked":"Seek","floor":16},{"not_picked":["Ball Lightning","Stack+1"],"picked":"Cold Snap+1","floor":18},{"not_picked":["Capacitor","Turbo"],"picked":"Sunder","floor":21},{"not_picked":["Barrage","Reprogram"],"picked":"Steam+1","floor":22}],"player_experience":705026,"relics_obtained":[{"floor":7,"key":"Shovel"},{"floor":9,"key":"Darkstone Periapt"}],"event_choices":[{"cards_removed":["Clumsy"],"damage_healed":0,"gold_gain":0,"player_choice":"Card Removal","damage_taken":0,"max_hp_gain":0,"max_hp_loss":0,"event_name":"Wheel of Change","floor":10,"gold_loss":0},{"damage_healed":0,"gold_gain":0,"player_choice":"Got Potions","damage_taken":0,"max_hp_gain":0,"max_hp_loss":0,"event_name":"Lab","floor":20,"gold_loss":0}],"is_beta":false,"boss_relics":[{"not_picked":["Eternal Feather","Orrery"],"picked":"Cursed Key"}],"items_purged_floors":[],"is_endless":false,"potions_floor_spawned":[2,3,4,11,16,22,24],"killed_by":"Snake Plant","ascension_level":8}