{"gold_per_floor":[110,110,123,196,213,248,258,258,283,283,297,297,297,330,330,401,401,416,128,139,239,253,253,281,281,334,259,278,293,293,324,324,395,445,462,462,562,562,128,161,161,193,193,193,207,233,252,40,40,40,40,40,40,40,69,69],"floor_reached":57,"playtime":8744,"items_purged":["Defend_G","Strike_G","Strike_G"],"score":2972,"play_id":"39c819dd-8573-4caf-8341-20e8dc2f990a","local_time":"20190404221707","is_ascension_mode":true,"campfire_choices":[{"data":"Crippling Poison","floor":8,"key":"SMITH"},{"data":"Dagger Spray","floor":10,"key":"SMITH"},{"data":"Noxious Fumes","floor":12,"key":"SMITH"},{"data":"Cloak And Dagger","floor":15,"key":"SMITH"},{"data":"Malaise","floor":23,"key":"SMITH"},{"data":"Footwork","floor":25,"key":"SMITH"},{"data":"Well Laid Plans","floor":32,"key":"SMITH"},{"data":"After Image","floor":41,"key":"SMITH"},{"data":"Cloak And Dagger","floor":44,"key":"SMITH"},{"floor":49,"key":"RECALL"},{"data":"Leg Sweep","floor":53,"key":"SMITH"}],"neow_cost":"NONE","seed_source_timestamp":36247513479038,"circlet_count":0,"master_deck":["AscendersBane","Defend_G+1","Defend_G+1","Defend_G","Defend_G+1","Survivor","Neutralize+1","Dagger Spray+1","Noxious Fumes+1","Crippling Poison+1","Cloak And Dagger+1","Dash","Malaise+1","Blur+1","Cloak And Dagger+1","Footwork+1","Well Laid Plans+1","Catalyst+1","Ghostly","Ghostly","Ghostly","PiercingWail","After Image+1","Dodge and Roll","PiercingWail","Thinking Ahead","Cloak And Dagger+1","Cloak And Dagger+1","Well Laid Plans","Leg Sweep+1","Infinite Blades+1","PiercingWail+1"],"relics":["Ring of the Snake","Letter Opener","Tingsha","Orichalcum","Shuriken","Coffee Dripper","DollysMirror","Mango","Ornamental Fan","Omamori","War Paint","Oddly Smooth Stone","Tiny House","Prayer Wheel","Incense Burner","Bag of Marbles","Kunai","Art of War","Bronze Scales"],"potions_floor_usage":[6,14,21,21,51,56,56],"damage_taken":[{"damage":0,"enemies":"2 Louse","floor":1,"turns":5},{"damage":0,"enemies":"Jaw Worm","floor":3,"turns":7},{"damage":0,"enemies":"Cultist","floor":5,"turns":5},{"damage":34,"enemies":"Lagavulin","floor":6,"turns":8},{"damage":0,"enemies":"2 Fungi Beasts","floor":7,"turns":4},{"damage":3,"enemies":"Blue Slaver","floor":11,"turns":4},{"damage":0,"enemies":"Gremlin Nob","floor":14,"turns":3},{"damage":21,"enemies":"Hexaghost","floor":16,"turns":10},{"damage":8,"enemies":"Chosen","floor":18,"turns":5},{"damage":3,"enemies":"2 Thieves","floor":20,"turns":3},{"damage":7,"enemies":"Colosseum Slavers","floor":21,"turns":5},{"damage":8,"enemies":"Colosseum Nobs","floor":21,"turns":5},{"damage":5,"enemies":"Shelled Parasite and Fungi","floor":22,"turns":6},{"damage":11,"enemies":"Book of Stabbing","floor":24,"turns":7},{"damage":0,"enemies":"Snake Plant","floor":28,"turns":6},{"damage":0,"enemies":"Sentry and Sphere","floor":29,"turns":6},{"damage":0,"enemies":"Gremlin Leader","floor":31,"turns":7},{"damage":0,"enemies":"Champ","floor":33,"turns":18},{"damage":0,"enemies":"Orb Walker","floor":35,"turns":6},{"damage":0,"enemies":"Mind Bloom Boss Battle","floor":37,"turns":8},{"damage":3,"enemies":"Giant Head","floor":40,"turns":12},{"damage":13,"enemies":"Reptomancer","floor":42,"turns":9},{"damage":0,"enemies":"3 Shapes","floor":45,"turns":7},{"damage":0,"enemies":"Giant Head","floor":46,"turns":11},{"damage":0,"enemies":"Writhing Mass","floor":47,"turns":9},{"damage":11,"enemies":"Time Eater","floor":50,"turns":22},{"damage":3,"enemies":"Donu and Deca","floor":51,"turns":12},{"damage":2,"enemies":"Shield and Spear","floor":55,"turns":8},{"damage":23,"enemies":"The Heart","floor":56,"turns":12}],"seed_played":"1726880998104255648","potions_obtained":[{"floor":1,"key":"Regen Potion"},{"floor":3,"key":"Strength Potion"},{"floor":6,"key":"SkillPotion"},{"floor":16,"key":"FearPotion"},{"floor":22,"key":"GamblersBrew"},{"floor":24,"key":"Block Potion"},{"floor":34,"key":"PowerPotion"},{"floor":55,"key":"Poison Potion"}],"is_trial":false,"path_per_floor":["M","?","M","T","M","E","M","R","T","R","M","R","?","E","R","B",null,"M","$","M","?","M","R","E","R","T","?","M","M","?","E","R","B",null,"M","?","?","?","$","E","R","E","T","R","M","E","M","$","R","B","B",null,"R","$","E","B",null],"character_chosen":"THE_SILENT","items_purchased":["DollysMirror","Incense Burner","GhostInAJar"],"campfire_rested":0,"item_purchase_floors":[19,39,48],"current_hp_per_floor":[59,52,52,52,52,33,33,33,33,33,30,30,30,30,30,9,52,44,44,41,40,35,35,24,24,24,24,24,24,24,24,24,24,41,41,41,41,41,41,38,38,25,25,25,25,25,25,25,25,14,11,37,37,37,35,12],"gold":69,"neow_bonus":"UPGRADE_CARD","is_prod":false,"is_daily":false,"chose_seed":false,"campfire_upgraded":10,"win_rate":0,"timestamp":1554430627,"path_taken":["M","?","M","?","M","E","M","R","T","R","?","R","?","E","R","BOSS","M","$","M","?","M","R","E","R","T","?","M","M","?","E","R","BOSS","M","?","?","?","$","E","R","E","T","R","M","E","M","$","R","BOSS","BOSS","R","$","E","BOSS"],"build_version":"2019-01-23","purchased_purges":3,"victory":true,"max_hp_per_floor":[66,66,66,66,66,66,66,66,66,66,66,66,66,66,66,66,66,66,66,66,80,80,80,80,80,80,80,80,80,40,40,40,40,45,45,45,45,45,45,45,45,45,45,45,45,45,45,45,45,45,45,45,45,45,45,45],"card_choices":[{"not_picked":["Tactician","Sucker Punch","Deflect"],"picked":"SKIP","floor":1},{"not_picked":["Flying Knee","Leg Sweep"],"picked":"Dagger Spray","floor":3},{"not_picked":["Masterful Stab","Blur"],"picked":"Noxious Fumes","floor":5},{"not_picked":["Slice","Phantasmal Killer"],"picked":"Crippling Poison","floor":6},{"not_picked":["Flying Knee","Terror"],"picked":"Cloak And Dagger","floor":7},{"not_picked":["Flying Knee","All Out Attack"],"picked":"Dash","floor":11},{"not_picked":["Terror","Dash","Slice"],"picked":"SKIP","floor":14},{"not_picked":["Doppelganger","After Image"],"picked":"Malaise","floor":16},{"not_picked":["Concentrate","Prepared"],"picked":"Blur+1","floor":18},{"not_picked":["Masterful Stab","Tactician","Predator"],"picked":"SKIP","floor":20},{"not_picked":["Dagger Throw","Bane","Terror"],"picked":"SKIP","floor":22},{"not_picked":["Dodge and Roll","Malaise"],"picked":"Footwork","floor":24},{"not_picked":["Escape Plan","Setup"],"picked":"Well Laid Plans","floor":28},{"not_picked":["Backflip","Skewer"],"picked":"Catalyst+1","floor":29},{"not_picked":["Blade Dance+1","Quick Slash"],"picked":"PiercingWail","floor":31},{"not_picked":["Venomology","Glass Knife"],"picked":"After Image","floor":33},{"not_picked":["Flying Knee","Deadly Poison"],"picked":"Dodge and Roll","floor":34},{"not_picked":["Escape Plan","Choke"],"picked":"PiercingWail","floor":35},{"not_picked":["Sadistic Nature","Swift Strike"],"picked":"Thinking Ahead","floor":38},{"not_picked":["Slice+1","Accuracy+1"],"picked":"Cloak And Dagger","floor":40},{"not_picked":["Bane","Reflex","Expertise"],"picked":"SKIP","floor":42},{"not_picked":["Underhanded Strike","Flying Knee"],"picked":"Cloak And Dagger+1","floor":45},{"not_picked":["Underhanded Strike","Phantasmal Killer"],"picked":"Well Laid Plans","floor":45},{"not_picked":["Phantasmal Killer","Finisher+1"],"picked":"Leg Sweep","floor":46},{"not_picked":["Setup","Expertise"],"picked":"Infinite Blades+1","floor":47},{"not_picked":["Poisoned Stab","Concentrate","Flying Knee"],"picked":"SKIP","floor":47},{"not_picked":["Infinite Blades","Accuracy+1"],"picked":"PiercingWail+1","floor":55}],"player_experience":1228454,"relics_obtained":[{"floor":4,"key":"Letter Opener"},{"floor":6,"key":"Tingsha"},{"floor":9,"key":"Orichalcum"},{"floor":14,"key":"Shuriken"},{"floor":21,"key":"Mango"},{"floor":21,"key":"Ornamental Fan"},{"floor":24,"key":"Omamori"},{"floor":26,"key":"War Paint"},{"floor":31,"key":"Oddly Smooth Stone"},{"floor":37,"key":"Prayer Wheel"},{"floor":40,"key":"Bag of Marbles"},{"floor":42,"key":"Kunai"},{"floor":46,"key":"Art of War"},{"floor":55,"key":"Bronze Scales"}],"event_choices":[{"cards_removed":["Strike_G"],"damage_healed":0,"gold_gain":0,"player_choice":"Card Removal","damage_taken":7,"max_hp_gain":0,"max_hp_loss":0,"event_name":"Golden Wing","floor":2,"gold_loss":0},{"cards_removed":["Strike_G"],"damage_healed":0,"gold_gain":0,"player_choice":"Forget","damage_taken":0,"max_hp_gain":0,"max_hp_loss":0,"event_name":"Living Wall","floor":13,"gold_loss":0},{"damage_healed":0,"gold_gain":0,"player_choice":"Fight","damage_taken":0,"max_hp_gain":0,"max_hp_loss":0,"event_name":"Colosseum","floor":21,"gold_loss":0},{"damage_healed":0,"gold_gain":0,"player_choice":"Fought Nobs","damage_taken":0,"max_hp_gain":0,"max_hp_loss":0,"event_name":"Colosseum","floor":21,"gold_loss":0},{"cards_removed":["Strike_G"],"damage_healed":0,"gold_gain":0,"player_choice":"Gave Gold","damage_taken":0,"max_hp_gain":0,"max_hp_loss":0,"event_name":"Beggar","floor":27,"gold_loss":75},{"damage_healed":0,"gold_gain":0,"player_choice":"Became a Ghost","damage_taken":0,"max_hp_gain":0,"max_hp_loss":40,"event_name":"Ghosts","floor":30,"gold_loss":0,"cards_obtained":["Ghostly","Ghostly","Ghostly"]},{"damage_healed":0,"gold_gain":0,"player_choice":"Ignored","damage_taken":0,"max_hp_gain":0,"max_hp_loss":0,"event_name":"Tomb of Lord Red Mask","floor":36,"gold_loss":0},{"damage_healed":0,"gold_gain":0,"player_choice":"Fight","damage_taken":0,"max_hp_gain":0,"max_hp_loss":0,"event_name":"MindBloom","floor":37,"gold_loss":0},{"damage_healed":0,"gold_gain":0,"player_choice":"Memory 1","damage_taken":0,"max_hp_gain":0,"max_hp_loss":0,"event_name":"SensoryStone","floor":38,"gold_loss":0}],"is_beta":false,"boss_relics":[{"not_picked":["Empty Cage","Busted Crown"],"picked":"Coffee Dripper"},{"not_picked":["Fusion Hammer","Sozu"],"picked":"Tiny House"}],"items_purged_floors":[19,39,48],"is_endless":false,"potions_floor_spawned":[1,3,6,16,18,22,24,28,29,33,35,45,55],"ascension_level":20}