{"gold_per_floor":[111,111,286,306,381,408,408,408,486,511,511,243,254,0,0,104,104,121,131,150,75,88,114,114,146,146,161,50,66,66,95,95,191,191,211,227,227,279,292,327,58,89,89,89,89,105,105,132,132,132,132,132,4,38,38],"floor_reached":56,"playtime":3255,"items_purged":["Strike_R"],"score":1455,"play_id":"01e164c6-ad1e-4645-9eec-01a7fc96502f","local_time":"20190412024829","is_ascension_mode":true,"campfire_choices":[{"data":"Armaments","floor":8,"key":"SMITH"},{"data":"Rupture","floor":11,"key":"SMITH"},{"data":"Uppercut","floor":15,"key":"SMITH"},{"floor":24,"key":"REST"},{"data":"Demon Form","floor":30,"key":"SMITH"},{"floor":32,"key":"REST"},{"floor":45,"key":"RECALL"},{"data":"Apotheosis","floor":47,"key":"SMITH"},{"floor":49,"key":"REST"},{"data":"Brutality","floor":52,"key":"SMITH"}],"neow_cost":"NONE","seed_source_timestamp":2704572712590264,"circlet_count":0,"master_deck":["Strike_R","Strike_R","Defend_R","Defend_R","Defend_R","Defend_R","Bash","Pummel","Pummel","Armaments+1","Rupture+1","Disarm","Uppercut+1","Ghostly Armor","Demon Form+1","Pummel","Combust","Rage","Intimidate","Inflame+1","Rage","Thunderclap+1","Bloodletting","Whirlwind","Shockwave","Brutality+1","Metallicize+1","Apotheosis+1","Dropkick+1","Heavy Blade+1","Battle Trance","Parasite","Shame","Hemokinesis+1","Uppercut+1","Battle Trance+1"],"relics":["Burning Blood","Boot","Letter Opener","Mercury Hourglass","Ancient Tea Set","Oddly Smooth Stone","Shuriken","White Beast Statue","Centennial Puzzle","Dodecahedron","Bag of Preparation","Bronze Scales","Cursed Key","Girya","Vajra","Lee\u0027s Waffle","Bottled Flame","Bag of Marbles","Potion Belt","Strawberry"],"potions_floor_usage":[16,20,20,22,23,25,31,33,38,40,46,50,55,55,55,55,55],"damage_taken":[{"damage":0,"enemies":"Small Slimes","floor":1,"turns":4},{"damage":6,"enemies":"Jaw Worm","floor":4,"turns":2},{"damage":31,"enemies":"Gremlin Nob","floor":6,"turns":5},{"damage":4,"enemies":"3 Sentries","floor":10,"turns":6},{"damage":0,"enemies":"2 Louse","floor":13,"turns":2},{"damage":0,"enemies":"The Guardian","floor":16,"turns":12},{"damage":0,"enemies":"3 Byrds","floor":18,"turns":3},{"damage":5,"enemies":"Shell Parasite","floor":19,"turns":6},{"damage":3,"enemies":"3 Cultists","floor":20,"turns":4},{"damage":4,"enemies":"Snake Plant","floor":22,"turns":4},{"damage":27,"enemies":"Slavers","floor":23,"turns":4},{"damage":19,"enemies":"Gremlin Leader","floor":25,"turns":6},{"damage":0,"enemies":"Centurion and Healer","floor":27,"turns":7},{"damage":14,"enemies":"Cultist and Chosen","floor":29,"turns":7},{"damage":15,"enemies":"Book of Stabbing","floor":31,"turns":6},{"damage":14,"enemies":"Automaton","floor":33,"turns":6},{"damage":5,"enemies":"3 Darklings","floor":35,"turns":4},{"damage":4,"enemies":"3 Shapes","floor":36,"turns":2},{"damage":21,"enemies":"2 Orb Walkers","floor":38,"turns":3},{"damage":27,"enemies":"Sphere and 2 Shapes","floor":39,"turns":4},{"damage":15,"enemies":"Reptomancer","floor":40,"turns":5},{"damage":30,"enemies":"Giant Head","floor":42,"turns":5},{"damage":6,"enemies":"4 Shapes","floor":46,"turns":5},{"damage":41,"enemies":"Nemesis","floor":48,"turns":5},{"damage":30,"enemies":"Time Eater","floor":50,"turns":8},{"damage":5,"enemies":"Shield and Spear","floor":54,"turns":4},{"damage":76,"enemies":"The Heart","floor":55,"turns":7}],"seed_played":"7248513464747319884","potions_obtained":[{"floor":1,"key":"Dexterity Potion"},{"floor":6,"key":"PowerPotion"},{"floor":18,"key":"Explosive Potion"},{"floor":19,"key":"Weak Potion"},{"floor":20,"key":"Energy Potion"},{"floor":22,"key":"Swift Potion"},{"floor":23,"key":"AttackPotion"},{"floor":25,"key":"AttackPotion"},{"floor":27,"key":"SneckoOil"},{"floor":29,"key":"Strength Potion"},{"floor":31,"key":"Strength Potion"},{"floor":33,"key":"Ancient Potion"},{"floor":36,"key":"Swift Potion"},{"floor":38,"key":"Regen Potion"},{"floor":40,"key":"SteroidPotion"},{"floor":46,"key":"Energy Potion"},{"floor":48,"key":"SkillPotion"}],"is_trial":false,"path_per_floor":["M","?","?","M","?","E","?","R","T","E","R","$","M","$","R","B",null,"M","M","M","?","M","E","R","E","T","M","$","M","R","E","R","B",null,"M","M","?","?","M","E","$","E","T","T","R","M","R","E","R","B",null,"R","$","E","B",null],"character_chosen":"IRONCLAD","items_purchased":["Disarm","Uppercut","Oddly Smooth Stone","Shuriken","Bloodletting","Lee\u0027s Waffle","Battle Trance","Regen Potion","SkillPotion"],"campfire_rested":3,"item_purchase_floors":[12,12,12,14,28,41,41,53,53],"current_hp_per_floor":[80,73,73,73,62,37,37,37,37,39,39,39,45,45,45,51,80,80,80,80,80,80,59,80,67,67,73,73,65,65,56,80,72,80,80,80,80,65,44,49,87,63,63,63,63,63,63,28,54,30,87,87,87,94,36],"gold":38,"neow_bonus":"RANDOM_COMMON_RELIC","is_prod":false,"is_daily":false,"chose_seed":false,"campfire_upgraded":6,"win_rate":0,"timestamp":1555051709,"path_taken":["M","?","?","M","?","E","?","R","T","E","R","$","M","$","R","BOSS","M","M","M","?","M","E","R","E","T","M","$","M","R","E","R","BOSS","M","M","?","?","M","E","$","E","T","?","R","M","R","E","R","BOSS","R","$","E","BOSS"],"build_version":"2019-04-04","purchased_purges":1,"victory":true,"max_hp_per_floor":[80,80,80,80,80,80,80,80,80,80,80,80,80,80,80,80,80,80,80,80,80,80,80,80,80,80,80,80,80,80,80,80,80,80,80,80,80,80,80,80,87,87,87,87,87,87,87,87,87,87,87,87,87,94,94],"card_choices":[{"not_picked":["Sentinel","Rupture"],"picked":"Pummel","floor":1},{"not_picked":["Iron Wave","True Grit"],"picked":"Pummel","floor":4},{"not_picked":["Headbutt","Evolve"],"picked":"Armaments","floor":6},{"not_picked":["Cleave","Wild Strike"],"picked":"Rupture","floor":10},{"not_picked":["Havoc","True Grit"],"picked":"Ghostly Armor","floor":13},{"not_picked":["Dark Embrace","Bludgeon"],"picked":"Demon Form","floor":16},{"not_picked":["True Grit+1","Shrug It Off"],"picked":"Pummel","floor":18},{"not_picked":["Warcry","Twin Strike"],"picked":"Combust","floor":19},{"not_picked":["Pommel Strike","Clash"],"picked":"Rage","floor":20},{"not_picked":["Sword Boomerang","Headbutt"],"picked":"Intimidate","floor":22},{"not_picked":["Sentinel","Perfected Strike+1"],"picked":"Inflame+1","floor":23},{"not_picked":["Sentinel","Warcry+1"],"picked":"Rage","floor":25},{"not_picked":["Pommel Strike","Cleave"],"picked":"Thunderclap+1","floor":27},{"not_picked":["True Grit+1","Twin Strike"],"picked":"Whirlwind","floor":29},{"not_picked":["Sever Soul+1","True Grit"],"picked":"Shockwave","floor":31},{"not_picked":["Demon Form","Impervious"],"picked":"Brutality","floor":33},{"not_picked":["Bloodletting+1","Clothesline"],"picked":"Metallicize+1","floor":35},{"not_picked":["Clash+1","Clothesline","Iron Wave"],"picked":"SKIP","floor":36},{"not_picked":["Good Instincts","Chrysalis"],"picked":"Apotheosis","floor":37},{"not_picked":["Flame Barrier","Thunderclap"],"picked":"Dropkick+1","floor":38},{"not_picked":["Metallicize+1","Headbutt"],"picked":"Heavy Blade+1","floor":39},{"not_picked":["Shockwave+1","Thunderclap","Perfected Strike+1"],"picked":"SKIP","floor":40},{"not_picked":["Searing Blow","Thunderclap","Intimidate+1"],"picked":"SKIP","floor":42},{"not_picked":["Pommel Strike","Havoc"],"picked":"Hemokinesis+1","floor":46},{"not_picked":["Clash+1","Fire Breathing+1"],"picked":"Uppercut+1","floor":48},{"not_picked":["Clothesline","Iron Wave"],"picked":"Battle Trance+1","floor":54}],"player_experience":5280861,"relics_obtained":[{"floor":6,"key":"Letter Opener"},{"floor":9,"key":"Mercury Hourglass"},{"floor":10,"key":"Ancient Tea Set"},{"floor":23,"key":"Centennial Puzzle"},{"floor":25,"key":"Dodecahedron"},{"floor":26,"key":"Bag of Preparation"},{"floor":31,"key":"Bronze Scales"},{"floor":38,"key":"Girya"},{"floor":40,"key":"Vajra"},{"floor":42,"key":"Bottled Flame"},{"floor":44,"key":"Bag of Marbles"},{"floor":48,"key":"Potion Belt"},{"floor":54,"key":"Strawberry"}],"event_choices":[{"cards_removed":["Strike_R"],"damage_healed":0,"gold_gain":0,"player_choice":"Card Removal","damage_taken":7,"max_hp_gain":0,"max_hp_loss":0,"event_name":"Golden Wing","floor":2,"gold_loss":0},{"damage_healed":0,"gold_gain":175,"player_choice":"AGREE","damage_taken":0,"max_hp_gain":0,"max_hp_loss":0,"event_name":"Liars Game","floor":3,"gold_loss":0,"cards_obtained":["Doubt"]},{"damage_healed":0,"gold_gain":75,"player_choice":"Gather Gold","damage_taken":11,"max_hp_gain":0,"max_hp_loss":0,"event_name":"World of Goop","floor":5,"gold_loss":0},{"cards_removed":["Doubt"],"damage_healed":0,"gold_gain":0,"player_choice":"Forget","damage_taken":0,"max_hp_gain":0,"max_hp_loss":0,"event_name":"Living Wall","floor":7,"gold_loss":0},{"cards_removed":["Strike_R"],"damage_healed":0,"gold_gain":0,"player_choice":"Gave Gold","damage_taken":0,"max_hp_gain":0,"max_hp_loss":0,"event_name":"Beggar","floor":21,"gold_loss":75},{"damage_healed":0,"gold_gain":0,"player_choice":"Memory 1","damage_taken":0,"max_hp_gain":0,"max_hp_loss":0,"event_name":"SensoryStone","floor":37,"gold_loss":0},{"damage_healed":0,"gold_gain":0,"player_choice":"Fight","damage_taken":0,"max_hp_gain":0,"max_hp_loss":0,"event_name":"Mysterious Sphere","floor":38,"gold_loss":0}],"is_beta":true,"boss_relics":[{"not_picked":["Astrolabe","Runic Cube"],"picked":"White Beast Statue"},{"not_picked":["Sozu","Eternal Feather"],"picked":"Cursed Key"}],"items_purged_floors":[28],"is_endless":false,"potions_floor_spawned":[1,6,18,19,20,22,23,25,27,29,31,33,35,36,38,39,40,42,46,48,54],"ascension_level":1}