{"gold_per_floor":[111,76,25,44,44,71,71,91,91,18,18,52,27,356,356,456,456,474,484,498,423,423,423,451,155,155,155,172,183,183,25,25,127,127,138,0,0,13,32,32],"floor_reached":40,"playtime":1233,"items_purged":[],"score":721,"play_id":"8ac0d7e7-6cd8-41ec-a6b9-81229df6e707","local_time":"20190130181811","is_ascension_mode":true,"campfire_choices":[{"data":"Electrodynamics","floor":7,"key":"SMITH"},{"data":"Loop","floor":15,"key":"SMITH"},{"data":"Seek","floor":23,"key":"SMITH"},{"data":"Static Discharge","floor":32,"key":"SMITH"}],"neow_cost":"NONE","seed_source_timestamp":62530249947897,"circlet_count":0,"master_deck":["Strike_B+1","Defend_B+1","Defend_B+1","Defend_B+1","Defend_B+1","Zap","Dualcast","FTL","Ball Lightning","Hologram","Electrodynamics+1","Loop+1","Seek+1","Conserve Battery","Leap","Amplify","Auto Shields+1","Sweeping Beam+1","Glacier+1","Hologram+1","Static Discharge+1","Hello World","Compile Driver+1","Reboot","Go for the Eyes+1","Swift Strike+1","Rip and Tear+1","Rebound+1"],"relics":["Cracked Core","NeowsBlessing","Pantograph","Mango","Pear","Meat on the Bone","Old Coin","Sozu","Molten Egg 2","The Courier","PreservedInsect","Bronze Scales","Strange Spoon","Runic Pyramid","Red Mask"],"potions_floor_usage":[14],"damage_taken":[{"damage":0,"enemies":"2 Louse","floor":1,"turns":1},{"damage":0,"enemies":"Jaw Worm","floor":4,"turns":1},{"damage":0,"enemies":"3 Sentries","floor":6,"turns":1},{"damage":0,"enemies":"Cultist","floor":8,"turns":3},{"damage":20,"enemies":"Lagavulin","floor":12,"turns":5},{"damage":15,"enemies":"Gremlin Nob","floor":14,"turns":4},{"damage":0,"enemies":"Slime Boss","floor":16,"turns":5},{"damage":2,"enemies":"Chosen","floor":18,"turns":4},{"damage":9,"enemies":"3 Byrds","floor":19,"turns":2},{"damage":30,"enemies":"Snake Plant","floor":20,"turns":5},{"damage":22,"enemies":"Gremlin Leader","floor":24,"turns":5},{"damage":16,"enemies":"Sentry and Sphere","floor":28,"turns":5},{"damage":18,"enemies":"Centurion and Healer","floor":29,"turns":4},{"damage":55,"enemies":"Collector","floor":33,"turns":9},{"damage":8,"enemies":"Orb Walker","floor":35,"turns":3},{"damage":0,"enemies":"3 Darklings","floor":38,"turns":2},{"damage":37,"enemies":"Writhing Mass","floor":39,"turns":7},{"damage":47,"enemies":"Giant Head","floor":40,"turns":7}],"seed_played":"-356233358684638163","potions_obtained":[{"floor":1,"key":"Ancient Potion"},{"floor":12,"key":"Weak Potion"},{"floor":14,"key":"Strength Potion"}],"is_trial":false,"path_per_floor":["M","?","$","M","?","E","R","M","T","$","?","E","$","E","R","B",null,"M","M","M","?","?","R","E","$","T","?","M","M","?","$","R","B",null,"M","?","?","M","M","E"],"character_chosen":"DEFECT","items_purchased":["Ball Lightning","Seek","Leap","PreservedInsect","Bronze Scales","Static Discharge","Strange Spoon"],"campfire_rested":0,"item_purchase_floors":[3,10,13,25,25,25,31],"current_hp_per_floor":[68,75,75,75,75,89,89,89,99,99,99,79,79,64,64,89,97,95,86,56,56,56,56,46,46,46,46,42,36,36,36,36,18,79,71,71,71,71,46,0],"gold":32,"neow_bonus":"THREE_ENEMY_KILL","is_prod":false,"is_daily":false,"chose_seed":false,"campfire_upgraded":4,"win_rate":0,"timestamp":1548883091,"path_taken":["M","?","$","M","?","E","R","?","T","?","?","E","$","E","R","BOSS","M","?","?","?","?","R","E","$","T","?","?","M","?","$","R","BOSS","M","?","?","M","M","E"],"build_version":"2019-01-23","purchased_purges":0,"victory":false,"max_hp_per_floor":[75,75,75,75,75,89,89,89,99,99,99,99,99,99,99,99,99,99,99,99,99,99,99,99,99,99,99,99,99,99,99,99,99,99,99,99,99,99,99,99],"card_choices":[{"not_picked":["Steam Power","Chaos"],"picked":"FTL","floor":1},{"not_picked":["Stack","Steam"],"picked":"Hologram","floor":4},{"not_picked":["Coolheaded","Undo"],"picked":"Electrodynamics","floor":6},{"not_picked":["Compile Driver","Barrage"],"picked":"Loop","floor":8},{"not_picked":["All For One","Streamline"],"picked":"Conserve Battery","floor":12},{"not_picked":["Force Field","Lockon","Undo"],"picked":"SKIP","floor":14},{"not_picked":["Electrodynamics","Seek"],"picked":"Amplify","floor":16},{"not_picked":["Lockon","FTL"],"picked":"Auto Shields+1","floor":18},{"not_picked":["Redo","Compile Driver+1"],"picked":"Sweeping Beam+1","floor":19},{"not_picked":["Go for the Eyes","Gash"],"picked":"Glacier+1","floor":20},{"not_picked":["Redo","Chaos+1"],"picked":"Hologram+1","floor":24},{"not_picked":["Reprogram","Steam"],"picked":"Hello World","floor":28},{"not_picked":["Capacitor","Steam"],"picked":"Compile Driver+1","floor":29},{"not_picked":["Meteor Strike+1","Machine Learning"],"picked":"Reboot","floor":33},{"not_picked":["Auto Shields","Heatsinks"],"picked":"Go for the Eyes+1","floor":35},{"not_picked":["HandOfGreed+1","Panacea"],"picked":"Swift Strike+1","floor":37},{"not_picked":["Barrage+1","Coolheaded"],"picked":"Rip and Tear+1","floor":38},{"not_picked":["Consume","Stack+1"],"picked":"Rebound+1","floor":39}],"player_experience":688842,"relics_obtained":[{"floor":6,"key":"Mango"},{"floor":9,"key":"Pear"},{"floor":12,"key":"Meat on the Bone"},{"floor":14,"key":"Old Coin"},{"floor":24,"key":"The Courier"}],"event_choices":[{"damage_healed":18,"gold_gain":0,"player_choice":"Healed","damage_taken":0,"max_hp_gain":0,"max_hp_loss":0,"event_name":"The Cleric","floor":2,"gold_loss":35},{"damage_healed":0,"gold_gain":0,"player_choice":"Gave Potion","damage_taken":0,"relics_obtained":["Pantograph"],"max_hp_gain":0,"max_hp_loss":0,"event_name":"WeMeetAgain","floor":5,"gold_loss":0},{"cards_removed":["Strike_B"],"damage_healed":0,"gold_gain":0,"player_choice":"Purged","damage_taken":0,"max_hp_gain":0,"max_hp_loss":0,"event_name":"Purifier","floor":11,"gold_loss":0},{"cards_removed":["Strike_B"],"damage_healed":0,"gold_gain":0,"player_choice":"Gave Gold","damage_taken":0,"max_hp_gain":0,"max_hp_loss":0,"event_name":"Beggar","floor":21,"gold_loss":75},{"damage_healed":0,"gold_gain":0,"player_choice":"Opened","damage_taken":0,"relics_obtained":["Molten Egg 2"],"max_hp_gain":0,"max_hp_loss":0,"event_name":"The Mausoleum","floor":22,"gold_loss":0},{"cards_removed":["Strike_B"],"damage_healed":0,"gold_gain":0,"player_choice":"Purged","damage_taken":0,"max_hp_gain":0,"max_hp_loss":0,"event_name":"Purifier","floor":27,"gold_loss":0},{"damage_healed":0,"gold_gain":0,"player_choice":"Simplicity","damage_taken":0,"max_hp_gain":0,"max_hp_loss":0,"event_name":"Back to Basics","floor":30,"gold_loss":0,"cards_upgraded":["Strike_B","Defend_B","Defend_B","Defend_B","Defend_B"]},{"damage_healed":0,"gold_gain":0,"player_choice":"Paid","damage_taken":0,"relics_obtained":["Red Mask"],"max_hp_gain":0,"max_hp_loss":0,"event_name":"Tomb of Lord Red Mask","floor":36,"gold_loss":138},{"damage_healed":0,"gold_gain":0,"player_choice":"Memory 1","damage_taken":0,"max_hp_gain":0,"max_hp_loss":0,"event_name":"SensoryStone","floor":37,"gold_loss":0}],"is_beta":false,"boss_relics":[{"not_picked":["Busted Crown","Empty Cage"],"picked":"Sozu"},{"not_picked":["Coffee Dripper","Astrolabe"],"picked":"Runic Pyramid"}],"items_purged_floors":[],"is_endless":false,"potions_floor_spawned":[1,12,14,24,28],"killed_by":"Giant Head","ascension_level":8}