{"gold_per_floor":[115,64,64,64,82,113,123,123,148,148,109,109,123,167,167,290,290,304,304,304,324,324,359,359,383,383,383,383,404,829,780,780,780],"floor_reached":33,"playtime":1286,"items_purged":[],"score":296,"play_id":"7f3da80f-e6c6-4d88-becc-bc582a9747f8","local_time":"20190417082012","is_ascension_mode":false,"campfire_choices":[{"data":"Zap","floor":10,"key":"SMITH"},{"data":"Ball Lightning","floor":12,"key":"SMITH"},{"floor":15,"key":"REST"},{"data":"Gash","floor":24,"key":"SMITH"},{"floor":32,"key":"REST"}],"neow_cost":"NONE","seed_source_timestamp":459178787436000,"circlet_count":0,"master_deck":["Defend_B","Defend_B","Defend_B","Defend_B","Zap+1","Dualcast","Go for the Eyes","Conserve Battery","Ball Lightning+1","Barrage","Gash","Cold Snap","Genetic Algorithm","Core Surge","Gash+1","RitualDagger","Conserve Battery+1","Bite","Bite","Bite","Bite","Bite","Electrodynamics","Conserve Battery+1","Hologram","Turbo","Coolheaded"],"relics":["Cracked Core","Oddly Smooth Stone","Golden Idol","Happy Flower","Anchor","Velvet Choker","Bronze Scales","Shovel","Shuriken","Old Coin","Matryoshka"],"potions_floor_usage":[16,16,16,29],"damage_taken":[{"damage":2,"enemies":"2 Louse","floor":1,"turns":3},{"damage":3,"enemies":"Jaw Worm","floor":5,"turns":4},{"damage":18,"enemies":"Lagavulin","floor":6,"turns":6},{"damage":0,"enemies":"Small Slimes","floor":7,"turns":3},{"damage":0,"enemies":"3 Louse","floor":13,"turns":3},{"damage":14,"enemies":"Gremlin Nob","floor":14,"turns":4},{"damage":34,"enemies":"Hexaghost","floor":16,"turns":11},{"damage":9,"enemies":"Spheric Guardian","floor":18,"turns":4},{"damage":1,"enemies":"2 Thieves","floor":21,"turns":4},{"damage":46,"enemies":"Slavers","floor":23,"turns":7},{"damage":1,"enemies":"Snecko","floor":25,"turns":4},{"damage":0,"enemies":"Sentry and Sphere","floor":29,"turns":4},{"damage":7,"enemies":"Colosseum Slavers","floor":30,"turns":2},{"damage":27,"enemies":"Colosseum Nobs","floor":30,"turns":5},{"damage":60,"enemies":"Collector","floor":33,"turns":8}],"seed_played":"-5718806126932765621","potions_obtained":[{"floor":1,"key":"AttackPotion"},{"floor":13,"key":"LiquidBronze"},{"floor":14,"key":"SkillPotion"},{"floor":16,"key":"Fire Potion"},{"floor":23,"key":"Energy Potion"}],"is_trial":false,"path_per_floor":["M","$","?","$","M","E","M","?","T","R","?","R","M","E","R","B",null,"M","?","?","M","?","E","R","M","T","?","?","M","?","$","R","B"],"character_chosen":"DEFECT","items_purchased":["Conserve Battery","Coolheaded"],"campfire_rested":2,"item_purchase_floors":[2,31],"current_hp_per_floor":[80,80,85,85,82,64,64,64,64,64,64,64,64,50,76,42,87,78,78,72,71,60,20,20,27,27,27,27,37,17,17,35,0],"gold":780,"neow_bonus":"TEN_PERCENT_HP_BONUS","is_prod":false,"is_daily":false,"chose_seed":false,"campfire_upgraded":3,"win_rate":0.0,"timestamp":1555503612,"path_taken":["M","$","?","$","M","E","M","?","T","R","?","R","M","E","R","BOSS","M","?","?","?","?","E","R","M","T","?","?","M","?","?","R","BOSS"],"build_version":"2019-01-23","purchased_purges":0,"victory":false,"max_hp_per_floor":[82,82,87,87,87,87,87,87,87,87,87,87,87,87,87,87,87,87,87,87,87,60,60,60,60,60,60,60,60,60,60,60,60],"card_choices":[{"not_picked":["Heatsinks","Recycle"],"picked":"Go for the Eyes","floor":1},{"not_picked":["Compile Driver","Steam Power"],"picked":"Ball Lightning","floor":5},{"not_picked":["Blizzard","Chill"],"picked":"Barrage","floor":6},{"not_picked":["Steam","Chaos"],"picked":"Gash","floor":7},{"not_picked":["Barrage","Go for the Eyes"],"picked":"Cold Snap","floor":13},{"not_picked":["Beam Cell","Ball Lightning"],"picked":"Genetic Algorithm","floor":14},{"not_picked":["Creative AI","Multi-Cast"],"picked":"Core Surge","floor":16},{"not_picked":["Barrage","Leap"],"picked":"Gash","floor":18},{"not_picked":["Turbo+1","Streamline"],"picked":"Conserve Battery+1","floor":21},{"not_picked":["Doom and Gloom","Conserve Battery"],"picked":"Electrodynamics","floor":23},{"not_picked":["Heatsinks","Undo+1"],"picked":"Conserve Battery+1","floor":25},{"not_picked":["Compile Driver","Streamline"],"picked":"Hologram","floor":29},{"not_picked":["Hyperbeam","Stack"],"picked":"Turbo","floor":30}],"player_experience":93062,"relics_obtained":[{"floor":6,"key":"Oddly Smooth Stone"},{"floor":9,"key":"Happy Flower"},{"floor":14,"key":"Anchor"},{"floor":23,"key":"Bronze Scales"},{"floor":26,"key":"Shovel"},{"floor":30,"key":"Old Coin"},{"floor":30,"key":"Matryoshka"}],"event_choices":[{"damage_healed":0,"gold_gain":0,"player_choice":"Donut","damage_taken":0,"max_hp_gain":5,"max_hp_loss":0,"event_name":"Big Fish","floor":3,"gold_loss":0},{"damage_healed":0,"gold_gain":0,"player_choice":"Take Wound","damage_taken":0,"relics_obtained":["Golden Idol"],"max_hp_gain":0,"max_hp_loss":0,"event_name":"Golden Idol","floor":8,"gold_loss":0,"cards_obtained":["Injury"]},{"damage_healed":0,"gold_gain":0,"player_choice":"Left Gold","damage_taken":0,"max_hp_gain":0,"max_hp_loss":0,"event_name":"World of Goop","floor":11,"gold_loss":39},{"cards_removed":["Injury"],"damage_healed":0,"gold_gain":0,"player_choice":"Elegance","damage_taken":0,"max_hp_gain":0,"max_hp_loss":0,"event_name":"Back to Basics","floor":19,"gold_loss":0},{"damage_healed":0,"gold_gain":0,"player_choice":"Joined the Cult","damage_taken":6,"max_hp_gain":0,"max_hp_loss":0,"event_name":"Nest","floor":20,"gold_loss":0,"cards_obtained":["RitualDagger"]},{"damage_healed":0,"gold_gain":0,"player_choice":"Became a vampire","damage_taken":0,"max_hp_gain":0,"max_hp_loss":27,"event_name":"Vampires","floor":22,"gold_loss":0,"cards_obtained":["Bite","Bite","Bite","Bite","Bite"]},{"damage_healed":0,"gold_gain":0,"player_choice":"Opened","damage_taken":0,"relics_obtained":["Shuriken"],"max_hp_gain":0,"max_hp_loss":0,"event_name":"The Mausoleum","floor":27,"gold_loss":0},{"damage_healed":0,"gold_gain":0,"player_choice":"Ignored","damage_taken":0,"max_hp_gain":0,"max_hp_loss":0,"event_name":"Ghosts","floor":28,"gold_loss":0},{"damage_healed":0,"gold_gain":0,"player_choice":"Fight","damage_taken":0,"max_hp_gain":0,"max_hp_loss":0,"event_name":"Colosseum","floor":30,"gold_loss":0},{"damage_healed":0,"gold_gain":0,"player_choice":"Fought Nobs","damage_taken":0,"max_hp_gain":0,"max_hp_loss":0,"event_name":"Colosseum","floor":30,"gold_loss":0}],"is_beta":false,"boss_relics":[{"not_picked":["Busted Crown","Runic Dome"],"picked":"Velvet Choker"}],"items_purged_floors":[],"is_endless":false,"potions_floor_spawned":[1,13,14,16,23,30],"killed_by":"Collector","ascension_level":0}