{"gold_per_floor":[116,129,204,0,0,31,31,49,75,95,163,174,174,204,204,308,308,320,331,381,431,494,494,524,524,580,591,101,130,130,141,141,237,237,248,54,104,115,127,127,138,188,188,153,153,216,216,232,232,232],"floor_reached":51,"playtime":1742,"items_purged":["Strike_R","Strike_R"],"score":1106,"play_id":"4f9578d8-3577-4e8d-85e8-677dad440e00","local_time":"20190312175012","is_ascension_mode":true,"campfire_choices":[{"data":"Armaments","floor":7.0,"key":"SMITH"},{"data":"Body Slam","floor":13.0,"key":"SMITH"},{"data":"Evolve","floor":15.0,"key":"SMITH"},{"data":"Body Slam","floor":23.0,"key":"SMITH"},{"floor":25,"key":"REST"},{"floor":30,"key":"REST"},{"data":"Sword Boomerang","floor":32,"key":"SMITH"},{"floor":40,"key":"REST"},{"floor":45,"key":"REST"},{"floor":47,"key":"RECALL"},{"floor":49,"key":"REST"}],"neow_cost":"NONE","seed_source_timestamp":724951123324600,"circlet_count":0,"master_deck":["AscendersBane","Strike_R","Strike_R","Defend_R","Defend_R","Defend_R","Defend_R","Bash+1","Body Slam+1","Wild Strike","Immolate","Armaments+1","Evolve+1","Battle Trance","Anger+1","Whirlwind+1","Feed+1","Seeing Red+1","Body Slam+1","True Grit+1","Shrug It Off+1","Limit Break+1","Sword Boomerang+1","Exhume+1","Armaments+1","Limit Break+1","Sword Boomerang","Bandage Up+1","Body Slam+1","Iron Wave","Pummel","Disarm+1"],"special_seed":0,"relics":["Burning Blood","SsserpentHead","Pen Nib","Regal Pillow","Toxic Egg 2","Mark of Pain","Whetstone","Tiny Chest","Brimstone","Orichalcum","Fusion Hammer","Pantograph"],"potions_floor_usage":[29,39,50,50],"damage_taken":[{"damage":0.0,"enemies":"Small Slimes","floor":1.0,"turns":3.0},{"damage":6.0,"enemies":"Jaw Worm","floor":2.0,"turns":4.0},{"damage":24.0,"enemies":"Gremlin Nob","floor":6.0,"turns":4.0},{"damage":1.0,"enemies":"Cultist","floor":8.0,"turns":3.0},{"damage":1.0,"enemies":"2 Fungi Beasts","floor":10.0,"turns":2.0},{"damage":8.0,"enemies":"Large Slime","floor":11.0,"turns":6.0},{"damage":11.0,"enemies":"Lots of Slimes","floor":12.0,"turns":3.0},{"damage":5.0,"enemies":"3 Sentries","floor":14.0,"turns":5.0},{"damage":40.0,"enemies":"Slime Boss","floor":16.0,"turns":9.0},{"damage":22.0,"enemies":"Spheric Guardian","floor":18.0,"turns":4.0},{"damage":18.0,"enemies":"Shell Parasite","floor":19.0,"turns":4.0},{"damage":17.0,"enemies":"Centurion and Healer","floor":22.0,"turns":5.0},{"damage":25,"enemies":"Gremlin Leader","floor":24,"turns":4},{"damage":18,"enemies":"Snake Plant","floor":27,"turns":4},{"damage":56,"enemies":"Slavers","floor":29,"turns":5},{"damage":0,"enemies":"Snecko","floor":31,"turns":2},{"damage":41,"enemies":"Automaton","floor":33,"turns":6},{"damage":38,"enemies":"3 Darklings","floor":35,"turns":4},{"damage":8,"enemies":"3 Shapes","floor":38,"turns":2},{"damage":15,"enemies":"Sphere and 2 Shapes","floor":39,"turns":4},{"damage":26,"enemies":"Transient","floor":41,"turns":5},{"damage":0,"enemies":"3 Darklings","floor":46,"turns":2},{"damage":12,"enemies":"4 Shapes","floor":48,"turns":3},{"damage":85,"enemies":"Time Eater","floor":50,"turns":6}],"seed_played":"5549465551300717331","potions_obtained":[{"floor":2.0,"key":"Ancient Potion"},{"floor":8.0,"key":"Explosive Potion"},{"floor":18.0,"key":"Strength Potion"},{"floor":27,"key":"Ancient Potion"},{"floor":29,"key":"SpeedPotion"},{"floor":35,"key":"BloodPotion"},{"floor":41,"key":"Block Potion"}],"is_trial":false,"path_per_floor":["M","M","?","$","?","E","R","M","T","M","M","M","R","E","R","B",null,"M","M","?","?","M","R","E","R","T","M","$","E","R","M","R","B",null,"M","$","?","M","M","R","M","?","T","$","R","M","R","M","R","B",null],"character_chosen":"IRONCLAD","items_purchased":["Immolate","Armaments","Shrug It Off+1","Brimstone","Limit Break+1","Sword Boomerang","Bandage Up+1","Pummel"],"campfire_rested":5,"item_purchase_floors":[4,4,28,28,28,28,36,44],"current_hp_per_floor":[78,78,67,67,67,49,49,54,54,59,57,52,52,53,53,19,65,53,41,69,69,61,61,42,83,83,71,71,21,62,68,68,37,78,46,46,46,48,54,95,87,87,87,87,95,95,95,93,99,20],"gold":232,"neow_bonus":"UPGRADE_CARD","is_prod":false,"is_daily":false,"chose_seed":false,"campfire_upgraded":5,"win_rate":0,"timestamp":1552409412,"path_taken":["M","M","?","$","?","E","R","M","T","M","?","M","R","E","R","BOSS","M","M","?","?","?","R","E","R","T","M","$","E","R","M","R","BOSS","M","$","?","M","M","R","M","?","T","$","R","?","R","M","R","BOSS"],"build_version":"2019-01-23","purchased_purges":2,"victory":true,"max_hp_per_floor":[80,80,80,80,80,80,80,80,80,80,80,80,80,80,80,80,80,84,84,84,84,87,87,87,87,87,87,87,87,87,87,87,91,91,91,91,91,95,95,95,95,95,95,95,95,95,95,99,99,99],"card_choices":[{"not_picked":["Headbutt","Dual Wield"],"picked":"Body Slam","floor":1.0},{"not_picked":["Flex","Warcry"],"picked":"Wild Strike","floor":2.0},{"not_picked":["Searing Blow","Heavy Blade"],"picked":"Evolve","floor":6.0},{"not_picked":["Anger","Flex"],"picked":"Battle Trance","floor":8.0},{"not_picked":["Twin Strike","Cleave"],"picked":"Anger","floor":10.0},{"not_picked":["Dark Embrace","Armaments","Thunderclap"],"picked":"SKIP","floor":11.0},{"not_picked":["Twin Strike","Rampage","Body Slam"],"picked":"SKIP","floor":12.0},{"not_picked":["Wild Strike","Flex"],"picked":"Whirlwind","floor":14.0},{"not_picked":["Immolate","Barricade"],"picked":"Feed","floor":16.0},{"not_picked":["Havoc+1","Clothesline"],"picked":"Seeing Red+1","floor":18.0},{"not_picked":["Twin Strike+1","Evolve+1"],"picked":"Body Slam","floor":19.0},{"not_picked":["Flex+1","Burning Pact+1","Thunderclap"],"picked":"SKIP","floor":22.0},{"not_picked":["Ghostly Armor+1","Clothesline"],"picked":"True Grit+1","floor":24},{"not_picked":["Feel No Pain","Seeing Red+1","Cleave"],"picked":"SKIP","floor":27},{"not_picked":["Battle Trance+1","Entrench+1"],"picked":"Exhume+1","floor":29},{"not_picked":["Dual Wield+1","Shrug It Off+1"],"picked":"Armaments+1","floor":31},{"not_picked":["Demon Form","Brutality"],"picked":"Limit Break+1","floor":33},{"not_picked":["Thunderclap","Uppercut"],"picked":"Sword Boomerang","floor":35},{"not_picked":["Clothesline","Sever Soul","Body Slam"],"picked":"SKIP","floor":38},{"not_picked":["Iron Wave+1","Clash"],"picked":"Body Slam+1","floor":39},{"not_picked":["Armaments+1","Havoc+1","Clothesline"],"picked":"SKIP","floor":41},{"not_picked":["Corruption","Bloodletting+1","Wild Strike"],"picked":"SKIP","floor":46},{"not_picked":["Clash+1","Battle Trance+1"],"picked":"Disarm+1","floor":48}],"player_experience":550331,"relics_obtained":[{"floor":6.0,"key":"Pen Nib"},{"floor":9.0,"key":"Regal Pillow"},{"floor":14.0,"key":"Toxic Egg 2"},{"floor":24,"key":"Whetstone"},{"floor":26,"key":"Tiny Chest"},{"floor":29,"key":"Orichalcum"},{"floor":43,"key":"Pantograph"}],"event_choices":[{"damage_healed":0.0,"max_hp_gain":0.0,"max_hp_loss":0.0,"gold_gain":75.0,"event_name":"World of Goop","player_choice":"Gather Gold","floor":3.0,"gold_loss":0.0,"damage_taken":11.0},{"damage_healed":0.0,"max_hp_gain":0.0,"max_hp_loss":0.0,"gold_gain":0.0,"event_name":"FaceTrader","player_choice":"Trade","floor":5.0,"gold_loss":0.0,"damage_taken":0.0,"relics_obtained":["SsserpentHead"]},{"damage_healed":28.0,"max_hp_gain":0.0,"max_hp_loss":0.0,"gold_gain":0.0,"event_name":"The Library","player_choice":"Heal","floor":20.0,"gold_loss":0.0,"damage_taken":0.0},{"damage_healed":0.0,"max_hp_gain":0.0,"max_hp_loss":0.0,"gold_gain":0.0,"event_name":"Upgrade Shrine","player_choice":"Upgraded","floor":21.0,"gold_loss":0.0,"damage_taken":0.0,"cards_upgraded":["Anger"]},{"damage_healed":0,"gold_gain":0,"player_choice":"Ignored","damage_taken":0,"max_hp_gain":0,"max_hp_loss":0,"event_name":"Mysterious Sphere","floor":37,"gold_loss":0},{"damage_healed":0,"gold_gain":0,"cards_transformed":["Strike_R"],"player_choice":"Transformed","damage_taken":0,"max_hp_gain":0,"max_hp_loss":0,"event_name":"Transmorgrifier","floor":42,"gold_loss":0,"cards_obtained":["Iron Wave"]}],"is_beta":false,"boss_relics":[{"not_picked":["Orrery","Tiny House"],"picked":"Mark of Pain"},{"not_picked":["Runic Cube","Coffee Dripper"],"picked":"Fusion Hammer"}],"items_purged_floors":[28,36],"is_endless":false,"potions_floor_spawned":[2,8,10,12,14,18,27,29,35,41],"ascension_level":11}