{"gold_per_floor":[109,126,126,201,201,236,236,252,278,309,327,338,338,338,338,437,437,453,165,165,179,179],"floor_reached":22,"playtime":649,"items_purged":[],"score":343,"play_id":"f86ec581-0595-472c-b49f-aa14a06b10ec","local_time":"20190224034309","is_ascension_mode":true,"campfire_choices":[{"data":"Buffer","floor":7,"key":"SMITH"},{"data":"Zap","floor":15,"key":"SMITH"}],"neow_cost":"NONE","seed_source_timestamp":828272404015266,"circlet_count":0,"master_deck":["Strike_B","Strike_B","Strike_B","Strike_B","Defend_B","Defend_B","Defend_B","Defend_B","Zap+1","Dualcast","Beam Cell+1","FTL+1","Buffer+1","Beam Cell","Scrape","Gash","Creative AI","Turbo","Hologram","Beam Cell","Core Surge","Capacitor","Buffer+1","Sweeping Beam"],"relics":["Cracked Core","NeowsBlessing","Dream Catcher","Pen Nib","Orichalcum","Orrery","Mango"],"potions_floor_usage":[10,10,14,16,16,16,16],"damage_taken":[{"damage":0,"enemies":"Cultist","floor":1,"turns":1},{"damage":0,"enemies":"Small Slimes","floor":2,"turns":1},{"damage":0,"enemies":"Gremlin Nob","floor":6,"turns":1},{"damage":9,"enemies":"2 Louse","floor":8,"turns":3},{"damage":25,"enemies":"3 Sentries","floor":10,"turns":7},{"damage":13,"enemies":"Exordium Thugs","floor":11,"turns":4},{"damage":0,"enemies":"Red Slaver","floor":12,"turns":3},{"damage":53,"enemies":"The Guardian","floor":16,"turns":9},{"damage":29,"enemies":"3 Byrds","floor":18,"turns":6},{"damage":39,"enemies":"Shell Parasite","floor":21,"turns":7},{"damage":11,"enemies":"Snake Plant","floor":22,"turns":1}],"seed_played":"3497829810454680236","potions_obtained":[{"floor":2,"key":"Regen Potion"},{"floor":6,"key":"Block Potion"},{"floor":10,"key":"FearPotion"},{"floor":14,"key":"Fruit Juice"},{"floor":14,"key":"Explosive Potion"},{"floor":14,"key":"EntropicBrew"},{"floor":16,"key":"FocusPotion"},{"floor":18,"key":"LiquidBronze"}],"is_trial":false,"path_per_floor":["M","M","?","?","?","E","R","M","T","E","M","M","?","?","R","B",null,"M","$","?","M","M"],"character_chosen":"DEFECT","items_purchased":["Mango"],"campfire_rested":0,"item_purchase_floors":[19],"current_hp_per_floor":[68,68,68,57,57,57,57,48,48,38,25,25,50,55,55,2,61,32,46,46,7,0],"gold":179,"neow_bonus":"THREE_ENEMY_KILL","is_prod":false,"is_daily":false,"chose_seed":false,"campfire_upgraded":2,"win_rate":0,"timestamp":1550990589,"path_taken":["M","M","?","?","?","E","R","?","T","E","?","M","?","?","R","BOSS","M","$","?","M","?"],"build_version":"2019-01-23","purchased_purges":0,"victory":false,"max_hp_per_floor":[75,75,75,75,75,75,75,75,75,75,75,75,75,80,80,80,80,80,94,94,94,94],"card_choices":[{"not_picked":["Hologram","Recycle"],"picked":"Beam Cell","floor":1},{"not_picked":["Rip and Tear","Hologram"],"picked":"FTL","floor":2},{"not_picked":["Hologram","Defragment"],"picked":"Buffer","floor":6},{"not_picked":["Coolheaded","Force Field"],"picked":"Beam Cell","floor":8},{"not_picked":["Loop","Streamline"],"picked":"Scrape","floor":10},{"not_picked":["Tempest","Turbo"],"picked":"Gash","floor":11},{"not_picked":["Rip and Tear","Ball Lightning","Static Discharge"],"picked":"SKIP","floor":12},{"not_picked":["Hyperbeam","Fission"],"picked":"Creative AI","floor":16},{"not_picked":["Redo","Recycle"],"picked":"Turbo","floor":17},{"not_picked":["Skim","Compile Driver"],"picked":"Hologram","floor":17},{"not_picked":["Leap","Steam"],"picked":"Beam Cell","floor":17},{"not_picked":["Coolheaded","Consume"],"picked":"Core Surge","floor":17},{"not_picked":["Hologram","Barrage"],"picked":"Capacitor","floor":18},{"not_picked":["Turbo","Rebound"],"picked":"Sweeping Beam","floor":21}],"player_experience":853965,"relics_obtained":[{"floor":6,"key":"Dream Catcher"},{"floor":9,"key":"Pen Nib"},{"floor":10,"key":"Orichalcum"}],"event_choices":[{"damage_healed":0,"gold_gain":0,"player_choice":"Grow","damage_taken":0,"max_hp_gain":0,"max_hp_loss":0,"event_name":"Living Wall","floor":3,"gold_loss":0,"cards_upgraded":["FTL"]},{"damage_healed":0,"gold_gain":75,"player_choice":"Gather Gold","damage_taken":11,"max_hp_gain":0,"max_hp_loss":0,"event_name":"World of Goop","floor":4,"gold_loss":0},{"damage_healed":0,"gold_gain":0,"player_choice":"Upgraded","damage_taken":0,"max_hp_gain":0,"max_hp_loss":0,"event_name":"Upgrade Shrine","floor":5,"gold_loss":0,"cards_upgraded":["Beam Cell"]},{"damage_healed":25,"gold_gain":0,"player_choice":"Banana","damage_taken":0,"max_hp_gain":0,"max_hp_loss":0,"event_name":"Big Fish","floor":13,"gold_loss":0},{"damage_healed":0,"gold_gain":0,"player_choice":"Got Potions","damage_taken":0,"max_hp_gain":0,"max_hp_loss":0,"event_name":"Lab","floor":14,"gold_loss":0},{"damage_healed":0,"gold_gain":0,"player_choice":"Copied","damage_taken":0,"max_hp_gain":0,"max_hp_loss":0,"event_name":"Duplicator","floor":20,"gold_loss":0,"cards_obtained":["Buffer"]}],"is_beta":false,"boss_relics":[{"not_picked":["Eternal Feather","Calling Bell"],"picked":"Orrery"}],"items_purged_floors":[],"is_endless":false,"potions_floor_spawned":[2,6,10,16,18],"killed_by":"Snake Plant","ascension_level":9}