{"gold_per_floor":[111,211,231,245,264,264,241,241,266,266,276,276,291,307,307,411,411,430,355,381,392,392],"floor_reached":22,"playtime":845,"items_purged":[],"score":178,"play_id":"7845f67b-e46a-4446-ad39-35172506a907","local_time":"20190514204307","is_ascension_mode":false,"campfire_choices":[{"data":"Heavy Blade","floor":6,"key":"SMITH"},{"data":"Flex","floor":8,"key":"SMITH"},{"data":"Bash","floor":10,"key":"SMITH"},{"data":"Anger","floor":12,"key":"SMITH"},{"data":"Feed","floor":15,"key":"SMITH"}],"neow_cost":"NONE","seed_source_timestamp":122774648652000,"circlet_count":0,"master_deck":["Strike_R","Strike_R","Strike_R","Strike_R","Defend_R","Defend_R","Defend_R","Defend_R","Bash+1","Anger+1","Heavy Blade+1","Flex+1","Shrug It Off","Headbutt","Feed+1","Armaments","Flex","Double Tap"],"relics":["Burning Blood","NeowsBlessing","Dream Catcher","Bronze Scales"],"potions_floor_usage":[],"damage_taken":[{"damage":0,"enemies":"Cultist","floor":1,"turns":1},{"damage":0,"enemies":"Jaw Worm","floor":3,"turns":1},{"damage":0,"enemies":"2 Louse","floor":4,"turns":1},{"damage":9,"enemies":"Blue Slaver","floor":5,"turns":4},{"damage":10,"enemies":"Looter","floor":11,"turns":2},{"damage":0,"enemies":"3 Louse","floor":13,"turns":2},{"damage":3,"enemies":"Red Slaver","floor":14,"turns":3},{"damage":38,"enemies":"The Guardian","floor":16,"turns":10},{"damage":19,"enemies":"Shell Parasite","floor":18,"turns":7},{"damage":24,"enemies":"Spheric Guardian","floor":21,"turns":5},{"damage":52,"enemies":"3 Cultists","floor":22,"turns":5}],"seed_played":"-2558385293512244612","potions_obtained":[{"floor":4,"key":"SkillPotion"},{"floor":11,"key":"Block Potion"},{"floor":13,"key":"FearPotion"}],"is_trial":false,"path_per_floor":["M","?","M","M","M","R","$","R","T","R","M","R","M","M","R","B",null,"M","?","T","M","M"],"character_chosen":"IRONCLAD","items_purchased":["Shrug It Off"],"campfire_rested":0,"item_purchase_floors":[7],"current_hp_per_floor":[80,80,80,80,77,77,77,77,77,77,73,73,79,83,83,51,83,70,70,70,52,0],"gold":392,"neow_bonus":"THREE_ENEMY_KILL","is_prod":false,"is_daily":false,"chose_seed":false,"campfire_upgraded":5,"win_rate":0.0,"timestamp":1557837787,"path_taken":["M","?","M","M","M","R","$","R","T","R","M","R","M","M","R","BOSS","M","?","?","M","?"],"build_version":"2019-01-23","purchased_purges":0,"victory":false,"max_hp_per_floor":[80,80,80,80,80,80,80,80,80,80,80,80,80,83,83,83,83,83,83,83,83,83],"card_choices":[{"not_picked":["Warcry","Evolve","Sever Soul"],"picked":"SKIP","floor":1},{"not_picked":["Second Wind","Evolve"],"picked":"Anger","floor":3},{"not_picked":["Entrench","Shrug It Off"],"picked":"Heavy Blade","floor":4},{"not_picked":["Rage","Clash"],"picked":"Flex","floor":5},{"not_picked":["True Grit","Clothesline"],"picked":"Headbutt","floor":11},{"not_picked":["Pommel Strike","Corruption"],"picked":"Feed","floor":13},{"not_picked":["Evolve","Flame Barrier"],"picked":"Armaments","floor":14},{"not_picked":["Clothesline","Heavy Blade+1"],"picked":"Flex","floor":18},{"not_picked":["Armaments","Perfected Strike"],"picked":"Double Tap","floor":21}],"player_experience":9167,"relics_obtained":[{"floor":9,"key":"Dream Catcher"},{"floor":20,"key":"Bronze Scales"}],"event_choices":[{"damage_healed":0,"gold_gain":100,"player_choice":"Pray","damage_taken":0,"max_hp_gain":0,"max_hp_loss":0,"event_name":"Golden Shrine","floor":2,"gold_loss":0},{"cards_removed":["Strike_R"],"damage_healed":0,"gold_gain":0,"player_choice":"Gave Gold","damage_taken":0,"max_hp_gain":0,"max_hp_loss":0,"event_name":"Beggar","floor":19,"gold_loss":75}],"is_beta":false,"boss_relics":[{"not_picked":["Astrolabe","Calling Bell","Mark of Pain"]}],"items_purged_floors":[],"is_endless":false,"potions_floor_spawned":[4,11,13,18],"killed_by":"3 Cultists","ascension_level":0}