{"gold_per_floor":[115,115,125,50,50,50,62,62,86,86,32,57,71,85,85,162,162,178,228,248,648,47,81,81,143,143,143,143,143,159,193,193,267,267,278,295,29,29,41,41,94,94,94,114,114,114,141,141,141,141,141],"floor_reached":52,"playtime":2729,"items_purged":["Strike_G"],"score":2043,"play_id":"2c3ca12a-5ecf-43e2-bfc5-d9cba16a7de8","local_time":"20190514200812","is_ascension_mode":true,"campfire_choices":[{"data":"Footwork","floor":6.0,"key":"SMITH"},{"data":"Predator","floor":8.0,"key":"SMITH"},{"data":"Neutralize","floor":10.0,"key":"SMITH"},{"data":"Noxious Fumes","floor":15.0,"key":"SMITH"},{"data":"Crippling Poison","floor":24.0,"key":"SMITH"},{"data":"Noxious Fumes","floor":29.0,"key":"SMITH"},{"data":"Catalyst","floor":32.0,"key":"SMITH"},{"data":"Dodge and Roll","floor":40.0,"key":"SMITH"},{"floor":42.0,"key":"REST"},{"data":"PiercingWail","floor":45,"key":"SMITH"},{"data":"Corpse Explosion","floor":49,"key":"SMITH"}],"neow_cost":"NONE","seed_source_timestamp":792397931770527,"circlet_count":0,"master_deck":["AscendersBane","Defend_G","Defend_G","Defend_G","Defend_G","Defend_G","Strike_G","Strike_G","Strike_G","Survivor","Neutralize+1","Predator+1","Footwork+1","PiercingWail+1","Dodge and Roll+1","Crippling Poison+1","Noxious Fumes+1","Corpse Explosion+1","PiercingWail+1","Backflip","Cloak And Dagger","Leg Sweep+1","Noxious Fumes+1","Catalyst+1","Bullet Time","Cloak And Dagger","Backflip","Writhe","Footwork+1"],"special_seed":0,"relics":["Ring of the Snake","PreservedInsect","Bottled Tornado","Snecko Eye","Old Coin","Matryoshka","Dead Branch","TwistedFunnel","Smiling Mask","Tiny Chest","Frozen Egg 2","Pantograph","Regal Pillow","Runic Dome","Medical Kit","Sundial","Vajra","Darkstone Periapt","Ninja Scroll"],"potions_floor_usage":[51],"damage_taken":[{"damage":1.0,"enemies":"Small Slimes","floor":1.0,"turns":5.0},{"damage":1.0,"enemies":"2 Louse","floor":3.0,"turns":3.0},{"damage":0.0,"enemies":"Cultist","floor":7.0,"turns":3.0},{"damage":6.0,"enemies":"Gremlin Nob","floor":12.0,"turns":3.0},{"damage":0.0,"enemies":"Red Slaver","floor":13.0,"turns":5.0},{"damage":19.0,"enemies":"Lots of Slimes","floor":14.0,"turns":4.0},{"damage":0.0,"enemies":"Slime Boss","floor":16.0,"turns":10.0},{"damage":0.0,"enemies":"Chosen","floor":18.0,"turns":5.0},{"damage":0.0,"enemies":"2 Thieves","floor":20.0,"turns":4.0},{"damage":16.0,"enemies":"Colosseum Slavers","floor":21.0,"turns":5.0},{"damage":6.0,"enemies":"Colosseum Nobs","floor":21.0,"turns":3.0},{"damage":0.0,"enemies":"Slavers","floor":23.0,"turns":3.0},{"damage":2.0,"enemies":"Book of Stabbing","floor":25.0,"turns":5.0},{"damage":9.0,"enemies":"Snake Plant","floor":30.0,"turns":4.0},{"damage":21.0,"enemies":"Slavers","floor":31.0,"turns":3.0},{"damage":52.0,"enemies":"Automaton","floor":33.0,"turns":11.0},{"damage":0.0,"enemies":"Orb Walker","floor":35.0,"turns":3.0},{"damage":0.0,"enemies":"3 Shapes","floor":36.0,"turns":3.0},{"damage":30.0,"enemies":"Spire Growth","floor":39.0,"turns":5.0},{"damage":0,"enemies":"4 Shapes","floor":44,"turns":2},{"damage":13,"enemies":"Giant Head","floor":47,"turns":7},{"damage":1,"enemies":"Donu and Deca","floor":50,"turns":7},{"damage":63,"enemies":"Awakened One","floor":51,"turns":13}],"seed_played":"3760505418491296416","potions_obtained":[{"floor":1.0,"key":"Ancient Potion"},{"floor":5.0,"key":"Strength Potion"},{"floor":7.0,"key":"AttackPotion"},{"floor":12.0,"key":"SkillPotion"},{"floor":20.0,"key":"FearPotion"},{"floor":31.0,"key":"PowerPotion"},{"floor":35.0,"key":"SpeedPotion"},{"floor":36.0,"key":"SkillPotion"}],"is_trial":false,"path_per_floor":["M","?","M","$","?","R","M","R","T","R","$","E","M","M","R","B",null,"M","?","M","?","$","E","R","E","T","?","?","R","M","E","R","B",null,"M","M","$","?","M","R","T","R","T","M","R","?","E","?","R","B","B",null],"character_chosen":"THE_SILENT","items_purchased":["Footwork","Dodge and Roll","Dead Branch","TwistedFunnel","Cloak And Dagger","Medical Kit"],"campfire_rested":1,"item_purchase_floors":[4,11,22,22,22,37],"current_hp_per_floor":[64,64,63,63,63,63,63,63,63,63,63,57,57,38,38,38,64,64,64,64,42,42,42,42,40,40,40,72,72,63,42,42,15,58,58,58,58,58,28,28,28,64,64,64,64,78,65,65,65,77,15],"gold":141,"neow_bonus":"TEN_PERCENT_HP_BONUS","is_prod":false,"is_daily":false,"chose_seed":false,"campfire_upgraded":10,"win_rate":0,"timestamp":1557878892,"path_taken":["M","?","M","$","?","R","?","R","T","R","?","E","?","M","R","BOSS","M","?","M","?","$","E","R","E","T","?","?","R","M","E","R","BOSS","M","M","?","?","?","R","?","R","T","M","R","?","E","?","R","BOSS","BOSS"],"build_version":"2019-05-07","purchased_purges":1,"victory":true,"max_hp_per_floor":[72,72,72,72,72,72,72,72,72,72,72,72,72,72,72,72,72,72,72,72,72,72,72,72,72,72,72,72,72,72,72,72,72,72,72,72,72,72,72,72,72,72,72,72,72,78,78,78,78,78,78],"card_choices":[{"not_picked":["Eviscerate","Acrobatics"],"picked":"Skewer","floor":1.0},{"not_picked":["Prepared","Poisoned Stab"],"picked":"Predator","floor":3.0},{"not_picked":["Flying Knee","Cloak And Dagger"],"picked":"PiercingWail","floor":7.0},{"not_picked":["Expertise","Riddle With Holes"],"picked":"Crippling Poison","floor":12.0},{"not_picked":["Dagger Spray","Eviscerate","Endless Agony"],"picked":"SKIP","floor":13.0},{"not_picked":["Dagger Spray","Concentrate"],"picked":"Noxious Fumes","floor":14.0},{"not_picked":["Grand Finale","Venomology"],"picked":"Corpse Explosion","floor":16.0},{"not_picked":["Escape Plan","Cloak And Dagger"],"picked":"PiercingWail+1","floor":18.0},{"not_picked":["Outmaneuver","Flechettes"],"picked":"Backflip","floor":20.0},{"not_picked":["Blade Dance","Flying Knee+1"],"picked":"Leg Sweep+1","floor":23.0},{"not_picked":["Outmaneuver","All Out Attack"],"picked":"Noxious Fumes","floor":25.0},{"not_picked":["Quick Slash+1","Underhanded Strike","Backstab+1"],"picked":"SKIP","floor":30.0},{"not_picked":["Bouncing Flask","Tactician"],"picked":"Catalyst","floor":31.0},{"not_picked":["Adrenaline","Burst"],"picked":"Bullet Time","floor":33.0},{"not_picked":["Quick Slash","Poisoned Stab"],"picked":"Cloak And Dagger","floor":35.0},{"not_picked":["Quick Slash","Well Laid Plans+1","Distraction+1"],"picked":"SKIP","floor":36.0},{"not_picked":["Dagger Spray","Cloak And Dagger","Terror+1"],"picked":"SKIP","floor":39.0},{"not_picked":["Skewer","Expertise"],"picked":"Backflip","floor":44},{"not_picked":["Blade Dance","Malaise"],"picked":"Footwork+1","floor":47}],"player_experience":808123,"relics_obtained":[{"floor":9.0,"key":"PreservedInsect"},{"floor":12.0,"key":"Bottled Tornado"},{"floor":21.0,"key":"Old Coin"},{"floor":21.0,"key":"Matryoshka"},{"floor":23.0,"key":"Smiling Mask"},{"floor":25.0,"key":"Tiny Chest"},{"floor":26.0,"key":"Frozen Egg 2"},{"floor":26.0,"key":"Pantograph"},{"floor":31.0,"key":"Regal Pillow"},{"floor":41.0,"key":"Sundial"},{"floor":41.0,"key":"Vajra"},{"floor":43.0,"key":"Darkstone Periapt"},{"floor":47,"key":"Ninja Scroll"}],"event_choices":[{"damage_healed":0.0,"max_hp_gain":0.0,"max_hp_loss":0.0,"gold_gain":0.0,"event_name":"Living Wall","player_choice":"Grow","floor":2.0,"gold_loss":0.0,"damage_taken":0.0,"cards_upgraded":["Skewer"]},{"damage_healed":0.0,"max_hp_gain":0.0,"max_hp_loss":0.0,"gold_gain":0.0,"event_name":"Lab","player_choice":"Got Potions","floor":5.0,"gold_loss":0.0,"damage_taken":0.0},{"damage_healed":0.0,"max_hp_gain":0.0,"max_hp_loss":0.0,"gold_gain":50.0,"event_name":"Nest","player_choice":"Stole From Cult","floor":19.0,"gold_loss":0.0,"damage_taken":0.0},{"damage_healed":0.0,"max_hp_gain":0.0,"max_hp_loss":0.0,"gold_gain":0.0,"event_name":"Colosseum","player_choice":"Fight","floor":21.0,"gold_loss":0.0,"damage_taken":0.0},{"damage_healed":0.0,"max_hp_gain":0.0,"max_hp_loss":0.0,"gold_gain":0.0,"event_name":"Colosseum","player_choice":"Fought Nobs","floor":21.0,"gold_loss":0.0,"damage_taken":0.0},{"damage_healed":0.0,"max_hp_gain":0.0,"max_hp_loss":0.0,"gold_gain":0.0,"event_name":"Ghosts","player_choice":"Ignored","floor":27.0,"gold_loss":0.0,"damage_taken":0.0},{"cards_removed":["Skewer"],"damage_healed":32.0,"max_hp_gain":0.0,"max_hp_loss":0.0,"gold_gain":0.0,"event_name":"Bonfire Elementals","player_choice":"Offered Uncommon","floor":28.0,"gold_loss":0.0,"damage_taken":0.0},{"cards_removed":["Strike_G"],"damage_healed":0.0,"max_hp_gain":0.0,"max_hp_loss":0.0,"gold_gain":0.0,"event_name":"Falling","player_choice":"Removed Attack","floor":38.0,"gold_loss":0.0,"damage_taken":0.0},{"damage_healed":14,"gold_gain":0,"player_choice":"Writhe","damage_taken":0,"max_hp_gain":0,"max_hp_loss":0,"event_name":"Winding Halls","floor":46,"gold_loss":0,"cards_obtained":["Writhe"]},{"damage_healed":0,"gold_gain":0,"player_choice":"Ignored","damage_taken":0,"max_hp_gain":0,"max_hp_loss":0,"event_name":"SecretPortal","floor":48,"gold_loss":0}],"is_beta":true,"boss_relics":[{"not_picked":["Black Star","HoveringKite"],"picked":"Snecko Eye"},{"not_picked":["Empty Cage","Lizard Tail"],"picked":"Runic Dome"}],"items_purged_floors":[37],"is_endless":false,"potions_floor_spawned":[1,7,12,20,31,35,36,44,47],"ascension_level":20}