{"gold_per_floor":[115,115,129,12,31,66,78,109,174,18,18,51,62,77,77,179,179,196,32,32,51,51,51,51,85,85,85,85,85,120,139,139,235,235,247,46,59,59,59,93,113,139,163,163,163,182,213,75,75,75,75,75,8,40,40],"floor_reached":55,"playtime":1940,"items_purged":["Strike_R","Doubt"],"score":801,"play_id":"649fdb9e-8937-49c8-afbb-fdcf47de16cb","local_time":"20190329134811","is_ascension_mode":false,"campfire_choices":[{"data":"True Grit","floor":7,"key":"SMITH"},{"data":"Whirlwind","floor":11,"key":"SMITH"},{"data":"Flex","floor":15,"key":"SMITH"},{"data":"Double Tap","floor":23,"key":"SMITH"},{"data":"Juggernaut","floor":29,"key":"SMITH"},{"data":"Metallicize","floor":32,"key":"SMITH"},{"data":"Apotheosis","floor":45,"key":"SMITH"},{"floor":49,"key":"RECALL"},{"data":"Barricade","floor":52,"key":"SMITH"}],"neow_cost":"NONE","seed_source_timestamp":703480775825307,"circlet_count":0,"master_deck":["Defend_R","Bash","Anger","Rage","True Grit+1","Iron Wave","Shrug It Off","Whirlwind+1","Master of Strategy","Flex+1","Shrug It Off","Juggernaut+1","Double Tap+1","Thunderclap+1","Headbutt+1","Bite","Bite","Bite","Bite","Metallicize+1","Barricade+1","Seeing Red+1","Seeing Red+1","Headbutt+1","Pommel Strike+1","Spot Weakness","Master of Strategy","Apotheosis+1","Whirlwind","Disarm","Inflame"],"relics":["Burning Blood","The Courier","MawBank","Bag of Marbles","Letter Opener","Coffee Dripper","Chemical X","Self Forming Clay","Ornamental Fan","MutagenicStrength","Mummified Hand","Paper Frog","Astrolabe","Darkstone Periapt","Oddly Smooth Stone","Pantograph","Dodecahedron"],"potions_floor_usage":[6,6,16,16,25,50,55,55,55],"damage_taken":[{"damage":10,"enemies":"Cultist","floor":1,"turns":4},{"damage":0,"enemies":"Small Slimes","floor":3,"turns":4},{"damage":7,"enemies":"Jaw Worm","floor":5,"turns":3},{"damage":8,"enemies":"Lagavulin","floor":6,"turns":5},{"damage":1,"enemies":"2 Fungi Beasts","floor":8,"turns":4},{"damage":30,"enemies":"Gremlin Nob","floor":12,"turns":5},{"damage":0,"enemies":"Large Slime","floor":13,"turns":4},{"damage":0,"enemies":"Looter","floor":14,"turns":2},{"damage":32,"enemies":"Slime Boss","floor":16,"turns":9},{"damage":8,"enemies":"2 Thieves","floor":18,"turns":3},{"damage":5,"enemies":"Shell Parasite","floor":21,"turns":3},{"damage":19,"enemies":"Book of Stabbing","floor":25,"turns":4},{"damage":7,"enemies":"Gremlin Leader","floor":30,"turns":3},{"damage":0,"enemies":"Snake Plant","floor":31,"turns":2},{"damage":12,"enemies":"Collector","floor":33,"turns":4},{"damage":0,"enemies":"3 Darklings","floor":35,"turns":2},{"damage":0,"enemies":"3 Shapes","floor":37,"turns":1},{"damage":0,"enemies":"Giant Head","floor":40,"turns":5},{"damage":32,"enemies":"Writhing Mass","floor":41,"turns":4},{"damage":35,"enemies":"Reptomancer","floor":42,"turns":3},{"damage":5,"enemies":"Jaw Worm Horde","floor":46,"turns":2},{"damage":6,"enemies":"Nemesis","floor":47,"turns":3},{"damage":30,"enemies":"Awakened One","floor":50,"turns":7},{"damage":2,"enemies":"Shield and Spear","floor":54,"turns":2},{"damage":108,"enemies":"The Heart","floor":55,"turns":6}],"seed_played":"2060004420680423899","potions_obtained":[{"floor":5,"key":"FearPotion"},{"floor":12,"key":"Regen Potion"},{"floor":13,"key":"GamblersBrew"},{"floor":14,"key":"GamblersBrew"},{"floor":16,"key":"Dexterity Potion"},{"floor":18,"key":"Poison Potion"},{"floor":21,"key":"Fire Potion"},{"floor":30,"key":"Energy Potion"},{"floor":37,"key":"Strength Potion"}],"is_trial":false,"path_per_floor":["M","?","M","$","M","E","R","M","T","$","R","E","M","M","R","B",null,"M","$","?","M","?","R","?","E","T","?","T","R","E","M","R","B",null,"M","$","M","?","?","E","M","E","T","?","R","M","E","$","R","B",null,"R","$","E","B"],"character_chosen":"IRONCLAD","items_purchased":["Strength Potion","True Grit","Master of Strategy","Flex","Chemical X","Spot Weakness","Master of Strategy","Disarm","Inflame","Swift Potion"],"campfire_rested":0,"item_purchase_floors":[4,4,10,10,19,36,36,48,53,53],"current_hp_per_floor":[76,43,51,51,52,52,52,59,59,59,59,37,45,53,53,29,80,78,78,63,66,66,66,66,73,73,73,73,73,78,84,84,79,85,85,85,85,85,75,85,61,36,36,91,91,91,91,91,91,79,91,91,91,91,0],"gold":40,"neow_bonus":"RANDOM_COMMON_RELIC","is_prod":false,"is_daily":false,"chose_seed":false,"campfire_upgraded":8,"win_rate":0,"timestamp":1553867291,"path_taken":["M","?","M","$","M","E","R","M","T","$","R","E","M","M","R","BOSS","M","$","?","M","?","R","?","E","T","?","?","R","E","M","R","BOSS","M","$","M","?","?","E","M","E","T","?","R","?","E","$","R","BOSS","R","$","E","BOSS"],"build_version":"2019-03-15","purchased_purges":2,"victory":false,"max_hp_per_floor":[80,80,80,80,80,80,80,80,80,80,80,80,80,80,80,80,80,80,80,85,85,85,85,85,85,85,85,85,85,85,85,85,85,85,85,85,85,85,85,85,85,85,85,91,91,91,91,91,91,91,91,91,91,91,91],"card_choices":[{"not_picked":["Twin Strike","Perfected Strike"],"picked":"Anger","floor":1},{"not_picked":["Headbutt","Body Slam"],"picked":"Rage","floor":3},{"not_picked":["Feel No Pain","Sever Soul"],"picked":"Iron Wave","floor":5},{"not_picked":["Bloodletting","Havoc"],"picked":"Shrug It Off","floor":6},{"not_picked":["Warcry","Blood for Blood"],"picked":"Whirlwind","floor":8},{"not_picked":["Hemokinesis","Carnage"],"picked":"Shrug It Off","floor":12},{"not_picked":["Iron Wave","Combust","Uppercut"],"picked":"SKIP","floor":13},{"not_picked":["Twin Strike","Cleave"],"picked":"Juggernaut","floor":14},{"not_picked":["Juggernaut","Feed"],"picked":"Double Tap","floor":16},{"not_picked":["Heavy Blade","Blood for Blood"],"picked":"Thunderclap+1","floor":18},{"not_picked":["Armaments","Havoc+1"],"picked":"Headbutt+1","floor":21},{"not_picked":["Shockwave","Sword Boomerang"],"picked":"Metallicize","floor":25},{"not_picked":["Shrug It Off","Searing Blow","Ghostly Armor"],"picked":"SKIP","floor":30},{"not_picked":["Clothesline+1","Sword Boomerang","Anger"],"picked":"SKIP","floor":31},{"not_picked":["Double Tap","Fiend Fire"],"picked":"Barricade","floor":33},{"not_picked":["Wild Strike","Anger+1"],"picked":"Pommel Strike+1","floor":35},{"not_picked":["Infernal Blade","Thunderclap","Anger"],"picked":"SKIP","floor":37},{"not_picked":["Blind","Thinking Ahead"],"picked":"Apotheosis","floor":39},{"not_picked":["Body Slam+1","Anger","Clothesline+1"],"picked":"SKIP","floor":40},{"not_picked":["Iron Wave+1","Perfected Strike+1","Pummel+1"],"picked":"SKIP","floor":41},{"not_picked":["Clothesline","Feel No Pain","Immolate"],"picked":"SKIP","floor":42},{"not_picked":["Whirlwind","Thunderclap","Twin Strike+1"],"picked":"SKIP","floor":46},{"not_picked":["Thunderclap","Twin Strike+1"],"picked":"Whirlwind","floor":46},{"not_picked":["Heavy Blade+1","Cleave+1","True Grit+1"],"picked":"SKIP","floor":47},{"not_picked":["Clothesline","Havoc","Flex"],"picked":"SKIP","floor":54}],"player_experience":1175820,"relics_obtained":[{"floor":6,"key":"MawBank"},{"floor":9,"key":"Bag of Marbles"},{"floor":12,"key":"Letter Opener"},{"floor":25,"key":"Self Forming Clay"},{"floor":26,"key":"Ornamental Fan"},{"floor":28,"key":"Mummified Hand"},{"floor":30,"key":"Paper Frog"},{"floor":40,"key":"Darkstone Periapt"},{"floor":42,"key":"Oddly Smooth Stone"},{"floor":47,"key":"Pantograph"},{"floor":54,"key":"Dodecahedron"}],"event_choices":[{"damage_healed":0,"gold_gain":0,"player_choice":"Success","damage_taken":33,"relics_obtained":["The Courier"],"max_hp_gain":0,"max_hp_loss":0,"event_name":"Scrap Ooze","floor":2,"gold_loss":0},{"damage_healed":0,"gold_gain":0,"player_choice":"Shed Blood","damage_taken":20,"max_hp_gain":5,"max_hp_loss":0,"event_name":"Forgotten Altar","floor":20,"gold_loss":0},{"damage_healed":0,"gold_gain":0,"player_choice":"Became a vampire (Vial)","damage_taken":0,"max_hp_gain":0,"max_hp_loss":0,"event_name":"Vampires","floor":22,"relics_lost":["Blood Vial"],"gold_loss":0,"cards_obtained":["Bite","Bite","Bite","Bite","Bite"]},{"damage_healed":0,"gold_gain":0,"player_choice":"Ignored","damage_taken":0,"max_hp_gain":0,"max_hp_loss":0,"event_name":"Ghosts","floor":24,"gold_loss":0},{"damage_healed":0,"gold_gain":0,"player_choice":"Inject Mutagens","damage_taken":0,"relics_obtained":["MutagenicStrength"],"max_hp_gain":0,"max_hp_loss":0,"event_name":"Drug Dealer","floor":27,"gold_loss":0},{"cards_removed":["Bite"],"damage_healed":0,"gold_gain":0,"player_choice":"Removed Attack","damage_taken":0,"max_hp_gain":0,"max_hp_loss":0,"event_name":"Falling","floor":38,"gold_loss":0},{"damage_healed":0,"gold_gain":0,"player_choice":"Memory 3","damage_taken":10,"max_hp_gain":0,"max_hp_loss":0,"event_name":"SensoryStone","floor":39,"gold_loss":0},{"damage_healed":49,"gold_gain":0,"player_choice":"Heal","damage_taken":0,"max_hp_gain":0,"max_hp_loss":0,"event_name":"MindBloom","floor":44,"gold_loss":0,"cards_obtained":["Doubt"]}],"is_beta":true,"boss_relics":[{"not_picked":["Black Star","Runic Cube"],"picked":"Coffee Dripper"},{"not_picked":["Pandora\u0027s Box","Eternal Feather"],"picked":"Astrolabe"}],"items_purged_floors":[4,48],"is_endless":false,"potions_floor_spawned":[5,12,13,14,16,18,21,30,35,37,42,54],"killed_by":"The Heart","ascension_level":0}