{"gold_per_floor":[110,140,153,164,178,178,205,205,232,232,242,257,292,303,303,408,408,421,433,111,26,26,356,356,356,356,368,368,386,4,17,17,121,121,140,140,152,171,191,191,19,19,19,19,54,71,71,71,71,71],"floor_reached":51,"playtime":2309,"items_purged":["Strike_B","Pain"],"score":709,"play_id":"100f78f7-f8d2-4563-ae69-8c6c8adc26fb","local_time":"20190304224257","is_ascension_mode":false,"campfire_choices":[{"data":"Sweeping Beam","floor":6,"key":"SMITH"},{"data":"Zap","floor":8,"key":"SMITH"},{"data":"Capacitor","floor":15,"key":"SMITH"},{"data":"Storm","floor":24,"key":"SMITH"},{"floor":32,"key":"REST"},{"data":"Consume","floor":40,"key":"SMITH"},{"floor":42,"key":"REST"},{"data":"Skim","floor":44,"key":"SMITH"},{"floor":49,"key":"RECALL"}],"neow_cost":"NONE","seed_source_timestamp":421835751433498,"circlet_count":0,"master_deck":["Strike_B","Strike_B","Strike_B","Defend_B","Defend_B","Defend_B","Defend_B","Zap+1","Dualcast","Auto Shields","Sweeping Beam+1","Ball Lightning","Capacitor+1","Cold Snap","Consume+1","Compile Driver","Biased Cognition","Echo Form","Ball Lightning","Undo","Cold Snap","Storm+1","Coolheaded+1","Glacier","Core Surge","FTL+1","Skim+1","Parasite","Rebound+1","Skim+1","Skim"],"relics":["Cracked Core","Tiny Chest","Blood Vial","CultistMask","Mercury Hourglass","Runic Dome","Frozen Eye","Shuriken","Old Coin","Blue Candle","Bottled Lightning","Happy Flower","Sozu","WarpedTongs","Ornamental Fan","Anchor"],"potions_floor_usage":[13,16,23,29,33,33],"damage_taken":[{"damage":0,"enemies":"Small Slimes","floor":1,"turns":3},{"damage":0,"enemies":"Cultist","floor":3,"turns":3},{"damage":0,"enemies":"Jaw Worm","floor":4,"turns":2},{"damage":2,"enemies":"2 Fungi Beasts","floor":5,"turns":3},{"damage":21,"enemies":"Lagavulin","floor":7,"turns":7},{"damage":1,"enemies":"Red Slaver","floor":11,"turns":3},{"damage":0,"enemies":"Large Slime","floor":12,"turns":5},{"damage":20,"enemies":"Gremlin Nob","floor":13,"turns":4},{"damage":0,"enemies":"Exordium Thugs","floor":14,"turns":3},{"damage":23,"enemies":"Hexaghost","floor":16,"turns":7},{"damage":5,"enemies":"Chosen","floor":18,"turns":4},{"damage":3,"enemies":"Spheric Guardian","floor":19,"turns":3},{"damage":33,"enemies":"Book of Stabbing","floor":23,"turns":5},{"damage":13,"enemies":"Chosen and Byrds","floor":27,"turns":4},{"damage":14,"enemies":"Centurion and Healer","floor":29,"turns":4},{"damage":2,"enemies":"Cultist and Chosen","floor":31,"turns":4},{"damage":29,"enemies":"Collector","floor":33,"turns":9},{"damage":8,"enemies":"Orb Walker","floor":35,"turns":4},{"damage":11,"enemies":"3 Darklings","floor":37,"turns":5},{"damage":16,"enemies":"Writhing Mass","floor":38,"turns":5},{"damage":2,"enemies":"Transient","floor":39,"turns":5},{"damage":9,"enemies":"Giant Head","floor":45,"turns":7},{"damage":17,"enemies":"Spire Growth","floor":46,"turns":5},{"damage":25,"enemies":"Awakened One","floor":50,"turns":10}],"seed_played":"1473417619611891803","potions_obtained":[{"floor":1,"key":"FearPotion"},{"floor":4,"key":"EssenceOfSteel"},{"floor":7,"key":"GamblersBrew"},{"floor":11,"key":"SpeedPotion"},{"floor":14,"key":"GamblersBrew"},{"floor":16,"key":"FocusPotion"},{"floor":27,"key":"SkillPotion"},{"floor":31,"key":"SkillPotion"}],"is_trial":false,"path_per_floor":["M","?","M","M","M","R","E","R","T","?","M","M","E","M","R","B",null,"M","M","$","?","$","E","R","?","T","M","?","M","$","M","R","B",null,"M","?","M","M","M","R","$","R","T","R","E","M","$","?","R","B",null],"character_chosen":"DEFECT","items_purchased":["Frozen Eye","Cold Snap","Bottled Lightning","Happy Flower","Skim"],"campfire_rested":2,"item_purchase_floors":[20,20,30,30,41],"current_hp_per_floor":[82,82,82,82,80,80,59,59,59,59,60,62,44,46,46,25,82,77,76,76,76,76,45,45,45,45,34,34,22,22,22,46,19,82,74,74,65,51,51,51,51,75,75,75,68,53,53,53,53,30],"gold":71,"neow_bonus":"TEN_PERCENT_HP_BONUS","is_prod":false,"is_daily":false,"chose_seed":false,"campfire_upgraded":6,"win_rate":0,"timestamp":1551739377,"path_taken":["M","?","?","M","M","R","E","R","T","?","M","M","E","?","R","BOSS","M","?","$","?","$","E","R","?","T","M","?","?","?","M","R","BOSS","M","?","?","M","M","R","$","R","T","R","E","M","$","?","R","BOSS"],"build_version":"2019-02-06","purchased_purges":2,"victory":true,"max_hp_per_floor":[82,82,82,82,82,82,82,82,82,82,82,82,82,82,82,82,82,82,82,82,82,82,82,82,82,82,82,82,82,82,82,82,82,82,82,82,82,82,82,82,82,82,82,82,82,82,82,82,82,82],"card_choices":[{"not_picked":["Hello World","Scrape"],"picked":"Auto Shields","floor":1},{"not_picked":["Barrage","Chaos"],"picked":"Sweeping Beam","floor":3},{"not_picked":["Streamline","Aggregate"],"picked":"Ball Lightning","floor":4},{"not_picked":["Rebound","Recycle"],"picked":"Capacitor","floor":5},{"not_picked":["Rebound","Streamline"],"picked":"Cold Snap","floor":7},{"not_picked":["Stack","Chill"],"picked":"Consume","floor":11},{"not_picked":["Scrape","Hologram"],"picked":"Compile Driver","floor":12},{"not_picked":["Sunder","Go for the Eyes"],"picked":"Biased Cognition","floor":13},{"not_picked":["Steam","Stack","Beam Cell"],"picked":"SKIP","floor":14},{"not_picked":["Electrodynamics","Amplify"],"picked":"Echo Form","floor":16},{"not_picked":["Double Energy","Stack+1"],"picked":"Ball Lightning","floor":18},{"not_picked":["Force Field","Heatsinks"],"picked":"Undo","floor":19},{"not_picked":["Darkness","Fission"],"picked":"Storm","floor":23},{"not_picked":["Leap","Turbo"],"picked":"Coolheaded+1","floor":27},{"not_picked":["Beam Cell","Rebound"],"picked":"Glacier","floor":29},{"not_picked":["Sunder+1","Steam","Streamline"],"picked":"SKIP","floor":31},{"not_picked":["Biased Cognition","Buffer"],"picked":"Core Surge","floor":33},{"not_picked":["Gash","Hologram"],"picked":"FTL+1","floor":35},{"not_picked":["Steam Power+1","Gash"],"picked":"Skim+1","floor":37},{"not_picked":["Redo+1","BootSequence"],"picked":"Rebound+1","floor":38},{"not_picked":["Stack","Rip and Tear+1","Leap"],"picked":"SKIP","floor":39},{"not_picked":["Gash+1","White Noise","Streamline"],"picked":"SKIP","floor":45},{"not_picked":["Force Field","Beam Cell"],"picked":"Skim","floor":46}],"player_experience":1012731,"relics_obtained":[{"floor":7,"key":"Blood Vial"},{"floor":13,"key":"Mercury Hourglass"},{"floor":23,"key":"Old Coin"},{"floor":26,"key":"Blue Candle"},{"floor":43,"key":"Ornamental Fan"},{"floor":45,"key":"Anchor"}],"event_choices":[{"damage_healed":0,"gold_gain":0,"player_choice":"Gave Potion","damage_taken":0,"relics_obtained":["Tiny Chest"],"max_hp_gain":0,"max_hp_loss":0,"event_name":"WeMeetAgain","floor":2,"gold_loss":0},{"damage_healed":0,"gold_gain":0,"player_choice":"Trade","damage_taken":0,"relics_obtained":["CultistMask"],"max_hp_gain":0,"max_hp_loss":0,"event_name":"FaceTrader","floor":10,"gold_loss":0},{"damage_healed":0,"gold_gain":0,"player_choice":"Obtained Relic","damage_taken":0,"relics_obtained":["Shuriken"],"max_hp_gain":0,"max_hp_loss":0,"event_name":"Addict","floor":21,"gold_loss":85},{"damage_healed":0,"gold_gain":0,"player_choice":"Ignored","damage_taken":0,"max_hp_gain":0,"max_hp_loss":0,"event_name":"The Mausoleum","floor":25,"gold_loss":0},{"damage_healed":0,"gold_gain":0,"player_choice":"Ignored","damage_taken":0,"max_hp_gain":0,"max_hp_loss":0,"event_name":"NoteForYourself","floor":28,"gold_loss":0},{"damage_healed":0,"gold_gain":0,"player_choice":"Rummage","damage_taken":0,"relics_obtained":["WarpedTongs"],"max_hp_gain":0,"max_hp_loss":0,"event_name":"Accursed Blacksmith","floor":36,"gold_loss":0,"cards_obtained":["Pain"]},{"damage_healed":0,"gold_gain":0,"player_choice":"Ignored","damage_taken":0,"max_hp_gain":0,"max_hp_loss":0,"event_name":"SecretPortal","floor":48,"gold_loss":0}],"is_beta":true,"boss_relics":[{"not_picked":["Cursed Key","White Beast Statue"],"picked":"Runic Dome"},{"not_picked":["Orrery","Black Star"],"picked":"Sozu"}],"items_purged_floors":[20,41],"is_endless":false,"potions_floor_spawned":[1,4,7,11,14,16,27,31,39,45,46],"ascension_level":0}