{"gold_per_floor":[110,110,110,35,53,67,93,106,161,161,171,205,221,239,239,334,334,345,232,34,51,71,71,81,81,81,92,92,112,112,132,132,132],"floor_reached":33,"playtime":1292,"items_purged":["Pain"],"score":263,"play_id":"ba75849f-030d-4bbd-8d1b-fe452a098b35","local_time":"20190418155111","is_ascension_mode":false,"campfire_choices":[{"data":"Body Slam","floor":10,"key":"SMITH"},{"data":"Bash","floor":15,"key":"SMITH"},{"floor":23,"key":"REST"},{"floor":25,"key":"REST"},{"floor":30,"key":"REST"},{"floor":32,"key":"RECALL"}],"neow_cost":"NONE","seed_source_timestamp":595996021300000,"circlet_count":0,"master_deck":["Strike_R","Strike_R","Strike_R","Strike_R","Defend_R","Defend_R","Defend_R","Defend_R","Bash+1","Headbutt","Body Slam+1","Shrug It Off","Headbutt","True Grit","Shrug It Off+1"],"relics":["Burning Blood","Ancient Tea Set","WarpedTongs","Mummified Hand","Orichalcum","Boot","Fusion Hammer","WingedGreaves","HandDrill","Frozen Egg 2"],"potions_floor_usage":[7,16,24,31,33],"damage_taken":[{"damage":15,"enemies":"Cultist","floor":1,"turns":4},{"damage":0,"enemies":"Small Slimes","floor":5,"turns":3},{"damage":0,"enemies":"2 Louse","floor":6,"turns":3},{"damage":10,"enemies":"3 Sentries","floor":7,"turns":7},{"damage":15,"enemies":"Exordium Thugs","floor":8,"turns":5},{"damage":0,"enemies":"Gremlin Gang","floor":11,"turns":5},{"damage":18,"enemies":"Gremlin Nob","floor":12,"turns":5},{"damage":0,"enemies":"2 Fungi Beasts","floor":13,"turns":4},{"damage":0,"enemies":"Lots of Slimes","floor":14,"turns":5},{"damage":20,"enemies":"Slime Boss","floor":16,"turns":14},{"damage":0,"enemies":"Chosen","floor":18,"turns":4},{"damage":4,"enemies":"Shell Parasite","floor":21,"turns":4},{"damage":27,"enemies":"Sentry and Sphere","floor":22,"turns":7},{"damage":14,"enemies":"Snake Plant","floor":24,"turns":4},{"damage":24,"enemies":"Cultist and Chosen","floor":27,"turns":6},{"damage":10,"enemies":"3 Cultists","floor":29,"turns":6},{"damage":0,"enemies":"Shelled Parasite and Fungi","floor":31,"turns":6},{"damage":96,"enemies":"Automaton","floor":33,"turns":12}],"seed_played":"-6847123138993093018","potions_obtained":[{"floor":5,"key":"Fire Potion"},{"floor":6,"key":"SmokeBomb"},{"floor":12,"key":"Swift Potion"},{"floor":16,"key":"Strength Potion"},{"floor":21,"key":"Block Potion"},{"floor":24,"key":"GamblersBrew"},{"floor":31,"key":"Fruit Juice"}],"is_trial":false,"path_per_floor":["M","?","?","$","M","M","E","M","T","R","M","E","M","M","R","B",null,"M","?","$","M","M","R","M","R","T","M","?","M","R","M","R","B"],"character_chosen":"IRONCLAD","items_purchased":["HandDrill"],"campfire_rested":3,"item_purchase_floors":[20],"current_hp_per_floor":[71,64,64,64,70,76,72,63,63,63,69,57,63,69,69,55,80,80,80,80,80,59,80,72,80,80,62,62,58,80,85,85,0],"gold":132,"neow_bonus":"RANDOM_COMMON_RELIC","is_prod":false,"is_daily":false,"chose_seed":false,"campfire_upgraded":2,"win_rate":0,"timestamp":1555595471,"path_taken":["M","?","?","$","M","M","E","M","T","R","M","E","?","M","R","BOSS","M","?","?","?","M","R","M","R","T","?","?","M","R","M","R","BOSS"],"build_version":"2019-01-23","purchased_purges":1,"victory":false,"max_hp_per_floor":[80,80,80,80,80,80,80,80,80,80,80,80,80,80,80,80,80,80,80,80,80,80,80,80,80,80,80,80,80,80,85,85,85],"card_choices":[{"not_picked":["Cleave","Heavy Blade"],"picked":"Headbutt","floor":1},{"not_picked":["Armaments","Reckless Charge","Feel No Pain"],"picked":"SKIP","floor":5},{"not_picked":["Battle Trance","Perfected Strike"],"picked":"Body Slam","floor":6},{"not_picked":["Cleave","Whirlwind"],"picked":"Shrug It Off","floor":7},{"not_picked":["Feel No Pain","Armaments"],"picked":"Headbutt","floor":8},{"not_picked":["Dual Wield","Power Through","Clash"],"picked":"SKIP","floor":11},{"not_picked":["Limit Break","Combust","Battle Trance"],"picked":"SKIP","floor":12},{"not_picked":["Twin Strike","Warcry","Uppercut"],"picked":"SKIP","floor":13},{"not_picked":["Perfected Strike","Armaments","Blood for Blood"],"picked":"SKIP","floor":14},{"not_picked":["Warcry+1","Pommel Strike","Wild Strike"],"picked":"SKIP","floor":18},{"not_picked":["Limit Break","Blood for Blood+1","Hemokinesis"],"picked":"SKIP","floor":21},{"not_picked":["Limit Break","Blood for Blood+1","Hemokinesis"],"picked":"SKIP","floor":21},{"not_picked":["Wild Strike+1","Corruption"],"picked":"True Grit","floor":22},{"not_picked":["Iron Wave","Clothesline"],"picked":"Shrug It Off+1","floor":24},{"not_picked":["Impervious","Sentinel","Armaments"],"picked":"SKIP","floor":27},{"not_picked":["Sword Boomerang+1","Rage","Whirlwind"],"picked":"SKIP","floor":29},{"not_picked":["Pommel Strike","Ghostly Armor","Thunderclap"],"picked":"SKIP","floor":31}],"player_experience":601312,"relics_obtained":[{"floor":7,"key":"Mummified Hand"},{"floor":9,"key":"Orichalcum"},{"floor":12,"key":"Boot"},{"floor":26,"key":"Frozen Egg 2"}],"event_choices":[{"cards_removed":["Strike_R"],"damage_healed":0,"gold_gain":0,"player_choice":"Card Removal","damage_taken":7,"max_hp_gain":0,"max_hp_loss":0,"event_name":"Golden Wing","floor":2,"gold_loss":0},{"damage_healed":0,"gold_gain":0,"player_choice":"Rummage","damage_taken":0,"relics_obtained":["WarpedTongs"],"max_hp_gain":0,"max_hp_loss":0,"event_name":"Accursed Blacksmith","floor":3,"gold_loss":0,"cards_obtained":["Pain"]},{"damage_healed":0,"gold_gain":0,"player_choice":"Paid Gold","damage_taken":0,"relics_obtained":["WingedGreaves"],"max_hp_gain":0,"max_hp_loss":0,"event_name":"WeMeetAgain","floor":19,"gold_loss":113},{"damage_healed":0,"gold_gain":0,"player_choice":"Ignored","damage_taken":0,"max_hp_gain":0,"max_hp_loss":0,"event_name":"NoteForYourself","floor":28,"gold_loss":0}],"is_beta":false,"boss_relics":[{"not_picked":["Busted Crown","Runic Pyramid"],"picked":"Fusion Hammer"}],"items_purged_floors":[4],"is_endless":false,"potions_floor_spawned":[5,6,12,16,21,22,24,31],"killed_by":"Automaton","ascension_level":0}