{"gold_per_floor":[115,36,36,36,56,87,87,122,174,209,220,220,220,23,23,121,171,182,192,192,192,192],"floor_reached":22,"playtime":812,"items_purged":[],"score":270,"play_id":"f6774a25-49fe-40e5-b794-aebf288a227e","local_time":"20181231154536","is_ascension_mode":true,"campfire_choices":[{"data":"Blade Dance","floor":7,"key":"SMITH"},{"floor":12,"key":"REST"},{"data":"Dramatic Entrance","floor":15,"key":"SMITH"}],"neow_cost":"NONE","seed_source_timestamp":846919182770946,"circlet_count":0,"master_deck":["Defend_G+1","Defend_G","Defend_G","Defend_G","Defend_G","Strike_G","Strike_G","Strike_G","Strike_G+1","Strike_G","Survivor+1","Neutralize","Blade Dance+1","Backflip","Backflip","Outmaneuver","Envenom+1","Outmaneuver+1","Blade Dance","Footwork+1","Dramatic Entrance+1","Bullet Time","Slice","Well Laid Plans+1","Cloak And Dagger+1"],"relics":["Ring of the Snake","NeowsBlessing","Oddly Smooth Stone","Potion Belt","Bottled Flame","Orichalcum","Frozen Egg 2","Tiny House"],"potions_floor_usage":[8,18,20,20],"damage_taken":[{"damage":0,"enemies":"Small Slimes","floor":1,"turns":1},{"damage":0,"enemies":"Jaw Worm","floor":5,"turns":1},{"damage":0,"enemies":"3 Sentries","floor":6,"turns":1},{"damage":8,"enemies":"Gremlin Nob","floor":8,"turns":3},{"damage":14,"enemies":"3 Sentries","floor":10,"turns":13},{"damage":0,"enemies":"Cultist","floor":11,"turns":3},{"damage":37,"enemies":"The Guardian","floor":16,"turns":13},{"damage":0,"enemies":"3 Byrds","floor":18,"turns":5},{"damage":32,"enemies":"Shell Parasite","floor":19,"turns":7},{"damage":2,"enemies":"Colosseum Slavers","floor":20,"turns":4},{"damage":31,"enemies":"Cultist and Chosen","floor":22,"turns":8}],"seed_played":"-970283784392500256","potions_obtained":[{"floor":6,"key":"SkillPotion"},{"floor":11,"key":"FearPotion"},{"floor":17,"key":"LiquidBronze"},{"floor":19,"key":"SteroidPotion"}],"is_trial":false,"path_per_floor":["M","$","?","?","M","E","R","E","T","E","M","R","?","$","R","B",null,"M","M","?","?","M"],"character_chosen":"THE_SILENT","items_purchased":["Footwork","Blade Dance","Footwork+1","Dramatic Entrance"],"campfire_rested":1,"item_purchase_floors":[2,14,14,14],"current_hp_per_floor":[70,70,56,56,56,56,56,48,48,34,34,55,55,55,55,18,75,75,43,41,27,0],"gold":192,"neow_bonus":"THREE_ENEMY_KILL","is_prod":false,"is_daily":false,"chose_seed":false,"campfire_upgraded":2,"win_rate":0,"timestamp":1546281936,"path_taken":["M","$","?","?","M","E","R","E","T","E","?","R","?","$","R","BOSS","M","M","?","?","M"],"build_version":"2018-12-20","purchased_purges":0,"victory":false,"max_hp_per_floor":[70,70,70,70,70,70,70,70,70,70,70,70,70,70,70,70,75,75,75,75,80,80],"card_choices":[{"not_picked":["Deflect","Underhanded Strike"],"picked":"Blade Dance","floor":1},{"not_picked":["Masterful Stab","Underhanded Strike"],"picked":"Backflip","floor":5},{"not_picked":["Masterful Stab","Outmaneuver"],"picked":"Backflip","floor":6},{"not_picked":["Poisoned Stab","Underhanded Strike"],"picked":"Outmaneuver","floor":8},{"not_picked":["Deflect","Poisoned Stab"],"picked":"Envenom","floor":10},{"not_picked":["Underhanded Strike","Deflect"],"picked":"Outmaneuver","floor":11},{"not_picked":["Malaise","Doppelganger"],"picked":"Bullet Time","floor":16},{"not_picked":["Acrobatics","Sucker Punch"],"picked":"Slice","floor":17},{"not_picked":["All Out Attack","Slice"],"picked":"Well Laid Plans+1","floor":18},{"not_picked":["Acrobatics","Malaise"],"picked":"Cloak And Dagger+1","floor":19}],"player_experience":588856,"relics_obtained":[{"floor":6,"key":"Potion Belt"},{"floor":8,"key":"Bottled Flame"},{"floor":9,"key":"Orichalcum"},{"floor":10,"key":"Frozen Egg 2"}],"event_choices":[{"damage_healed":0,"gold_gain":0,"player_choice":"Entered Light","damage_taken":14,"max_hp_gain":0,"max_hp_loss":0,"event_name":"Shining Light","floor":3,"gold_loss":0,"cards_upgraded":["Defend_G","Survivor"]},{"cards_removed":["Footwork"],"damage_healed":0,"gold_gain":0,"player_choice":"Gave Card","damage_taken":0,"relics_obtained":["Oddly Smooth Stone"],"max_hp_gain":0,"max_hp_loss":0,"event_name":"WeMeetAgain","floor":4,"gold_loss":0},{"damage_healed":0,"gold_gain":0,"player_choice":"Grow","damage_taken":0,"max_hp_gain":0,"max_hp_loss":0,"event_name":"Living Wall","floor":13,"gold_loss":0,"cards_upgraded":["Outmaneuver"]},{"damage_healed":0,"gold_gain":0,"player_choice":"Fight","damage_taken":0,"max_hp_gain":0,"max_hp_loss":0,"event_name":"Colosseum","floor":20,"gold_loss":0},{"damage_healed":0,"gold_gain":0,"player_choice":"Fled From Nobs","damage_taken":0,"max_hp_gain":0,"max_hp_loss":0,"event_name":"Colosseum","floor":20,"gold_loss":0},{"damage_healed":0,"gold_gain":0,"player_choice":"Shed Blood","damage_taken":19,"max_hp_gain":5,"max_hp_loss":0,"event_name":"Forgotten Altar","floor":21,"gold_loss":0}],"is_beta":false,"boss_relics":[{"not_picked":["White Beast Statue","Coffee Dripper"],"picked":"Tiny House"}],"items_purged_floors":[],"is_endless":false,"potions_floor_spawned":[6,11,19],"killed_by":"Cultist and Chosen","ascension_level":4}