{"gold_per_floor":[112,112,187,362,24,49,61,61,61,75,105,5,5,30,30,129,129,146,159,179,179,179,214,25,50,50,84,102,45,57,84,84,184,184,202,202,212,212,229,256,270,301,301,321,353,370,395,442,442,442,442,442,47,74,74],"floor_reached":56,"playtime":4683,"items_purged":["Doubt","Strike_G","Writhe"],"score":1599,"play_id":"322d2e74-04d2-4816-9070-ed6ef155e829","local_time":"20190408102427","is_ascension_mode":true,"campfire_choices":[{"data":"Catalyst","floor":8,"key":"SMITH"},{"data":"Noxious Fumes","floor":15,"key":"SMITH"},{"data":"Noxious Fumes","floor":32,"key":"SMITH"},{"floor":49,"key":"RECALL"},{"data":"Wraith Form v2","floor":52,"key":"SMITH"}],"neow_cost":"NONE","seed_source_timestamp":2384935582288362,"circlet_count":0,"master_deck":["Defend_G","Defend_G","Defend_G","Defend_G","Strike_G","Strike_G","Strike_G","Strike_G","Survivor","Neutralize+1","Dash","Footwork","Deadly Poison","Catalyst+1","Poisoned Stab","Noxious Fumes+1","Backflip","PiercingWail","Crippling Poison","Tools of the Trade","Corpse Explosion","Backflip","Noxious Fumes+1","Backflip","Acrobatics","Footwork","Escape Plan","Footwork","Tactician","Dodge and Roll","PiercingWail","Deflect","Backstab+1","Deflect","Malaise","Dash+1","Acrobatics+1","Bouncing Flask","Impatience","Catalyst","Expertise","Acrobatics+1","Dodge and Roll+1","Cloak And Dagger+1","Expertise+1","Dodge and Roll+1","PiercingWail+1","Wraith Form v2+1","Escape Plan+1","Prepared+1","Prepared+1"],"relics":["Ring of the Snake","NeowsBlessing","PreservedInsect","Happy Flower","Prayer Wheel","The Courier","Centennial Puzzle","Runic Dome","Ninja Scroll","Strawberry","Bottled Lightning","Art of War","Du-Vu Doll","Snake Skull","Philosopher\u0027s Stone","Toxic Egg 2","The Specimen","Nunchaku","Blood Vial","Torii","Chemical X","Paper Crane"],"potions_floor_usage":[14,14,20,23,27,33,35,41,41,46,48,48,50,53,55,55,55],"damage_taken":[{"damage":0,"enemies":"Small Slimes","floor":1,"turns":1},{"damage":0,"enemies":"Lagavulin","floor":6,"turns":1},{"damage":0,"enemies":"2 Louse","floor":7,"turns":1},{"damage":0,"enemies":"Jaw Worm","floor":10,"turns":4},{"damage":0,"enemies":"3 Sentries","floor":11,"turns":6},{"damage":0,"enemies":"Lagavulin","floor":14,"turns":3},{"damage":24,"enemies":"The Guardian","floor":16,"turns":9},{"damage":5,"enemies":"Chosen","floor":18,"turns":5},{"damage":3,"enemies":"Spheric Guardian","floor":19,"turns":4},{"damage":9,"enemies":"Centurion and Healer","floor":20,"turns":4},{"damage":3,"enemies":"Gremlin Leader","floor":23,"turns":5},{"damage":5,"enemies":"Book of Stabbing","floor":25,"turns":5},{"damage":0,"enemies":"Gremlin Leader","floor":27,"turns":6},{"damage":10,"enemies":"Snake Plant","floor":28,"turns":5},{"damage":0,"enemies":"Snecko","floor":30,"turns":4},{"damage":0,"enemies":"Book of Stabbing","floor":31,"turns":6},{"damage":26,"enemies":"Collector","floor":33,"turns":8},{"damage":13,"enemies":"3 Darklings","floor":35,"turns":4},{"damage":0,"enemies":"Orb Walker","floor":37,"turns":5},{"damage":0,"enemies":"Jaw Worm Horde","floor":39,"turns":2},{"damage":2,"enemies":"Giant Head","floor":40,"turns":5},{"damage":0,"enemies":"3 Darklings","floor":41,"turns":3},{"damage":12,"enemies":"Reptomancer","floor":42,"turns":6},{"damage":10,"enemies":"Spire Growth","floor":44,"turns":5},{"damage":9,"enemies":"Giant Head","floor":45,"turns":7},{"damage":16,"enemies":"Writhing Mass","floor":46,"turns":5},{"damage":0,"enemies":"Nemesis","floor":47,"turns":7},{"damage":0,"enemies":"2 Orb Walkers","floor":48,"turns":3},{"damage":9,"enemies":"Awakened One","floor":50,"turns":13},{"damage":7,"enemies":"Shield and Spear","floor":54,"turns":5},{"damage":42,"enemies":"The Heart","floor":55,"turns":9}],"seed_played":"1900226742769983963","potions_obtained":[{"floor":1,"key":"Regen Potion"},{"floor":10,"key":"SteroidPotion"},{"floor":11,"key":"SkillPotion"},{"floor":20,"key":"SteroidPotion"},{"floor":25,"key":"Fire Potion"},{"floor":27,"key":"SpeedPotion"},{"floor":31,"key":"GamblersBrew"},{"floor":33,"key":"SteroidPotion"},{"floor":37,"key":"Explosive Potion"},{"floor":39,"key":"Dexterity Potion"},{"floor":42,"key":"Fire Potion"},{"floor":44,"key":"Energy Potion"},{"floor":46,"key":"PowerPotion"},{"floor":47,"key":"Explosive Potion"},{"floor":48,"key":"Regen Potion"}],"is_trial":false,"path_per_floor":["M","?","?","?","$","E","M","R","T","M","E","$","?","E","R","B",null,"M","M","M","?","?","E","$","E","T","E","M","$","M","E","R","B",null,"M","?","M","?","M","E","M","E","T","M","E","M","E","?","R","B",null,"R","$","E","B",null],"character_chosen":"THE_SILENT","items_purchased":["Footwork","Deadly Poison","Catalyst","Poisoned Stab","AttackPotion","Escape Plan","Footwork","Deflect","Fire Potion","Chemical X","LiquidBronze","EssenceOfSteel","Fruit Juice","PowerPotion"],"campfire_rested":0,"item_purchase_floors":[5,5,5,5,5,24,24,29,29,53,53,53,53,53],"current_hp_per_floor":[70,63,52,52,52,52,52,52,52,52,52,52,49,49,49,25,70,65,62,65,65,65,69,69,64,64,64,54,54,54,54,54,28,77,64,64,64,64,64,62,62,50,50,40,31,15,15,17,17,25,77,77,82,75,35],"gold":74,"neow_bonus":"THREE_ENEMY_KILL","is_prod":false,"is_daily":false,"chose_seed":false,"campfire_upgraded":4,"win_rate":0,"timestamp":1554733467,"path_taken":["M","?","?","?","$","E","M","R","T","?","E","$","?","E","R","BOSS","M","M","M","?","?","E","$","E","T","E","?","?","M","E","R","BOSS","M","?","M","?","M","E","M","E","T","M","E","M","E","?","R","BOSS","R","$","E","BOSS"],"build_version":"2019-04-04","purchased_purges":3,"victory":true,"max_hp_per_floor":[70,70,70,70,70,70,70,70,70,70,70,70,70,70,70,70,70,70,70,70,70,70,77,77,77,77,77,77,77,77,77,77,77,77,77,77,77,77,77,77,77,77,77,77,77,77,77,77,77,77,77,77,82,82,82],"card_choices":[{"not_picked":["Underhanded Strike","Dagger Spray"],"picked":"Dash","floor":1},{"not_picked":["Backflip","Prepared"],"picked":"Noxious Fumes","floor":6},{"not_picked":["Skewer","Underhanded Strike"],"picked":"Backflip","floor":7},{"not_picked":["Cloak And Dagger","Flying Knee"],"picked":"PiercingWail","floor":10},{"not_picked":["Quick Slash","Endless Agony"],"picked":"Crippling Poison","floor":11},{"not_picked":["Bane","Tactician"],"picked":"Tools of the Trade","floor":14},{"not_picked":["After Image","Bullet Time"],"picked":"Corpse Explosion","floor":16},{"not_picked":["Crippling Poison","Acrobatics"],"picked":"Backflip","floor":18},{"not_picked":["Underhanded Strike","All Out Attack","Noxious Fumes"],"picked":"SKIP","floor":18},{"not_picked":["Quick Slash","Crippling Poison"],"picked":"Noxious Fumes","floor":19},{"not_picked":["Riddle With Holes","Dagger Throw+1","Quick Slash"],"picked":"SKIP","floor":19},{"not_picked":["Dagger Spray","Dagger Throw"],"picked":"Backflip","floor":20},{"not_picked":["Underhanded Strike","Dagger Spray"],"picked":"Acrobatics","floor":20},{"not_picked":["Finisher","Poisoned Stab"],"picked":"Footwork","floor":23},{"not_picked":["Dagger Throw","Grand Finale"],"picked":"Tactician","floor":25},{"not_picked":["Slice","Quick Slash+1","Dagger Throw"],"picked":"SKIP","floor":27},{"not_picked":["PiercingWail","Dagger Spray"],"picked":"Dodge and Roll","floor":28},{"not_picked":["Eviscerate+1","Bane"],"picked":"PiercingWail","floor":28},{"not_picked":["Skewer+1","Bane"],"picked":"Backstab+1","floor":30},{"not_picked":["Terror","Infinite Blades","Quick Slash"],"picked":"SKIP","floor":30},{"not_picked":["Storm of Steel","Crippling Poison"],"picked":"Deflect","floor":31},{"not_picked":["Envenom","A Thousand Cuts"],"picked":"Malaise","floor":33},{"not_picked":["Slice+1","Underhanded Strike+1"],"picked":"Dash+1","floor":35},{"not_picked":["Dagger Throw+1","Flechettes+1","PiercingWail+1"],"picked":"SKIP","floor":35},{"not_picked":["Cloak And Dagger","Riddle With Holes+1"],"picked":"Acrobatics+1","floor":37},{"not_picked":["Bane+1","Heel Hook"],"picked":"Bouncing Flask","floor":37},{"not_picked":["Forethought","Bandage Up"],"picked":"Impatience","floor":38},{"not_picked":["Backflip","Dagger Spray"],"picked":"Catalyst","floor":39},{"not_picked":["Dodge and Roll","Eviscerate+1"],"picked":"Expertise","floor":39},{"not_picked":["All Out Attack","Bouncing Flask"],"picked":"Acrobatics","floor":40},{"not_picked":["Flying Knee","PiercingWail+1"],"picked":"Dodge and Roll+1","floor":41},{"not_picked":["Quick Slash+1","Outmaneuver+1"],"picked":"Cloak And Dagger+1","floor":41},{"not_picked":["Flechettes+1","Die Die Die"],"picked":"Expertise+1","floor":42},{"not_picked":["Blade Dance+1","Setup+1"],"picked":"Dodge and Roll+1","floor":44},{"not_picked":["Bane+1","Dagger Throw+1"],"picked":"PiercingWail+1","floor":44},{"not_picked":["Blade Dance+1","Finisher"],"picked":"Wraith Form v2","floor":45},{"not_picked":["Catalyst+1","Backstab+1"],"picked":"Escape Plan+1","floor":46},{"not_picked":["Cloak And Dagger+1","Slice+1","Noxious Fumes+1"],"picked":"SKIP","floor":46},{"not_picked":["Concentrate+1","Slice"],"picked":"Prepared+1","floor":47},{"not_picked":["Noxious Fumes+1","Dagger Throw"],"picked":"Prepared+1","floor":54}],"player_experience":5213444,"relics_obtained":[{"floor":6,"key":"PreservedInsect"},{"floor":9,"key":"Happy Flower"},{"floor":11,"key":"Prayer Wheel"},{"floor":14,"key":"Centennial Puzzle"},{"floor":23,"key":"Strawberry"},{"floor":25,"key":"Bottled Lightning"},{"floor":26,"key":"Art of War"},{"floor":27,"key":"Du-Vu Doll"},{"floor":31,"key":"Snake Skull"},{"floor":40,"key":"Toxic Egg 2"},{"floor":42,"key":"The Specimen"},{"floor":45,"key":"Nunchaku"},{"floor":47,"key":"Blood Vial"},{"floor":48,"key":"Torii"},{"floor":54,"key":"Paper Crane"}],"event_choices":[{"cards_removed":["Defend_G"],"damage_healed":0,"gold_gain":0,"player_choice":"Card Removal","damage_taken":7,"max_hp_gain":0,"max_hp_loss":0,"event_name":"Golden Wing","floor":2,"gold_loss":0},{"damage_healed":0,"gold_gain":75,"player_choice":"Gather Gold","damage_taken":11,"max_hp_gain":0,"max_hp_loss":0,"event_name":"World of Goop","floor":3,"gold_loss":0},{"damage_healed":0,"gold_gain":175,"player_choice":"AGREE","damage_taken":0,"max_hp_gain":0,"max_hp_loss":0,"event_name":"Liars Game","floor":4,"gold_loss":0,"cards_obtained":["Doubt"]},{"damage_healed":0,"gold_gain":0,"player_choice":"Success","damage_taken":3,"relics_obtained":["The Courier"],"max_hp_gain":0,"max_hp_loss":0,"event_name":"Scrap Ooze","floor":13,"gold_loss":0},{"damage_healed":0,"gold_gain":0,"player_choice":"Opened","damage_taken":0,"relics_obtained":["Ninja Scroll"],"max_hp_gain":0,"max_hp_loss":0,"event_name":"The Mausoleum","floor":21,"gold_loss":0,"cards_obtained":["Writhe"]},{"damage_healed":0,"gold_gain":0,"player_choice":"Upgraded","damage_taken":0,"max_hp_gain":0,"max_hp_loss":0,"event_name":"Upgrade Shrine","floor":22,"gold_loss":0,"cards_upgraded":["Neutralize"]},{"damage_healed":0,"gold_gain":0,"player_choice":"Ignored","damage_taken":0,"max_hp_gain":0,"max_hp_loss":0,"event_name":"Tomb of Lord Red Mask","floor":36,"gold_loss":0},{"damage_healed":0,"gold_gain":0,"player_choice":"Memory 1","damage_taken":0,"max_hp_gain":0,"max_hp_loss":0,"event_name":"SensoryStone","floor":38,"gold_loss":0},{"damage_healed":0,"gold_gain":0,"player_choice":"Fight","damage_taken":0,"max_hp_gain":0,"max_hp_loss":0,"event_name":"Mysterious Sphere","floor":48,"gold_loss":0}],"is_beta":true,"boss_relics":[{"not_picked":["Velvet Choker","Black Star"],"picked":"Runic Dome"},{"not_picked":["White Beast Statue","Sozu"],"picked":"Philosopher\u0027s Stone"}],"items_purged_floors":[5,12,24],"is_endless":false,"potions_floor_spawned":[1,10,11,20,25,27,31,33,37,39,42,44,46,47,48,54],"ascension_level":1}