{"gold_per_floor":[114,114,114,114,127,127,25,25,25,25,58,75,88,121,121,196,196,208,218,235,235,235,235,269,269,269,289,307,307,321,337,337,414,414,425,325,342,35,35,35,35],"floor_reached":41,"playtime":1642,"items_purged":["Strike_G","Infinite Blades"],"score":762,"play_id":"88f5e218-7594-4cf7-af1e-050af878b04d","local_time":"20190421092741","is_ascension_mode":true,"campfire_choices":[{"data":"Noxious Fumes","floor":6,"key":"SMITH"},{"data":"Neutralize","floor":8,"key":"SMITH"},{"floor":15,"key":"REST"},{"floor":23,"key":"REST"},{"floor":25,"key":"REST"},{"floor":29,"key":"REST"},{"floor":32,"key":"REST"},{"floor":40,"key":"REST"}],"neow_cost":"NONE","seed_source_timestamp":847178928556337,"circlet_count":0,"master_deck":["AscendersBane","Survivor","Neutralize+1","Noxious Fumes+1","Noxious Fumes+1","Acrobatics","Escape Plan","Catalyst","Predator","Burst","Dash","After Image","Deadly Poison","Crippling Poison","Adrenaline","Malaise","Flechettes","Bouncing Flask","Cloak And Dagger","Bouncing Flask","Catalyst","Bullet Time","Riddle With Holes"],"relics":["Ring of the Snake","NeowsBlessing","Question Card","PreservedInsect","Shovel","Ninja Scroll","Velvet Choker","Darkstone Periapt","Du-Vu Doll","Pandora\u0027s Box","Bird Faced Urn"],"potions_floor_usage":[13,22,30,33,33,35,41,41,41,41],"damage_taken":[{"damage":0,"enemies":"Small Slimes","floor":1,"turns":1},{"damage":0,"enemies":"Jaw Worm","floor":5,"turns":1},{"damage":0,"enemies":"3 Sentries","floor":11,"turns":1},{"damage":0,"enemies":"Cultist","floor":12,"turns":4},{"damage":7,"enemies":"Lots of Slimes","floor":13,"turns":2},{"damage":33,"enemies":"Gremlin Nob","floor":14,"turns":5},{"damage":17,"enemies":"Hexaghost","floor":16,"turns":8},{"damage":17,"enemies":"Chosen","floor":18,"turns":6},{"damage":12,"enemies":"3 Byrds","floor":19,"turns":4},{"damage":11,"enemies":"Snecko","floor":20,"turns":6},{"damage":0,"enemies":"Snake Plant","floor":22,"turns":1},{"damage":18,"enemies":"Book of Stabbing","floor":24,"turns":5},{"damage":2,"enemies":"Centurion and Healer","floor":27,"turns":6},{"damage":3,"enemies":"Chosen and Byrds","floor":28,"turns":4},{"damage":14,"enemies":"Snake Plant","floor":30,"turns":5},{"damage":12,"enemies":"Snecko","floor":31,"turns":4},{"damage":30,"enemies":"Collector","floor":33,"turns":6},{"damage":36,"enemies":"3 Darklings","floor":35,"turns":5},{"damage":15,"enemies":"Orb Walker","floor":37,"turns":5},{"damage":40,"enemies":"Nemesis","floor":41,"turns":2}],"seed_played":"8716643509869575401","potions_obtained":[{"floor":11,"key":"AttackPotion"},{"floor":16,"key":"SmokeBomb"},{"floor":19,"key":"PowerPotion"},{"floor":20,"key":"Poison Potion"},{"floor":27,"key":"Block Potion"},{"floor":31,"key":"Energy Potion"},{"floor":33,"key":"Fire Potion"},{"floor":37,"key":"FearPotion"},{"floor":39,"key":"EntropicBrew"}],"is_trial":false,"path_per_floor":["M","?","?","?","M","R","$","R","T","$","E","M","M","E","R","B",null,"M","M","M","?","M","R","E","R","T","M","M","R","M","M","R","B",null,"M","$","M","$","?","R","E"],"character_chosen":"THE_SILENT","items_purchased":["Acrobatics","Bird Faced Urn"],"campfire_rested":6,"item_purchase_floors":[7,38],"current_hp_per_floor":[59,26,26,48,48,48,48,48,48,48,48,48,41,8,27,10,52,35,23,12,12,12,31,13,32,32,30,27,46,32,20,39,9,52,16,16,1,1,1,20,0],"gold":35,"neow_bonus":"THREE_ENEMY_KILL","is_prod":false,"is_daily":false,"chose_seed":false,"campfire_upgraded":2,"win_rate":0,"timestamp":1555849661,"path_taken":["M","?","?","?","M","R","$","R","T","$","E","M","?","E","R","BOSS","M","M","M","?","M","R","E","R","T","M","M","R","M","M","R","BOSS","M","$","M","$","?","R","E"],"build_version":"2019-01-23","purchased_purges":2,"victory":false,"max_hp_per_floor":[66,66,66,66,66,66,66,66,66,66,66,66,66,66,66,66,66,66,66,66,66,66,66,66,66,66,66,66,66,66,66,66,66,66,66,66,66,66,66,66,66],"card_choices":[{"not_picked":["Quick Slash","Deflect"],"picked":"Noxious Fumes","floor":1},{"not_picked":["Poisoned Stab","Flying Knee","Expertise"],"picked":"Noxious Fumes","floor":5},{"not_picked":["Calculated Gamble","Heel Hook","Dodge and Roll"],"picked":"Escape Plan","floor":11},{"not_picked":["Endless Agony","Underhanded Strike","Tactician","Grand Finale"],"picked":"SKIP","floor":12},{"not_picked":["Sucker Punch","Dagger Spray","Backflip"],"picked":"Catalyst","floor":13},{"not_picked":["Accuracy","Slice","Storm of Steel"],"picked":"Predator","floor":14},{"not_picked":["Bullet Time","Tools of the Trade","Grand Finale"],"picked":"Burst","floor":16},{"not_picked":["Slice+1","Poisoned Stab","Outmaneuver"],"picked":"Dash","floor":18},{"not_picked":["PiercingWail","Dagger Spray","Dodge and Roll"],"picked":"After Image","floor":19},{"not_picked":["Dagger Throw","Underhanded Strike","Acrobatics"],"picked":"Deadly Poison","floor":20},{"not_picked":["Slice","Dagger Spray+1","Outmaneuver","Finisher"],"picked":"SKIP","floor":24},{"not_picked":["Prepared","Masterful Stab","Backflip","Blade Dance"],"picked":"SKIP","floor":27},{"not_picked":["Deflect+1","Dagger Throw","Dagger Spray"],"picked":"Adrenaline","floor":28},{"not_picked":["Flechettes+1","Deflect","Blade Dance","Caltrops"],"picked":"SKIP","floor":30},{"not_picked":["Poisoned Stab","Skewer","Finisher","Endless Agony"],"picked":"SKIP","floor":31},{"not_picked":["Venomology","Adrenaline","Glass Knife"],"picked":"Malaise","floor":33},{"not_picked":["Eviscerate","Setup","Blade Dance+1","Distraction"],"picked":"SKIP","floor":35},{"not_picked":["Outmaneuver","Endless Agony","Flechettes+1","Prepared"],"picked":"SKIP","floor":37}],"player_experience":1174022,"relics_obtained":[{"floor":9,"key":"PreservedInsect"},{"floor":11,"key":"Shovel"},{"floor":14,"key":"Ninja Scroll"},{"floor":24,"key":"Darkstone Periapt"},{"floor":26,"key":"Du-Vu Doll"}],"event_choices":[{"damage_healed":0,"gold_gain":0,"player_choice":"Success","damage_taken":33,"relics_obtained":["Question Card"],"max_hp_gain":0,"max_hp_loss":0,"event_name":"Scrap Ooze","floor":2,"gold_loss":0},{"damage_healed":0,"gold_gain":0,"player_choice":"Grow","damage_taken":0,"max_hp_gain":0,"max_hp_loss":0,"event_name":"Living Wall","floor":3,"gold_loss":0,"cards_upgraded":["Noxious Fumes"]},{"damage_healed":22,"gold_gain":0,"player_choice":"Banana","damage_taken":0,"max_hp_gain":0,"max_hp_loss":0,"event_name":"Big Fish","floor":4,"gold_loss":0},{"damage_healed":0,"gold_gain":0,"cards_transformed":["Strike_G"],"player_choice":"Transformed","damage_taken":0,"max_hp_gain":0,"max_hp_loss":0,"event_name":"Transmorgrifier","floor":21,"gold_loss":0,"cards_obtained":["Crippling Poison"]},{"damage_healed":0,"gold_gain":0,"player_choice":"Got Potions","damage_taken":0,"max_hp_gain":0,"max_hp_loss":0,"event_name":"Lab","floor":39,"gold_loss":0}],"is_beta":false,"boss_relics":[{"not_picked":["WristBlade","Ectoplasm"],"picked":"Velvet Choker"},{"not_picked":["Runic Dome","Coffee Dripper"],"picked":"Pandora\u0027s Box"}],"items_purged_floors":[7,36],"is_endless":false,"potions_floor_spawned":[11,16,19,20,22,27,31,33,37],"killed_by":"Nemesis","ascension_level":14}