{"gold_per_floor":[110,110,35,310,325,353,353,353,376,407,427,455,475,475],"floor_reached":14,"playtime":282,"items_purged":["Regret"],"score":183,"play_id":"97e01c9f-08fb-44d9-bec8-e6b2b43c7007","local_time":"20190206114616","is_ascension_mode":true,"campfire_choices":[{"data":"Creative AI","floor":7,"key":"SMITH"}],"neow_cost":"NONE","seed_source_timestamp":63660670532512,"circlet_count":0,"master_deck":["Strike_B","Strike_B","Strike_B","Strike_B","Defend_B","Defend_B","Defend_B","Defend_B","Zap","Dualcast","Sweeping Beam","Leap","Creative AI+1","Double Energy","Loop","Conserve Battery","Gash"],"relics":["Cracked Core","NeowsBlessing","Pear","Juzu Bracelet","Lantern","Ornamental Fan","Odd Mushroom","Happy Flower"],"potions_floor_usage":[10,11],"damage_taken":[{"damage":0,"enemies":"Jaw Worm","floor":1,"turns":1},{"damage":0,"enemies":"Cultist","floor":5,"turns":1},{"damage":0,"enemies":"Lagavulin","floor":6,"turns":1},{"damage":22,"enemies":"Gremlin Nob","floor":10,"turns":4},{"damage":6,"enemies":"The Mushroom Lair","floor":11,"turns":3},{"damage":41,"enemies":"3 Sentries","floor":12,"turns":8},{"damage":0,"enemies":"2 Louse","floor":13,"turns":3},{"damage":19,"enemies":"Exordium Wildlife","floor":14,"turns":3}],"seed_played":"-8809791325171261223","potions_obtained":[{"floor":6,"key":"Block Potion"},{"floor":10,"key":"AttackPotion"}],"is_trial":false,"path_per_floor":["M","?","$","?","M","E","R","?","T","E","?","E","M","M"],"character_chosen":"DEFECT","items_purchased":[],"campfire_rested":0,"item_purchase_floors":[],"current_hp_per_floor":[68,78,78,78,78,78,78,78,78,56,50,9,9,0],"gold":475,"neow_bonus":"THREE_ENEMY_KILL","is_prod":false,"is_daily":false,"chose_seed":false,"campfire_upgraded":1,"win_rate":0,"timestamp":1549464376,"path_taken":["M","?","$","?","M","E","R","?","T","E","?","E","M","M"],"build_version":"2019-01-23","purchased_purges":1,"victory":false,"max_hp_per_floor":[75,85,85,85,85,85,85,85,85,85,85,85,85,85],"card_choices":[{"not_picked":["Cold Snap","Glacier"],"picked":"Sweeping Beam","floor":1},{"not_picked":["Reinforced Body","Ball Lightning"],"picked":"Leap","floor":5},{"not_picked":["Stack","Streamline"],"picked":"Creative AI","floor":6},{"not_picked":["Recycle","Reinforced Body"],"picked":"Double Energy","floor":10},{"not_picked":["Cold Snap","Lockon"],"picked":"Loop","floor":11},{"not_picked":["Melter","Consume"],"picked":"Conserve Battery","floor":12},{"not_picked":["Skim","Streamline"],"picked":"Gash","floor":13}],"player_experience":727683,"relics_obtained":[{"floor":6,"key":"Juzu Bracelet"},{"floor":9,"key":"Lantern"},{"floor":10,"key":"Ornamental Fan"},{"floor":11,"key":"Odd Mushroom"},{"floor":12,"key":"Happy Flower"}],"event_choices":[{"damage_healed":0,"gold_gain":0,"player_choice":"Box","damage_taken":0,"relics_obtained":["Pear"],"max_hp_gain":0,"max_hp_loss":0,"event_name":"Big Fish","floor":2,"gold_loss":0,"cards_obtained":["Regret"]},{"damage_healed":0,"gold_gain":275,"player_choice":"Desecrate","damage_taken":0,"max_hp_gain":0,"max_hp_loss":0,"event_name":"Golden Shrine","floor":4,"gold_loss":0,"cards_obtained":["Regret"]},{"cards_removed":["Regret"],"damage_healed":0,"gold_gain":0,"player_choice":"Removed Curses","damage_taken":0,"max_hp_gain":0,"max_hp_loss":0,"event_name":"Fountain of Cleansing","floor":8,"gold_loss":0},{"damage_healed":0,"gold_gain":0,"player_choice":"Fought Mushrooms","damage_taken":0,"max_hp_gain":0,"max_hp_loss":0,"event_name":"Mushrooms","floor":11,"gold_loss":0}],"is_beta":false,"boss_relics":[],"items_purged_floors":[3],"is_endless":false,"potions_floor_spawned":[6,10],"killed_by":"Exordium Wildlife","ascension_level":8}