{"gold_per_floor":[118,118,128,142,153,178,178,204,204,204,214,214],"floor_reached":12,"playtime":424,"items_purged":[],"score":180,"play_id":"eebf90dd-e5dc-4fa7-8ecf-f422375e6223","local_time":"20190307110456","is_ascension_mode":true,"campfire_choices":[{"floor":7,"key":"REST"},{"floor":10,"key":"REST"}],"neow_cost":"NONE","seed_source_timestamp":269934282592099,"circlet_count":0,"master_deck":["AscendersBane","Defend_G","Defend_G","Defend_G","Defend_G","Defend_G","Strike_G","Strike_G","Strike_G","Strike_G","Strike_G","Survivor","Neutralize","PiercingWail","Dash+1","Leg Sweep","PiercingWail","Poisoned Stab","Dagger Spray","Quick Slash","Infinite Blades"],"relics":["Ring of the Snake","Centennial Puzzle","Oddly Smooth Stone","Bottled Flame"],"potions_floor_usage":[5,8,12],"damage_taken":[{"damage":5,"enemies":"Small Slimes","floor":1,"turns":6},{"damage":0,"enemies":"Cultist","floor":3,"turns":4},{"damage":2,"enemies":"Jaw Worm","floor":4,"turns":4},{"damage":0,"enemies":"Looter","floor":5,"turns":4},{"damage":34,"enemies":"3 Sentries","floor":6,"turns":13},{"damage":26,"enemies":"Gremlin Nob","floor":8,"turns":5},{"damage":0,"enemies":"2 Fungi Beasts","floor":11,"turns":3},{"damage":44,"enemies":"Lagavulin","floor":12,"turns":6}],"seed_played":"4970792308568505171","potions_obtained":[{"floor":1,"key":"Poison Potion"},{"floor":3,"key":"SpeedPotion"},{"floor":4,"key":"GhostInAJar"},{"floor":8,"key":"Block Potion"}],"is_trial":false,"path_per_floor":["M","?","M","M","M","E","R","E","T","R","M","E"],"character_chosen":"THE_SILENT","items_purchased":[],"campfire_rested":2,"item_purchase_floors":[],"current_hp_per_floor":[54,54,54,52,52,18,37,11,11,30,30,0],"gold":214,"neow_bonus":"THREE_CARDS","is_prod":false,"is_daily":false,"chose_seed":false,"campfire_upgraded":0,"win_rate":0,"timestamp":1551953096,"path_taken":["M","?","M","M","M","E","R","E","T","R","M","E"],"build_version":"2019-01-23","purchased_purges":0,"victory":false,"max_hp_per_floor":[66,66,66,66,66,66,66,66,66,66,66,66],"card_choices":[{"not_picked":["Sucker Punch","Underhanded Strike"],"picked":"PiercingWail","floor":0},{"not_picked":["Deflect","PiercingWail"],"picked":"Dash","floor":1},{"not_picked":["Underhanded Strike","Slice"],"picked":"Leg Sweep","floor":3},{"not_picked":["Quick Slash","Finisher"],"picked":"PiercingWail","floor":4},{"not_picked":["Backflip","Flying Knee"],"picked":"Poisoned Stab","floor":5},{"not_picked":["Tools of the Trade","Deflect"],"picked":"Dagger Spray","floor":6},{"not_picked":["Sucker Punch","Slice"],"picked":"Quick Slash","floor":8},{"not_picked":["Slice","Reflex"],"picked":"Infinite Blades","floor":11}],"player_experience":539398,"relics_obtained":[{"floor":6,"key":"Centennial Puzzle"},{"floor":8,"key":"Oddly Smooth Stone"},{"floor":9,"key":"Bottled Flame"}],"event_choices":[{"damage_healed":0,"gold_gain":0,"player_choice":"Upgraded","damage_taken":0,"max_hp_gain":0,"max_hp_loss":0,"event_name":"Upgrade Shrine","floor":2,"gold_loss":0,"cards_upgraded":["Dash"]}],"is_beta":false,"boss_relics":[],"items_purged_floors":[],"is_endless":false,"potions_floor_spawned":[1,3,4,8],"killed_by":"Lagavulin","ascension_level":20}