{"gold_per_floor":[115,115,133,208,52,52,67,67,93,93,104,104,104,137,137,241,241,258,19,0,0,0,10,10,42,42,141,141,141,56,56],"floor_reached":31,"playtime":607,"items_purged":[],"score":357,"play_id":"86639b70-5850-4c23-9afe-2f211dd038ba","local_time":"20190224145514","is_ascension_mode":true,"campfire_choices":[{"data":"Defragment","floor":6,"key":"SMITH"},{"data":"Storm","floor":8,"key":"SMITH"},{"data":"Heatsinks","floor":13,"key":"SMITH"},{"floor":15,"key":"REST"},{"data":"Defragment","floor":24,"key":"SMITH"}],"neow_cost":"NONE","seed_source_timestamp":868646603573255,"circlet_count":0,"master_deck":["Strike_B","Defend_B","Defend_B","Defend_B","Defend_B","Zap","Dualcast","Defragment+1","Beam Cell","Storm+1","Heatsinks+1","Defragment+1","Biased Cognition","FTL","Self Repair","Chaos","Creative AI","Reprogram","Mayhem"],"relics":["Cracked Core","NeowsBlessing","Bronze Scales","Strawberry","Vajra","Omamori","Nuclear Battery","Membership Card","Spirit Poop","Sundial","Bag of Preparation","Oddly Smooth Stone"],"potions_floor_usage":[14,14,31],"damage_taken":[{"damage":0,"enemies":"Cultist","floor":1,"turns":1},{"damage":0,"enemies":"Jaw Worm","floor":3,"turns":1},{"damage":0,"enemies":"Small Slimes","floor":7,"turns":1},{"damage":6,"enemies":"2 Fungi Beasts","floor":11,"turns":3},{"damage":31,"enemies":"3 Sentries","floor":14,"turns":5},{"damage":40,"enemies":"The Guardian","floor":16,"turns":9},{"damage":13,"enemies":"3 Byrds","floor":18,"turns":2},{"damage":1,"enemies":"Spheric Guardian","floor":23,"turns":3},{"damage":39,"enemies":"Book of Stabbing","floor":25,"turns":4},{"damage":18,"enemies":"Centurion and Healer","floor":31,"turns":4}],"seed_played":"-8057048849277362463","potions_obtained":[{"floor":1,"key":"SpeedPotion"},{"floor":2,"key":"LiquidBronze"},{"floor":2,"key":"Fire Potion"},{"floor":7,"key":"Block Potion"},{"floor":16,"key":"FearPotion"},{"floor":25,"key":"Weak Potion"}],"is_trial":false,"path_per_floor":["M","?","M","?","$","R","M","R","T","?","M","?","R","E","R","B",null,"M","$","?","?","$","M","R","E","T","?","?","?","$","M"],"character_chosen":"DEFECT","items_purchased":["Bronze Scales","Membership Card","Self Repair","Mayhem"],"campfire_rested":1,"item_purchase_floors":[5,19,19,30],"current_hp_per_floor":[68,68,68,57,57,57,57,57,64,57,51,51,51,20,44,4,63,50,50,50,50,50,49,49,17,17,17,17,17,17,0],"gold":56,"neow_bonus":"THREE_ENEMY_KILL","is_prod":false,"is_daily":false,"chose_seed":false,"campfire_upgraded":4,"win_rate":0,"timestamp":1551030914,"path_taken":["M","?","?","?","$","R","M","R","T","?","M","?","R","E","R","BOSS","M","$","?","?","$","?","R","E","T","?","?","?","?","M"],"build_version":"2019-01-23","purchased_purges":0,"victory":false,"max_hp_per_floor":[75,75,75,75,75,75,75,75,82,82,82,82,82,82,82,82,82,82,82,82,82,82,82,82,82,82,82,82,82,82,82],"card_choices":[{"not_picked":["Hologram","Static Discharge"],"picked":"Defragment","floor":1},{"not_picked":["Aggregate","Scrape"],"picked":"Beam Cell","floor":3},{"not_picked":["Rebound","Conserve Battery"],"picked":"Storm","floor":7},{"not_picked":["Gash","Doom and Gloom"],"picked":"Heatsinks","floor":11},{"not_picked":["Sweeping Beam","Doom and Gloom"],"picked":"Defragment","floor":14},{"not_picked":["Multi-Cast","All For One"],"picked":"Biased Cognition","floor":16},{"not_picked":["Go for the Eyes","Rebound"],"picked":"FTL","floor":18},{"not_picked":["Cold Snap","Redo+1","Scrape"],"picked":"SKIP","floor":23},{"not_picked":["Gash+1","Streamline"],"picked":"Chaos","floor":25}],"player_experience":859807,"relics_obtained":[{"floor":9,"key":"Strawberry"},{"floor":14,"key":"Omamori"},{"floor":25,"key":"Sundial"},{"floor":26,"key":"Bag of Preparation"}],"event_choices":[{"damage_healed":0,"gold_gain":0,"player_choice":"Got Potions","damage_taken":0,"max_hp_gain":0,"max_hp_loss":0,"event_name":"Lab","floor":2,"gold_loss":0},{"damage_healed":0,"gold_gain":75,"player_choice":"Gather Gold","damage_taken":11,"max_hp_gain":0,"max_hp_loss":0,"event_name":"World of Goop","floor":4,"gold_loss":0},{"cards_removed":["Strike_B"],"damage_healed":0,"gold_gain":0,"player_choice":"Card Removal","damage_taken":7,"max_hp_gain":0,"max_hp_loss":0,"event_name":"Golden Wing","floor":10,"gold_loss":0},{"damage_healed":0,"gold_gain":0,"player_choice":"Box","damage_taken":0,"relics_obtained":["Vajra"],"max_hp_gain":0,"max_hp_loss":0,"event_name":"Big Fish","floor":12,"gold_loss":0,"cards_obtained":["Regret"]},{"damage_healed":0,"gold_gain":0,"player_choice":"Paid Fearfully","damage_taken":0,"max_hp_gain":0,"max_hp_loss":0,"event_name":"Masked Bandits","floor":20,"gold_loss":19},{"cards_removed":["Regret"],"damage_healed":0,"gold_gain":0,"player_choice":"Offered Curse","damage_taken":0,"relics_obtained":["Spirit Poop"],"max_hp_gain":0,"max_hp_loss":0,"event_name":"Bonfire Elementals","floor":21,"gold_loss":0},{"damage_healed":0,"gold_gain":99,"player_choice":"Stole From Cult","damage_taken":0,"max_hp_gain":0,"max_hp_loss":0,"event_name":"Nest","floor":27,"gold_loss":0},{"damage_healed":0,"gold_gain":0,"cards_transformed":["Strike_B","Strike_B"],"player_choice":"Became Test Subject","damage_taken":0,"max_hp_gain":0,"max_hp_loss":0,"event_name":"Drug Dealer","floor":28,"gold_loss":0,"cards_obtained":["Creative AI","Reprogram"]},{"damage_healed":0,"gold_gain":0,"player_choice":"Stole Relic","damage_taken":0,"relics_obtained":["Oddly Smooth Stone"],"max_hp_gain":0,"max_hp_loss":0,"event_name":"Addict","floor":29,"gold_loss":0,"cards_obtained":["Shame"]}],"is_beta":false,"boss_relics":[{"not_picked":["Lizard Tail","Philosopher\u0027s Stone"],"picked":"Nuclear Battery"}],"items_purged_floors":[],"is_endless":false,"potions_floor_spawned":[1,7,16,25],"killed_by":"Centurion and Healer","ascension_level":9}