{"gold_per_floor":[368,368,68,79,79,111,123,85,97,109,121,147,484,512,524,639,651,673,595,99,110,127,160,160,194,194,194,6,16,49,59,59,162,162,180,180,1179,534,534,534,562,562,562,578,603,621,646,663,663,663,663,663,22,50,50],"floor_reached":56,"playtime":5149,"items_purged":["Regret","Normality","Normality"],"score":1429,"play_id":"da1e2587-df2f-4933-b79e-ee550f790a46","local_time":"20190226194136","is_ascension_mode":true,"campfire_choices":[{"data":"Zap","floor":7,"key":"SMITH"},{"data":"Hello World","floor":10,"key":"SMITH"},{"data":"Go for the Eyes","floor":15,"key":"SMITH"},{"data":"Creative AI","floor":27,"key":"SMITH"},{"data":"Loop","floor":32,"key":"SMITH"},{"floor":40,"key":"RECALL"},{"data":"Turbo","floor":42,"key":"SMITH"},{"floor":49,"key":"REST"},{"data":"Recycle","floor":52,"key":"SMITH"}],"neow_cost":"TEN_PERCENT_HP_LOSS","seed_source_timestamp":27059478630372,"circlet_count":0,"master_deck":["Strike_B","Defend_B","Defend_B","Defend_B","Defend_B","Zap+1","Dualcast","Rebound","Hello World+1","Go for the Eyes+1","FTL","Coolheaded","Sweeping Beam","BootSequence+1","Creative AI+1","Heatsinks","Conserve Battery","Master of Strategy","Sunder","Coolheaded","Turbo+1","Loop+1","Skim+1","Conserve Battery","Conserve Battery","All For One","Amplify","Madness","Madness","Steam","Go for the Eyes+1","Capacitor+1","Recycle+1","Coolheaded+1","Stack+1","Capacitor","Madness","Gash+1"],"relics":["Cracked Core","Ornamental Fan","Art of War","MawBank","Happy Flower","Old Coin","Cursed Key","Ancient Tea Set","Strawberry","NlothsMask","Pantograph","PreservedInsect","Blue Candle","Runic Pyramid","Gremlin Horn","Strange Spoon","Boot","Lantern","Anchor","Bronze Scales","Blood Vial","Oddly Smooth Stone"],"potions_floor_usage":[6,18,23,55,55,55],"damage_taken":[{"damage":0,"enemies":"2 Louse","floor":1,"turns":2},{"damage":0,"enemies":"Small Slimes","floor":4,"turns":3},{"damage":7,"enemies":"3 Sentries","floor":6,"turns":7},{"damage":0,"enemies":"Cultist","floor":12,"turns":3},{"damage":9,"enemies":"Gremlin Nob","floor":13,"turns":4},{"damage":3,"enemies":"Red Slaver","floor":14,"turns":2},{"damage":15,"enemies":"Hexaghost","floor":16,"turns":9},{"damage":0,"enemies":"Shell Parasite","floor":18,"turns":6},{"damage":0,"enemies":"2 Thieves","floor":21,"turns":4},{"damage":0,"enemies":"Centurion and Healer","floor":22,"turns":7},{"damage":9,"enemies":"Gremlin Leader","floor":23,"turns":8},{"damage":7,"enemies":"Book of Stabbing","floor":25,"turns":6},{"damage":6,"enemies":"Cultist and Chosen","floor":29,"turns":7},{"damage":10,"enemies":"Slavers","floor":30,"turns":4},{"damage":0,"enemies":"Snecko","floor":31,"turns":4},{"damage":27,"enemies":"Collector","floor":33,"turns":12},{"damage":0,"enemies":"3 Darklings","floor":35,"turns":3},{"damage":3,"enemies":"Nemesis","floor":41,"turns":11},{"damage":1,"enemies":"3 Shapes","floor":44,"turns":4},{"damage":1,"enemies":"Giant Head","floor":45,"turns":8},{"damage":0,"enemies":"Sphere and 2 Shapes","floor":46,"turns":5},{"damage":43,"enemies":"Reptomancer","floor":47,"turns":6},{"damage":0,"enemies":"Jaw Worm Horde","floor":48,"turns":5},{"damage":17,"enemies":"Donu and Deca","floor":50,"turns":13},{"damage":0,"enemies":"Shield and Spear","floor":54,"turns":7},{"damage":8,"enemies":"The Heart","floor":55,"turns":7}],"seed_played":"-55523444695213185","potions_obtained":[{"floor":4,"key":"EssenceOfSteel"},{"floor":6,"key":"Dexterity Potion"},{"floor":13,"key":"PowerPotion"},{"floor":16,"key":"LiquidBronze"},{"floor":18,"key":"Fruit Juice"},{"floor":23,"key":"LiquidBronze"},{"floor":25,"key":"GamblersBrew"},{"floor":35,"key":"Dexterity Potion"}],"is_trial":false,"path_per_floor":["M","?","$","M","?","E","R","?","T","R","?","M","E","M","R","B",null,"M","?","$","M","M","E","?","E","T","R","$","M","E","M","R","B",null,"M","?","?","$","?","R","E","R","T","M","E","M","E","M","R","B",null,"R","$","E","B",null],"character_chosen":"DEFECT","items_purchased":["Hello World","Art of War","Heatsinks","Conserve Battery","Master of Strategy","Ancient Tea Set","Sunder","PreservedInsect","Conserve Battery","FocusPotion","Gremlin Horn","Strange Spoon","Steam","Capacitor","Madness","Bronze Scales","Blood Vial","PowerPotion"],"campfire_rested":1,"item_purchase_floors":[3,3,20,20,20,20,20,28,28,38,38,38,38,53,53,53,53,53],"current_hp_per_floor":[68,68,68,68,61,54,54,54,54,54,54,54,45,42,42,27,68,73,73,73,73,73,71,71,64,64,64,64,58,48,48,48,46,80,80,70,70,70,70,70,67,67,67,66,65,65,22,22,46,54,80,80,80,80,72],"gold":50,"neow_bonus":"TWO_FIFTY_GOLD","is_prod":false,"is_daily":false,"chose_seed":false,"campfire_upgraded":7,"win_rate":0,"timestamp":1551228096,"path_taken":["M","?","$","M","?","E","R","?","T","R","?","M","E","M","R","BOSS","M","?","$","?","?","E","?","E","T","R","$","M","E","?","R","BOSS","M","?","?","$","?","R","E","R","T","?","E","M","E","M","R","BOSS","R","$","E","BOSS"],"build_version":"2019-02-06","purchased_purges":3,"victory":true,"max_hp_per_floor":[68,68,68,68,68,68,68,68,68,68,68,68,68,68,68,68,68,73,73,73,73,73,80,80,80,80,80,80,80,80,80,80,80,80,80,80,80,80,80,80,80,80,80,80,80,80,80,80,80,80,80,80,80,80,80],"card_choices":[{"not_picked":["Beam Cell","Compile Driver"],"picked":"Rebound","floor":1},{"not_picked":["Redo","Chaos"],"picked":"Go for the Eyes","floor":4},{"not_picked":["Scrape","Rebound"],"picked":"FTL","floor":6},{"not_picked":["Skim","Fusion"],"picked":"Coolheaded","floor":12},{"not_picked":["Go for the Eyes","Chaos"],"picked":"Sweeping Beam","floor":13},{"not_picked":["Barrage","Force Field"],"picked":"BootSequence","floor":14},{"not_picked":["Reboot","Buffer"],"picked":"Creative AI","floor":16},{"not_picked":["Turbo","Beam Cell","Gash+1"],"picked":"SKIP","floor":18},{"not_picked":["Turbo","Streamline"],"picked":"Coolheaded","floor":21},{"not_picked":["Beam Cell","Coolheaded"],"picked":"Turbo","floor":22},{"not_picked":["Rebound","Chill"],"picked":"Loop","floor":23},{"not_picked":["Reinforced Body","Scrape"],"picked":"Skim+1","floor":25},{"not_picked":["Fusion","Sweeping Beam+1"],"picked":"Conserve Battery","floor":29},{"not_picked":["Stack","Beam Cell"],"picked":"All For One","floor":30},{"not_picked":["Skim","Rip and Tear+1","Auto Shields"],"picked":"SKIP","floor":31},{"not_picked":["All For One","Machine Learning"],"picked":"Amplify","floor":33},{"not_picked":["Redo","Heatsinks","Cold Snap"],"picked":"SKIP","floor":35},{"not_picked":["Genetic Algorithm","Force Field"],"picked":"Go for the Eyes+1","floor":41},{"not_picked":["Barrage","Leap"],"picked":"Capacitor+1","floor":44},{"not_picked":["Leap","Lockon"],"picked":"Recycle","floor":45},{"not_picked":["Cold Snap+1","Redo"],"picked":"Coolheaded+1","floor":46},{"not_picked":["Turbo+1","Fusion+1"],"picked":"Stack+1","floor":47},{"not_picked":["Go for the Eyes","Sunder","Blizzard"],"picked":"SKIP","floor":48},{"not_picked":["Hello World","Rebound+1"],"picked":"Gash+1","floor":54}],"player_experience":4713784,"relics_obtained":[{"floor":6,"key":"MawBank"},{"floor":13,"key":"Old Coin"},{"floor":23,"key":"Strawberry"},{"floor":25,"key":"Pantograph"},{"floor":30,"key":"Blue Candle"},{"floor":41,"key":"Boot"},{"floor":45,"key":"Lantern"},{"floor":47,"key":"Anchor"},{"floor":54,"key":"Oddly Smooth Stone"}],"event_choices":[{"damage_healed":0,"gold_gain":0,"player_choice":"Box","damage_taken":0,"relics_obtained":["Ornamental Fan"],"max_hp_gain":0,"max_hp_loss":0,"event_name":"Big Fish","floor":2,"gold_loss":0,"cards_obtained":["Regret"]},{"cards_removed":["Strike_B"],"damage_healed":0,"gold_gain":0,"player_choice":"Card Removal","damage_taken":7,"max_hp_gain":0,"max_hp_loss":0,"event_name":"Golden Wing","floor":5,"gold_loss":0},{"cards_removed":["Strike_B"],"damage_healed":0,"gold_gain":0,"player_choice":"Card Removal","damage_taken":0,"max_hp_gain":0,"max_hp_loss":0,"event_name":"The Cleric","floor":8,"gold_loss":50},{"damage_healed":0,"gold_gain":0,"player_choice":"Gave Potion","damage_taken":0,"relics_obtained":["Happy Flower"],"max_hp_gain":0,"max_hp_loss":0,"event_name":"WeMeetAgain","floor":11,"gold_loss":0},{"cards_removed":["Strike_B"],"damage_healed":0,"gold_gain":0,"player_choice":"Upgrade and Remove","damage_taken":0,"max_hp_gain":0,"max_hp_loss":0,"event_name":"Designer","floor":19,"gold_loss":90,"cards_upgraded":["BootSequence"]},{"damage_healed":0,"gold_gain":0,"player_choice":"Trade","damage_taken":0,"relics_obtained":["NlothsMask"],"max_hp_gain":0,"max_hp_loss":0,"event_name":"FaceTrader","floor":24,"gold_loss":0},{"damage_healed":0,"gold_gain":0,"player_choice":"Embrace Madness","damage_taken":10,"max_hp_gain":0,"max_hp_loss":0,"event_name":"Winding Halls","floor":36,"gold_loss":0,"cards_obtained":["Madness","Madness"]},{"damage_healed":0,"gold_gain":999,"player_choice":"Gold","damage_taken":0,"max_hp_gain":0,"max_hp_loss":0,"event_name":"MindBloom","floor":37,"gold_loss":0,"cards_obtained":["Normality","Normality"]},{"damage_healed":0,"gold_gain":0,"player_choice":"0 cards matched","damage_taken":0,"max_hp_gain":0,"max_hp_loss":0,"event_name":"Match and Keep!","floor":39,"gold_loss":0,"cards_obtained":[]}],"is_beta":true,"boss_relics":[{"not_picked":["Sozu","Empty Cage"],"picked":"Cursed Key"},{"not_picked":["Eternal Feather","White Beast Statue"],"picked":"Runic Pyramid"}],"items_purged_floors":[3,38,53],"is_endless":false,"potions_floor_spawned":[4,6,13,16,18,23,25,29,35,46,47],"ascension_level":1}