{"gold_per_floor":[116,41,41,52,102,133,143,171,220,220,251,263,263,283,283,360,360,374,424,435,485,498,498,84,84,140,160,160,160,188,208,208,208],"floor_reached":33,"playtime":1027,"items_purged":["Strike_R","Strike_R"],"score":614,"play_id":"e56822a0-d63d-43b4-a577-c9453d1106f5","local_time":"20190506203732","is_ascension_mode":true,"campfire_choices":[{"data":"Uppercut","floor":10,"key":"SMITH"},{"floor":13,"key":"REST"},{"data":"Anger","floor":15,"key":"SMITH"},{"floor":23,"key":"REST"},{"data":"Armaments","floor":25,"key":"SMITH"},{"data":"Metallicize","floor":29,"key":"SMITH"},{"floor":32,"key":"REST"}],"neow_cost":"NONE","seed_source_timestamp":160485606843300,"circlet_count":0,"master_deck":["AscendersBane","Strike_R","Strike_R","Defend_R","Defend_R","Defend_R","Defend_R","Bash","Uppercut+1","Headbutt","Evolve","Anger+1","Disarm","Headbutt","Cleave","Thunderclap","Feed","Dropkick","Shrug It Off","Feed","Armaments+1","Metallicize+1","Metallicize","Whirlwind+1"],"relics":["Burning Blood","NeowsBlessing","WarpedTongs","Question Card","Dream Catcher","Orichalcum","Anchor","Empty Cage","Juzu Bracelet","Tiny Chest","MutagenicStrength","Kunai"],"potions_floor_usage":[8,11,22,30,31,31],"damage_taken":[{"damage":0,"enemies":"2 Louse","floor":1,"turns":1},{"damage":0,"enemies":"Cultist","floor":4,"turns":1},{"damage":0,"enemies":"Lagavulin","floor":6,"turns":1},{"damage":8,"enemies":"Small Slimes","floor":7,"turns":4},{"damage":41,"enemies":"Gremlin Nob","floor":8,"turns":5},{"damage":34,"enemies":"3 Sentries","floor":11,"turns":7},{"damage":0,"enemies":"Red Slaver","floor":12,"turns":2},{"damage":17,"enemies":"Exordium Wildlife","floor":14,"turns":5},{"damage":10,"enemies":"Hexaghost","floor":16,"turns":9},{"damage":19,"enemies":"Chosen","floor":18,"turns":7},{"damage":13,"enemies":"2 Thieves","floor":20,"turns":4},{"damage":18,"enemies":"Cultist and Chosen","floor":22,"turns":5},{"damage":19,"enemies":"Shelled Parasite and Fungi","floor":27,"turns":7},{"damage":48,"enemies":"Slavers","floor":30,"turns":7},{"damage":10,"enemies":"Snecko","floor":31,"turns":7},{"damage":48,"enemies":"Automaton","floor":33,"turns":6}],"seed_played":"-8395273544705405058","potions_obtained":[{"floor":4,"key":"SpeedPotion"},{"floor":6,"key":"Block Potion"},{"floor":8,"key":"PowerPotion"},{"floor":11,"key":"GamblersBrew"},{"floor":16,"key":"Weak Potion"},{"floor":18,"key":"Energy Potion"},{"floor":30,"key":"BloodPotion"}],"is_trial":false,"path_per_floor":["M","$","?","M","?","E","M","E","T","R","E","M","R","M","R","B",null,"M","?","M","?","M","R","$","R","T","M","?","R","E","M","R","B"],"character_chosen":"IRONCLAD","items_purchased":["Juzu Bracelet","Armaments","Metallicize","Explosive Potion"],"campfire_rested":3,"item_purchase_floors":[24,24,24,24],"current_hp_per_floor":[74,74,74,75,75,75,73,38,38,38,10,16,38,27,27,23,62,49,49,45,38,30,54,54,54,54,48,48,48,13,18,46,0],"gold":208,"neow_bonus":"THREE_ENEMY_KILL","is_prod":false,"is_daily":false,"chose_seed":false,"campfire_upgraded":4,"win_rate":0,"timestamp":1557167852,"path_taken":["M","$","?","?","?","E","M","E","T","R","E","?","R","M","R","BOSS","M","?","M","?","M","R","$","R","T","M","?","R","E","M","R","BOSS"],"build_version":"2019-01-23","purchased_purges":2,"victory":false,"max_hp_per_floor":[75,75,75,75,75,75,75,75,75,75,75,75,75,75,75,75,75,75,75,78,78,82,82,82,82,82,89,89,89,96,96,96,96],"card_choices":[{"not_picked":["Flex","Evolve"],"picked":"Uppercut","floor":1},{"not_picked":["Warcry","Armaments"],"picked":"Headbutt","floor":4},{"not_picked":["Fire Breathing","Reckless Charge"],"picked":"Evolve","floor":6},{"not_picked":["Sentinel","Hemokinesis","Body Slam"],"picked":"Anger","floor":7},{"not_picked":["Headbutt","Blood for Blood","Heavy Blade"],"picked":"Disarm","floor":8},{"not_picked":["Sentinel","Body Slam","Infernal Blade"],"picked":"Headbutt","floor":11},{"not_picked":["Clash","Anger","Combust"],"picked":"Cleave","floor":12},{"not_picked":["Warcry","Blood for Blood","Metallicize"],"picked":"Thunderclap","floor":13},{"not_picked":["Infernal Blade","Sword Boomerang","Brutality","Flex"],"picked":"SKIP","floor":14},{"not_picked":["Impervious","Brutality","Limit Break"],"picked":"Feed","floor":16},{"not_picked":["Twin Strike","Pommel Strike","Body Slam"],"picked":"Dropkick","floor":18},{"not_picked":["Havoc","Wild Strike","Carnage"],"picked":"Shrug It Off","floor":20},{"not_picked":["Combust","Warcry","Thunderclap","Pummel+1"],"picked":"SKIP","floor":22},{"not_picked":["Clash","Shrug It Off","Sentinel"],"picked":"Feed","floor":23},{"not_picked":["Heavy Blade","True Grit","Entrench","Sever Soul"],"picked":"SKIP","floor":27},{"not_picked":["Sword Boomerang","Clothesline","Berserk"],"picked":"Metallicize","floor":30},{"not_picked":["Blood for Blood","Fire Breathing","Sentinel"],"picked":"Whirlwind+1","floor":31}],"player_experience":667291,"relics_obtained":[{"floor":6,"key":"Question Card"},{"floor":8,"key":"Dream Catcher"},{"floor":9,"key":"Orichalcum"},{"floor":11,"key":"Anchor"},{"floor":26,"key":"Tiny Chest"},{"floor":30,"key":"Kunai"}],"event_choices":[{"damage_healed":0,"gold_gain":0,"player_choice":"Rummage","damage_taken":0,"relics_obtained":["WarpedTongs"],"max_hp_gain":0,"max_hp_loss":0,"event_name":"Accursed Blacksmith","floor":3,"gold_loss":0,"cards_obtained":["Pain"]},{"damage_healed":0,"gold_gain":50,"player_choice":"Pray","damage_taken":0,"max_hp_gain":0,"max_hp_loss":0,"event_name":"Golden Shrine","floor":5,"gold_loss":0},{"damage_healed":0,"gold_gain":50,"player_choice":"Stole From Cult","damage_taken":0,"max_hp_gain":0,"max_hp_loss":0,"event_name":"Nest","floor":19,"gold_loss":0},{"damage_healed":0,"gold_gain":50,"player_choice":"Touch","damage_taken":7,"max_hp_gain":0,"max_hp_loss":0,"event_name":"FaceTrader","floor":21,"gold_loss":0},{"damage_healed":0,"gold_gain":0,"player_choice":"Inject Mutagens","damage_taken":0,"relics_obtained":["MutagenicStrength"],"max_hp_gain":0,"max_hp_loss":0,"event_name":"Drug Dealer","floor":28,"gold_loss":0}],"is_beta":false,"boss_relics":[{"not_picked":["Calling Bell","Ectoplasm"],"picked":"Empty Cage"}],"items_purged_floors":[2,24],"is_endless":false,"potions_floor_spawned":[4,6,8,11,14,16,18,30],"killed_by":"Automaton","ascension_level":18}