{"gold_per_floor":[217,15,15,15,32,60,10,24,101,133,8,8,24,49,49,144,144,154,13,28,57,57,57,89,89,115,127,141,141,141,170,170,272,272,288,288,305,319,337,368,385,35,61,61,90,8,40,40,40,40,40,40,40,71,71],"floor_reached":56,"playtime":3225,"items_purged":["Strike_R","Strike_R"],"score":1316,"play_id":"c2b9d459-9e03-4027-9a39-372ee4b20315","local_time":"20190308145354","is_ascension_mode":false,"campfire_choices":[{"data":"Armaments","floor":12,"key":"SMITH"},{"data":"Rupture","floor":15,"key":"SMITH"},{"data":"Offering","floor":23,"key":"SMITH"},{"floor":25,"key":"REST"},{"data":"Combust","floor":30,"key":"SMITH"},{"data":"Corruption","floor":32,"key":"SMITH"},{"floor":44,"key":"RECALL"},{"floor":49,"key":"REST"},{"data":"Feel No Pain","floor":52,"key":"SMITH"}],"neow_cost":"NONE","seed_source_timestamp":738377856120902,"circlet_count":0,"master_deck":["Strike_R","Defend_R","Defend_R","Defend_R","Bash","Combust+1","Rupture+1","Blood for Blood","Thunderclap","Sword Boomerang","Shockwave","Armaments+1","Shrug It Off","Offering+1","Corruption+1","Shrug It Off","Headbutt+1","Necronomicurse","Battle Trance+1","Barricade","Pommel Strike+1","Metallicize+1","Flame Barrier+1","Juggernaut","Feel No Pain+1","Disarm","Rupture"],"relics":["Burning Blood","Ancient Tea Set","Pear","Bag of Preparation","Juzu Bracelet","Black Star","Red Mask","PreservedInsect","Pen Nib","Necronomicon","Happy Flower","Mummified Hand","Philosopher\u0027s Stone","CultistMask","Dream Catcher","Orichalcum","Bronze Scales","TheAbacus","Blood Vial","Potion Belt","The Courier","Toxic Egg 2","Ornamental Fan","Dodecahedron","Self Forming Clay"],"potions_floor_usage":[6,16,21,33,33,50,55,55,55,55],"damage_taken":[{"damage":0,"enemies":"Small Slimes","floor":1,"turns":4},{"damage":4,"enemies":"2 Louse","floor":5,"turns":3},{"damage":11,"enemies":"3 Sentries","floor":6,"turns":4},{"damage":6,"enemies":"Jaw Worm","floor":8,"turns":4},{"damage":17,"enemies":"Lagavulin","floor":10,"turns":6},{"damage":2,"enemies":"Blue Slaver","floor":13,"turns":3},{"damage":18,"enemies":"3 Sentries","floor":14,"turns":6},{"damage":25,"enemies":"Hexaghost","floor":16,"turns":6},{"damage":21,"enemies":"2 Thieves","floor":18,"turns":3},{"damage":11,"enemies":"Shell Parasite","floor":20,"turns":4},{"damage":13,"enemies":"Masked Bandits","floor":21,"turns":4},{"damage":11,"enemies":"Book of Stabbing","floor":24,"turns":4},{"damage":9,"enemies":"Centurion and Healer","floor":27,"turns":4},{"damage":8,"enemies":"3 Cultists","floor":28,"turns":3},{"damage":18,"enemies":"Slavers","floor":31,"turns":3},{"damage":19,"enemies":"Collector","floor":33,"turns":5},{"damage":9,"enemies":"3 Darklings","floor":35,"turns":4},{"damage":0,"enemies":"3 Shapes","floor":37,"turns":6},{"damage":11,"enemies":"Transient","floor":38,"turns":5},{"damage":10,"enemies":"Maw","floor":39,"turns":5},{"damage":11,"enemies":"Reptomancer","floor":40,"turns":5},{"damage":18,"enemies":"Jaw Worm Horde","floor":41,"turns":3},{"damage":11,"enemies":"Nemesis","floor":45,"turns":5},{"damage":14,"enemies":"Reptomancer","floor":47,"turns":4},{"damage":22,"enemies":"Time Eater","floor":50,"turns":10},{"damage":17,"enemies":"Shield and Spear","floor":54,"turns":4},{"damage":31,"enemies":"The Heart","floor":55,"turns":7}],"seed_played":"6934829941350061322","potions_obtained":[{"floor":5,"key":"Fire Potion"},{"floor":8,"key":"Energy Potion"},{"floor":13,"key":"SkillPotion"},{"floor":18,"key":"EssenceOfSteel"},{"floor":28,"key":"Strength Potion"},{"floor":31,"key":"Strength Potion"},{"floor":33,"key":"AttackPotion"},{"floor":38,"key":"Ancient Potion"},{"floor":41,"key":"LiquidBronze"},{"floor":47,"key":"EssenceOfSteel"},{"floor":54,"key":"Block Potion"}],"is_trial":false,"path_per_floor":["M","$","?","?","M","E","?","M","T","E","$","R","M","E","R","B",null,"M","$","M","?","?","R","E","R","T","M","M","?","R","E","R","B",null,"M","?","M","M","M","E","M","$","T","R","E","$","E","?","R","B",null,"R","$","E","B",null],"character_chosen":"IRONCLAD","items_purchased":["Rupture","Blood for Blood","Thunderclap","Shrug It Off","Corruption","Bronze Scales","TheAbacus","Feel No Pain","Disarm"],"campfire_rested":2,"item_purchase_floors":[2,2,2,11,19,42,42,46,46],"current_hp_per_floor":[80,80,80,80,80,75,75,75,85,74,74,74,78,66,66,47,90,75,75,70,63,63,63,58,85,85,82,80,64,64,52,52,39,90,87,87,90,85,81,76,64,64,64,64,61,61,55,55,82,68,90,90,90,79,56],"gold":71,"neow_bonus":"HUNDRED_GOLD","is_prod":false,"is_daily":false,"chose_seed":false,"campfire_upgraded":6,"win_rate":0,"timestamp":1552056834,"path_taken":["M","$","?","?","M","E","?","M","T","E","$","R","M","E","R","BOSS","M","$","M","?","?","R","E","R","T","M","M","?","R","E","R","BOSS","M","?","M","M","M","E","M","$","T","R","E","?","E","?","R","BOSS","R","$","E","BOSS"],"build_version":"2019-02-06","purchased_purges":2,"victory":true,"max_hp_per_floor":[80,80,80,80,80,80,80,80,90,90,90,90,90,90,90,90,90,90,90,90,90,90,90,90,90,90,90,90,90,90,90,90,90,90,90,90,90,90,90,90,90,90,90,90,90,90,90,90,90,90,90,90,90,90,90],"card_choices":[{"not_picked":["Thunderclap","Warcry"],"picked":"Combust","floor":1},{"not_picked":["Corruption","Rage"],"picked":"Sword Boomerang","floor":5},{"not_picked":["Twin Strike","Rage"],"picked":"Shockwave","floor":6},{"not_picked":["Warcry","Seeing Red"],"picked":"Armaments","floor":8},{"not_picked":["Searing Blow","Hemokinesis","Anger"],"picked":"SKIP","floor":10},{"not_picked":["Iron Wave","Carnage","Pummel"],"picked":"SKIP","floor":13},{"not_picked":["Warcry","Shockwave","Carnage"],"picked":"SKIP","floor":14},{"not_picked":["Brutality","Demon Form"],"picked":"Offering","floor":16},{"not_picked":["Thunderclap","Armaments","Bloodletting+1"],"picked":"SKIP","floor":18},{"not_picked":["Armaments+1","Warcry"],"picked":"Shrug It Off","floor":20},{"not_picked":["Havoc","Clothesline"],"picked":"Headbutt+1","floor":21},{"not_picked":["Rage","Clothesline","Armaments+1"],"picked":"SKIP","floor":24},{"not_picked":["Wild Strike","Sever Soul","Fire Breathing+1"],"picked":"SKIP","floor":27},{"not_picked":["Armaments","Havoc","Corruption+1"],"picked":"SKIP","floor":28},{"not_picked":["Iron Wave","Pummel+1"],"picked":"Battle Trance+1","floor":31},{"not_picked":["Brutality","Offering"],"picked":"Barricade","floor":33},{"not_picked":["Flex+1","Searing Blow+1"],"picked":"Pommel Strike+1","floor":35},{"not_picked":["Intimidate","True Grit+1","Havoc"],"picked":"SKIP","floor":37},{"not_picked":["Twin Strike","Cleave","Thunderclap"],"picked":"SKIP","floor":38},{"not_picked":["Clothesline","Twin Strike+1","Power Through"],"picked":"SKIP","floor":39},{"not_picked":["Wild Strike+1","Exhume"],"picked":"Metallicize","floor":40},{"not_picked":["Shrug It Off","Clothesline"],"picked":"Flame Barrier+1","floor":41},{"not_picked":["Bloodletting+1","Second Wind"],"picked":"Juggernaut","floor":45},{"not_picked":["Rage","Thunderclap+1","Fire Breathing"],"picked":"SKIP","floor":47},{"not_picked":["Headbutt","Carnage"],"picked":"Rupture","floor":54}],"player_experience":1049776,"relics_obtained":[{"floor":6,"key":"Ancient Tea Set"},{"floor":9,"key":"Pear"},{"floor":10,"key":"Bag of Preparation"},{"floor":14,"key":"Juzu Bracelet"},{"floor":21,"key":"Red Mask"},{"floor":24,"key":"PreservedInsect"},{"floor":24,"key":"Pen Nib"},{"floor":29,"key":"Necronomicon"},{"floor":31,"key":"Happy Flower"},{"floor":31,"key":"Mummified Hand"},{"floor":40,"key":"Dream Catcher"},{"floor":40,"key":"Orichalcum"},{"floor":43,"key":"Blood Vial"},{"floor":45,"key":"Potion Belt"},{"floor":45,"key":"The Courier"},{"floor":47,"key":"Toxic Egg 2"},{"floor":47,"key":"Ornamental Fan"},{"floor":54,"key":"Dodecahedron"},{"floor":54,"key":"Self Forming Clay"}],"event_choices":[{"damage_healed":0,"gold_gain":0,"player_choice":"Ignored","damage_taken":0,"max_hp_gain":0,"max_hp_loss":0,"event_name":"Liars Game","floor":3,"gold_loss":0},{"cards_removed":["Strike_R"],"damage_healed":0,"gold_gain":0,"player_choice":"Forget","damage_taken":0,"max_hp_gain":0,"max_hp_loss":0,"event_name":"Living Wall","floor":4,"gold_loss":0},{"cards_removed":["Strike_R"],"damage_healed":0,"gold_gain":0,"player_choice":"Card Removal","damage_taken":0,"max_hp_gain":0,"max_hp_loss":0,"event_name":"The Cleric","floor":7,"gold_loss":50},{"damage_healed":0,"gold_gain":0,"player_choice":"Fought Bandits","damage_taken":0,"max_hp_gain":0,"max_hp_loss":0,"event_name":"Masked Bandits","floor":21,"gold_loss":0},{"cards_removed":["Defend_R"],"damage_healed":0,"gold_gain":0,"player_choice":"Offered Basic","damage_taken":0,"max_hp_gain":0,"max_hp_loss":0,"event_name":"Bonfire Elementals","floor":22,"gold_loss":0},{"damage_healed":0,"gold_gain":0,"player_choice":"Obtained Book","damage_taken":16,"max_hp_gain":0,"max_hp_loss":0,"event_name":"Cursed Tome","floor":29,"gold_loss":0},{"damage_healed":0,"gold_gain":0,"player_choice":"Trade","damage_taken":0,"relics_obtained":["CultistMask"],"max_hp_gain":0,"max_hp_loss":0,"event_name":"FaceTrader","floor":36,"gold_loss":0},{"damage_healed":0,"gold_gain":0,"player_choice":"Upgraded","damage_taken":0,"max_hp_gain":0,"max_hp_loss":0,"event_name":"Upgrade Shrine","floor":48,"gold_loss":0,"cards_upgraded":["Metallicize"]}],"is_beta":true,"boss_relics":[{"not_picked":["Black Blood","Eternal Feather"],"picked":"Black Star"},{"not_picked":["Orrery","Snecko Eye"],"picked":"Philosopher\u0027s Stone"}],"items_purged_floors":[11,19],"is_endless":false,"potions_floor_spawned":[5,8,13,18,28,31,33,38,41,47,54],"ascension_level":0}