{"gold_per_floor":[360,376,20,20,38,38,79,59,59,59,84,14,39,75,75,165,165,185,206,229,229,354,354,392,23,23,73,97,113,113,152,152,251,251,275,30,363,376,376,376,409,76,76,76,88,140,166,186,186,186,186,186,186,13,341,341],"floor_reached":57,"playtime":4462,"items_purged":["Strike_B"],"score":2751,"play_id":"29ea4d88-d8b4-4aec-baf2-d34690c9ba01","local_time":"20181125185415","is_ascension_mode":true,"campfire_choices":[{"data":"Defragment","floor":6,"key":"SMITH"},{"data":"Sweeping Beam","floor":10,"key":"SMITH"},{"floor":15,"key":"REST"},{"data":"Electrodynamics","floor":23,"key":"SMITH"},{"floor":30,"key":"REST"},{"floor":32,"key":"REST"},{"data":"Consume","floor":40,"key":"SMITH"},{"floor":49,"key":"RECALL"},{"data":"Go for the Eyes","floor":53,"key":"SMITH"}],"neow_cost":"PERCENT_DAMAGE","seed_source_timestamp":943383396462750,"circlet_count":0,"master_deck":["AscendersBane","Strike_B","Strike_B","Strike_B","Defend_B","Defend_B","Defend_B","Defend_B","Zap","Dualcast","Ball Lightning","Sweeping Beam+1","Defragment+1","Cold Snap","Glacier","Compile Driver","Ball Lightning","Electrodynamics+1","Glacier+1","Undo","Compile Driver","Coolheaded","Conserve Battery","Loop+1","Go for the Eyes+1","Static Discharge+1","Buffer+1","Capacitor+1","Consume+1","Buffer+1","Coolheaded","Go for the Eyes+1","Creative AI+1"],"relics":["Cracked Core","ClockworkSouvenir","Bottled Flame","Bird Faced Urn","Dodecahedron","Pocketwatch","Runic Dome","Incense Burner","Ice Cream","Frozen Egg 2","Question Card","Vajra","Sozu","Orichalcum","Mango","Molten Egg 2","Girya","Centennial Puzzle","PreservedInsect","Old Coin"],"potions_floor_usage":[19,56],"damage_taken":[{"damage":1,"enemies":"Cultist","floor":1,"turns":3},{"damage":2,"enemies":"Jaw Worm","floor":2,"turns":3},{"damage":1,"enemies":"Small Slimes","floor":5,"turns":4},{"damage":11,"enemies":"3 Sentries","floor":7,"turns":9},{"damage":0,"enemies":"Red Slaver","floor":11,"turns":5},{"damage":10,"enemies":"3 Louse","floor":13,"turns":3},{"damage":4,"enemies":"Gremlin Nob","floor":14,"turns":3},{"damage":17,"enemies":"Slime Boss","floor":16,"turns":8},{"damage":3,"enemies":"2 Thieves","floor":18,"turns":3},{"damage":10,"enemies":"Shell Parasite","floor":19,"turns":4},{"damage":12,"enemies":"Snake Plant","floor":20,"turns":7},{"damage":11,"enemies":"Colosseum Slavers","floor":22,"turns":3},{"damage":7,"enemies":"Colosseum Nobs","floor":22,"turns":3},{"damage":13,"enemies":"Gremlin Leader","floor":24,"turns":6},{"damage":4,"enemies":"Sentry and Sphere","floor":28,"turns":3},{"damage":17,"enemies":"Shelled Parasite and Fungi","floor":29,"turns":7},{"damage":29,"enemies":"Slavers","floor":31,"turns":2},{"damage":22,"enemies":"Automaton","floor":33,"turns":17},{"damage":0,"enemies":"3 Darklings","floor":35,"turns":4},{"damage":15,"enemies":"3 Shapes","floor":38,"turns":2},{"damage":51,"enemies":"Reptomancer","floor":41,"turns":8},{"damage":0,"enemies":"Maw","floor":45,"turns":8},{"damage":26,"enemies":"2 Orb Walkers","floor":46,"turns":4},{"damage":0,"enemies":"Giant Head","floor":47,"turns":14},{"damage":1,"enemies":"Jaw Worm Horde","floor":48,"turns":5},{"damage":10,"enemies":"Donu and Deca","floor":50,"turns":14},{"damage":4,"enemies":"Awakened One","floor":51,"turns":30},{"damage":17,"enemies":"Shield and Spear","floor":55,"turns":6},{"damage":37,"enemies":"The Heart","floor":56,"turns":13}],"seed_played":"-3828836067205743167","potions_obtained":[{"floor":1,"key":"SpeedPotion"},{"floor":8,"key":"SmokeBomb"},{"floor":14,"key":"SkillPotion"},{"floor":20,"key":"Dexterity Potion"},{"floor":29,"key":"SteroidPotion"}],"is_trial":false,"path_per_floor":["M","M","$","?","M","R","E","?","T","R","M","?","M","E","R","B",null,"M","M","M","?","?","R","E","$","T","?","M","M","R","E","R","B",null,"M","$","?","M","T","R","E","$","T","$","M","?","E","M","R","B","B",null,"R","$","E","B",null],"character_chosen":"DEFECT","items_purchased":["Defragment","Cold Snap","ClockworkSouvenir","Frozen Egg 2","Loop+1","Capacitor+1","Consume","Mango","PreservedInsect"],"campfire_rested":3,"item_purchase_floors":[3,3,3,25,25,36,36,42,54],"current_hp_per_floor":[45,43,43,43,42,42,31,31,31,31,33,33,25,23,42,27,55,56,50,42,42,32,32,23,23,23,23,25,14,33,8,27,13,51,61,61,61,50,50,50,13,27,27,27,41,29,43,56,56,60,70,76,76,76,71,78],"gold":341,"neow_bonus":"TWO_FIFTY_GOLD","is_prod":false,"is_daily":false,"chose_seed":false,"campfire_upgraded":5,"win_rate":0,"timestamp":1543190055,"path_taken":["M","?","$","?","M","R","E","?","T","R","?","?","M","E","R","BOSS","M","?","M","?","?","R","E","$","T","?","?","M","R","E","R","BOSS","M","$","?","M","?","R","E","$","T","?","M","?","E","M","R","BOSS","BOSS","R","$","E","BOSS"],"build_version":"2018-11-15","purchased_purges":1,"victory":true,"max_hp_per_floor":[71,71,71,64,64,64,64,64,64,64,64,64,64,64,64,64,64,64,64,64,64,64,64,64,64,64,64,64,64,64,64,64,64,64,64,64,64,64,64,64,64,78,78,78,78,78,78,78,78,78,78,78,78,78,78,78],"card_choices":[{"not_picked":["Defragment","Scrape"],"picked":"Ball Lightning","floor":1},{"not_picked":["Skim","Scrape"],"picked":"Sweeping Beam","floor":2},{"not_picked":["Heatsinks","Turbo"],"picked":"Glacier","floor":5},{"not_picked":["Cold Snap","Redo","Steam Power"],"picked":"SKIP","floor":7},{"not_picked":["Cold Snap","Redo","Steam Power"],"picked":"SKIP","floor":7},{"not_picked":["Leap","Cold Snap"],"picked":"Compile Driver","floor":11},{"not_picked":["Gash","Beam Cell"],"picked":"Ball Lightning","floor":13},{"not_picked":["Sweeping Beam","Gash","Barrage"],"picked":"SKIP","floor":14},{"not_picked":["Hyperbeam","Seek"],"picked":"Electrodynamics","floor":16},{"not_picked":["Fusion","Storm"],"picked":"Glacier+1","floor":18},{"not_picked":["Blizzard+1","Barrage"],"picked":"Undo","floor":19},{"not_picked":["Barrage+1","Gash"],"picked":"Compile Driver","floor":20},{"not_picked":["Double Energy+1","Gash"],"picked":"Coolheaded","floor":22},{"not_picked":["Chaos","Steam Power"],"picked":"Conserve Battery","floor":24},{"not_picked":["Barrage","Stack","Rip and Tear","Turbo"],"picked":"SKIP","floor":28},{"not_picked":["Cold Snap","Glacier","Blizzard"],"picked":"Go for the Eyes","floor":29},{"not_picked":["Gash","Redo","Rip and Tear"],"picked":"Static Discharge+1","floor":31},{"not_picked":["Hyperbeam","Rainbow","Reboot"],"picked":"Buffer+1","floor":33},{"not_picked":["Turbo","Redo","Sweeping Beam","Rebound"],"picked":"SKIP","floor":35},{"not_picked":["Double Energy+1","Go for the Eyes+1","Barrage"],"picked":"Buffer+1","floor":38},{"not_picked":["Undo","Streamline","Steam Power"],"picked":"Coolheaded","floor":41},{"not_picked":["Turbo+1","Gash+1","Lockon+1","Recycle"],"picked":"SKIP","floor":45},{"not_picked":["Stack","Coolheaded","Beam Cell+1"],"picked":"Go for the Eyes+1","floor":47},{"not_picked":["Fusion+1","Blizzard+1","Streamline+1","Auto Shields"],"picked":"SKIP","floor":48},{"not_picked":["Beam Cell+1","Hello World+1","Blizzard+1"],"picked":"Creative AI+1","floor":55}],"player_experience":1021148,"relics_obtained":[{"floor":7,"key":"Bottled Flame"},{"floor":9,"key":"Bird Faced Urn"},{"floor":14,"key":"Pocketwatch"},{"floor":22,"key":"Incense Burner"},{"floor":24,"key":"Ice Cream"},{"floor":26,"key":"Question Card"},{"floor":31,"key":"Vajra"},{"floor":41,"key":"Orichalcum"},{"floor":43,"key":"Molten Egg 2"},{"floor":46,"key":"Girya"},{"floor":47,"key":"Centennial Puzzle"},{"floor":55,"key":"Old Coin"}],"event_choices":[{"damage_healed":0,"gold_gain":0,"player_choice":"Lose Max HP","damage_taken":0,"relics_obtained":["Golden Idol"],"max_hp_gain":0,"max_hp_loss":7,"event_name":"Golden Idol","floor":4,"gold_loss":0},{"damage_healed":0,"gold_gain":0,"player_choice":"Bought 1 Potion","damage_taken":0,"max_hp_gain":0,"max_hp_loss":0,"event_name":"The Woman in Blue","floor":8,"gold_loss":0},{"damage_healed":0,"gold_gain":0,"player_choice":"Paid Gold","damage_taken":0,"relics_obtained":["Dodecahedron"],"max_hp_gain":0,"max_hp_loss":0,"event_name":"WeMeetAgain","floor":12,"gold_loss":70},{"damage_healed":0,"gold_gain":0,"player_choice":"Ignored","damage_taken":0,"max_hp_gain":0,"max_hp_loss":0,"event_name":"Ghosts","floor":21,"gold_loss":0},{"damage_healed":0,"gold_gain":0,"player_choice":"Fight","damage_taken":0,"max_hp_gain":0,"max_hp_loss":0,"event_name":"Colosseum","floor":22,"gold_loss":0},{"damage_healed":0,"gold_gain":0,"player_choice":"Fought Nobs","damage_taken":0,"max_hp_gain":0,"max_hp_loss":0,"event_name":"Colosseum","floor":22,"gold_loss":0},{"damage_healed":0,"gold_gain":50,"player_choice":"Stole From Cult","damage_taken":0,"max_hp_gain":0,"max_hp_loss":0,"event_name":"Nest","floor":27,"gold_loss":0},{"damage_healed":0,"gold_gain":333,"player_choice":"Gave Idol","damage_taken":0,"max_hp_gain":0,"max_hp_loss":0,"event_name":"The Moai Head","floor":37,"relics_lost":["Golden Idol"],"gold_loss":0},{"damage_healed":0,"gold_gain":0,"player_choice":"Fight","damage_taken":0,"max_hp_gain":0,"max_hp_loss":0,"event_name":"Mysterious Sphere","floor":46,"gold_loss":0}],"is_beta":true,"boss_relics":[{"not_picked":["Calling Bell","Orrery"],"picked":"Runic Dome"},{"not_picked":["Cursed Key","Pandora\u0027s Box"],"picked":"Sozu"}],"items_purged_floors":[36],"is_endless":false,"potions_floor_spawned":[1,14,16,20,22,24,29,33,38,41],"ascension_level":20}