{"gold_per_floor":[110,127,138,138,138,172,172,190,247,264,264,282,310,329,329,434,434,448,475,486,500,520,549,549,563,563,213,213,61,61,14,14,114,114,127,33,83,93,113,113,124,135,135,151,167,16,16],"floor_reached":47,"playtime":3788,"items_purged":["Zap"],"score":538,"play_id":"8839eebd-8ae4-4f94-abe0-1999b843a6ad","local_time":"20190320132547","is_ascension_mode":false,"campfire_choices":[{"floor":7.0,"key":"REST"},{"floor":11.0,"key":"REST"},{"floor":15.0,"key":"REST"},{"floor":24.0,"key":"REST"},{"floor":30.0,"key":"REST"},{"data":"Gash","floor":32.0,"key":"SMITH"},{"floor":40.0,"key":"REST"}],"neow_cost":"NONE","seed_source_timestamp":0,"circlet_count":0,"master_deck":["Strike_B+1","Strike_B","Strike_B","Strike_B","Defend_B+1","Defend_B","Defend_B","Defend_B","Dualcast","Lockon","Glacier","Beam Cell","Stack","Rebound","Go for the Eyes","Reinforced Body","Cold Snap","All For One","Melter","Echo Form","Streamline","Steam","Beam Cell","Compile Driver+1","Static Discharge+1","Conserve Battery","Doom and Gloom","Beam Cell+1","Hologram","Gash+1","Redo+1","FTL","Gash","All For One","Gash+1","Go for the Eyes+1","FTL","Beam Cell","Self Repair","Go for the Eyes","Beam Cell+1","Gash","White Noise","Gash","Leap+1"],"special_seed":0,"relics":["Cracked Core","NeowsBlessing","Ancient Tea Set","Happy Flower","Tiny Chest","Prayer Wheel","Eternal Feather","Regal Pillow","Orichalcum","Lantern","Ornamental Fan","Vajra","Fusion Hammer","Anchor","Pocketwatch","Boot"],"potions_floor_usage":[47],"damage_taken":[{"damage":0.0,"enemies":"Cultist","floor":1.0,"turns":1.0},{"damage":0.0,"enemies":"2 Louse","floor":2.0,"turns":1.0},{"damage":0.0,"enemies":"Small Slimes","floor":3.0,"turns":1.0},{"damage":15.0,"enemies":"Gremlin Nob","floor":6.0,"turns":5.0},{"damage":0.0,"enemies":"Looter","floor":8.0,"turns":2.0},{"damage":21.0,"enemies":"Lots of Slimes","floor":10.0,"turns":4.0},{"damage":8.0,"enemies":"Exordium Thugs","floor":12.0,"turns":3.0},{"damage":7.0,"enemies":"Lagavulin","floor":13.0,"turns":8.0},{"damage":0.0,"enemies":"2 Fungi Beasts","floor":14.0,"turns":2.0},{"damage":37.0,"enemies":"Hexaghost","floor":16.0,"turns":12.0},{"damage":15.0,"enemies":"2 Thieves","floor":18.0,"turns":5.0},{"damage":15.0,"enemies":"Shell Parasite","floor":20.0,"turns":4.0},{"damage":5.0,"enemies":"Chosen and Byrds","floor":21.0,"turns":6.0},{"damage":20.0,"enemies":"Snake Plant","floor":22.0,"turns":5.0},{"damage":18.0,"enemies":"Book of Stabbing","floor":23.0,"turns":5.0},{"damage":21.0,"enemies":"3 Cultists","floor":25.0,"turns":6.0},{"damage":58.0,"enemies":"Automaton","floor":33.0,"turns":11.0},{"damage":5.0,"enemies":"Orb Walker","floor":35.0,"turns":4.0},{"damage":11.0,"enemies":"3 Shapes","floor":38.0,"turns":5.0},{"damage":2.0,"enemies":"Maw","floor":39.0,"turns":5.0},{"damage":4,"enemies":"Sphere and 2 Shapes","floor":41,"turns":6},{"damage":7,"enemies":"3 Darklings","floor":42,"turns":4},{"damage":15,"enemies":"Spire Growth","floor":44,"turns":5},{"damage":18,"enemies":"Maw","floor":45,"turns":5},{"damage":48,"enemies":"Nemesis","floor":47,"turns":4}],"seed_played":"6288695515219242647","potions_obtained":[{"floor":1.0,"key":"SkillPotion"},{"floor":3.0,"key":"PowerPotion"},{"floor":10.0,"key":"Explosive Potion"},{"floor":12.0,"key":"FearPotion"},{"floor":14.0,"key":"LiquidBronze"},{"floor":16.0,"key":"Fruit Juice"},{"floor":18.0,"key":"Dexterity Potion"},{"floor":23.0,"key":"Explosive Potion"},{"floor":28.0,"key":"AttackPotion"}],"is_trial":false,"path_per_floor":["M","M","M","?","?","E","R","M","T","M","R","M","E","M","R","B",null,"M","T","M","M","M","E","R","M","T","$","?","$","R","$","R","B",null,"M","$","T","M","M","R","M","M","T","M","M","$","E"],"character_chosen":"DEFECT","items_purchased":["FTL","Ornamental Fan","Vajra","Gash","FTL","Beam Cell","Boot"],"campfire_rested":6,"item_purchase_floors":[27,27,29,31,36,36,46],"current_hp_per_floor":[75,75,75,60,60,45,67,67,67,46,68,60,53,53,75,43,80,65,65,50,45,25,7,64,43,43,43,43,43,80,80,80,22,80,75,75,75,64,62,80,80,73,73,65,47,47,0],"gold":16,"neow_bonus":"THREE_ENEMY_KILL","is_prod":false,"is_daily":false,"chose_seed":false,"campfire_upgraded":1,"win_rate":0.0,"timestamp":1553102747,"path_taken":["M","M","M","?","?","E","R","M","T","M","R","M","E","M","R","BOSS","M","?","?","M","M","E","R","M","T","$","?","$","R","$","R","BOSS","M","$","?","M","?","R","M","M","T","M","M","$","E"],"build_version":"2019-01-23","purchased_purges":1,"victory":false,"max_hp_per_floor":[75,75,75,75,75,75,75,75,75,75,75,75,75,75,75,80,80,80,80,80,80,80,80,80,80,80,80,80,80,80,80,80,80,80,80,80,80,80,80,80,80,80,80,80,80,80,80],"card_choices":[{"not_picked":["Hologram","Turbo"],"picked":"Lockon","floor":1.0},{"not_picked":["Coolheaded","Sunder"],"picked":"Glacier","floor":2.0},{"not_picked":["Stack","Sweeping Beam"],"picked":"Beam Cell","floor":3.0},{"not_picked":["Consume","White Noise"],"picked":"Stack","floor":6.0},{"not_picked":["Turbo","Sweeping Beam"],"picked":"Rebound","floor":8.0},{"not_picked":["Turbo","Stack"],"picked":"Go for the Eyes","floor":10.0},{"not_picked":["Compile Driver","Sweeping Beam"],"picked":"Reinforced Body","floor":12.0},{"not_picked":["Chaos","Compile Driver"],"picked":"Cold Snap","floor":13.0},{"not_picked":["Ball Lightning","Cold Snap"],"picked":"All For One","floor":14.0},{"not_picked":["Leap","Coolheaded"],"picked":"Melter","floor":14.0},{"not_picked":["Machine Learning","Fission"],"picked":"Echo Form","floor":16.0},{"not_picked":["Redo","Force Field"],"picked":"Streamline","floor":18.0},{"not_picked":["Sweeping Beam","Turbo"],"picked":"Steam","floor":18.0},{"not_picked":["Conserve Battery","Cold Snap"],"picked":"Beam Cell","floor":20.0},{"not_picked":["Sweeping Beam","Hologram"],"picked":"Compile Driver+1","floor":20.0},{"not_picked":["Cold Snap","Ball Lightning+1"],"picked":"Static Discharge+1","floor":21.0},{"not_picked":["Steam","Heatsinks"],"picked":"Conserve Battery","floor":21.0},{"not_picked":["Blizzard","Reinforced Body"],"picked":"Doom and Gloom","floor":22.0},{"not_picked":["Glacier","Loop"],"picked":"Beam Cell+1","floor":22.0},{"not_picked":["Amplify","Scrape"],"picked":"Hologram","floor":23.0},{"not_picked":["Coolheaded+1","Stack"],"picked":"Gash","floor":25.0},{"not_picked":["Glacier","Aggregate+1"],"picked":"Redo+1","floor":25.0},{"not_picked":["Creative AI","Biased Cognition"],"picked":"All For One","floor":33.0},{"not_picked":["Glacier+1","Reprogram"],"picked":"Gash+1","floor":35.0},{"not_picked":["Capacitor+1","Rebound+1"],"picked":"Go for the Eyes+1","floor":35.0},{"not_picked":["Redo+1","Force Field"],"picked":"Self Repair","floor":38.0},{"not_picked":["Fusion+1","Turbo"],"picked":"Go for the Eyes","floor":38.0},{"not_picked":["Electrodynamics","Redo+1"],"picked":"Beam Cell+1","floor":39.0},{"not_picked":["Doom and Gloom","Turbo","Static Discharge"],"picked":"SKIP","floor":39.0},{"not_picked":["Leap","Barrage+1"],"picked":"Gash","floor":41},{"not_picked":["Cold Snap","Rip and Tear+1","Buffer"],"picked":"SKIP","floor":41},{"not_picked":["Barrage+1","Fusion","Redo+1"],"picked":"SKIP","floor":42},{"not_picked":["Stack+1","Electrodynamics","Go for the Eyes+1"],"picked":"SKIP","floor":42},{"not_picked":["Sweeping Beam+1","Compile Driver"],"picked":"White Noise","floor":44},{"not_picked":["Rip and Tear+1","Stack"],"picked":"Gash","floor":44},{"not_picked":["Chaos+1","Hologram"],"picked":"Leap+1","floor":45},{"not_picked":["Force Field+1","Leap","Undo"],"picked":"SKIP","floor":45}],"player_experience":15903,"relics_obtained":[{"floor":6.0,"key":"Happy Flower"},{"floor":9.0,"key":"Tiny Chest"},{"floor":13.0,"key":"Prayer Wheel"},{"floor":19.0,"key":"Regal Pillow"},{"floor":23.0,"key":"Orichalcum"},{"floor":26.0,"key":"Lantern"},{"floor":37.0,"key":"Anchor"},{"floor":43,"key":"Pocketwatch"}],"event_choices":[{"damage_healed":0.0,"max_hp_gain":0.0,"max_hp_loss":0.0,"gold_gain":0.0,"event_name":"Shining Light","player_choice":"Entered Light","floor":4.0,"gold_loss":0.0,"damage_taken":15.0,"cards_upgraded":["Defend_B","Strike_B"]},{"damage_healed":0.0,"max_hp_gain":0.0,"max_hp_loss":0.0,"gold_gain":0.0,"event_name":"WeMeetAgain","player_choice":"Gave Potion","floor":5.0,"gold_loss":0.0,"damage_taken":0.0,"relics_obtained":["Ancient Tea Set"]},{"damage_healed":0.0,"max_hp_gain":0.0,"max_hp_loss":0.0,"gold_gain":0.0,"event_name":"Lab","player_choice":"Got Potions","floor":28.0,"gold_loss":0.0,"damage_taken":0.0}],"is_beta":false,"boss_relics":[{"not_picked":["Coffee Dripper","Orrery"],"picked":"Eternal Feather"},{"not_picked":["Empty Cage","Velvet Choker"],"picked":"Fusion Hammer"}],"items_purged_floors":[27],"is_endless":false,"potions_floor_spawned":[1,3,10,12,14,16,18,23,25,33,39,41,42,44],"killed_by":"Nemesis","ascension_level":0}