{"gold_per_floor":[110,60,235,25,43,68,68,102,102,137,147,162,162,162,162,162],"floor_reached":16,"playtime":670,"items_purged":["Doubt"],"score":124,"play_id":"55848ec7-48a4-42de-959b-eab27701a4bd","local_time":"20190411084002","is_ascension_mode":true,"campfire_choices":[{"data":"Storm","floor":15,"key":"SMITH"}],"neow_cost":"TEN_PERCENT_HP_LOSS","seed_source_timestamp":2641915826616731,"circlet_count":0,"master_deck":["Strike_B","Strike_B","Defend_B","Defend_B+1","Defend_B","Zap","Dualcast","White Noise","Storm+1","Go for the Eyes","White Noise","Hologram","Stack","Thunder Strike","Heatsinks+1","Conserve Battery"],"relics":["Cracked Core","Symbiotic Virus","Pen Nib","Dodecahedron","Omamori","Meat on the Bone","Letter Opener"],"potions_floor_usage":[6,10,12],"damage_taken":[{"damage":0,"enemies":"Small Slimes","floor":1,"turns":3},{"damage":1,"enemies":"Jaw Worm","floor":5,"turns":4},{"damage":22,"enemies":"3 Sentries","floor":6,"turns":6},{"damage":8,"enemies":"Lagavulin","floor":8,"turns":6},{"damage":17,"enemies":"Gremlin Nob","floor":10,"turns":4},{"damage":0,"enemies":"2 Louse","floor":11,"turns":2},{"damage":19,"enemies":"Exordium Thugs","floor":12,"turns":4},{"damage":4,"enemies":"Hexaghost","floor":16,"turns":3}],"seed_played":"709902948993281922","potions_obtained":[{"floor":1,"key":"Energy Potion"},{"floor":5,"key":"Block Potion"},{"floor":8,"key":"Block Potion"}],"is_trial":false,"path_per_floor":["M","?","?","$","M","E","?","E","T","E","M","M","?","T","R","B"],"character_chosen":"DEFECT","items_purchased":["Storm","Go for the Eyes"],"campfire_rested":0,"item_purchase_floors":[4,4],"current_hp_per_floor":[68,68,68,68,67,45,38,30,30,13,25,18,4,4,4,0],"gold":162,"neow_bonus":"REMOVE_TWO","is_prod":false,"is_daily":false,"chose_seed":false,"campfire_upgraded":1,"win_rate":0,"timestamp":1554986402,"path_taken":["M","?","?","$","M","E","?","E","T","E","M","?","?","?","R","BOSS"],"build_version":"2019-04-04","purchased_purges":1,"victory":false,"max_hp_per_floor":[68,68,68,68,68,68,68,68,68,68,68,68,68,68,68,68],"card_choices":[{"not_picked":["Storm","Heatsinks"],"picked":"White Noise","floor":1},{"not_picked":["Rebound","Coolheaded"],"picked":"White Noise","floor":5},{"not_picked":["Doom and Gloom","Beam Cell"],"picked":"Hologram","floor":6},{"not_picked":["Rebound","Compile Driver"],"picked":"Stack","floor":8},{"not_picked":["Go for the Eyes","Rebound"],"picked":"Thunder Strike","floor":10},{"not_picked":["Blizzard","Lockon"],"picked":"Heatsinks","floor":11},{"not_picked":["Ball Lightning","Hologram"],"picked":"Conserve Battery","floor":12}],"player_experience":5273771,"relics_obtained":[{"floor":6,"key":"Symbiotic Virus"},{"floor":8,"key":"Dodecahedron"},{"floor":9,"key":"Omamori"},{"floor":10,"key":"Meat on the Bone"},{"floor":14,"key":"Letter Opener"}],"event_choices":[{"cards_removed":["Strike_B"],"damage_healed":0,"gold_gain":0,"player_choice":"Card Removal","damage_taken":0,"max_hp_gain":0,"max_hp_loss":0,"event_name":"The Cleric","floor":2,"gold_loss":50},{"damage_healed":0,"gold_gain":175,"player_choice":"AGREE","damage_taken":0,"max_hp_gain":0,"max_hp_loss":0,"event_name":"Liars Game","floor":3,"gold_loss":0,"cards_obtained":["Doubt"]},{"damage_healed":0,"gold_gain":0,"player_choice":"Success","damage_taken":7,"relics_obtained":["Pen Nib"],"max_hp_gain":0,"max_hp_loss":0,"event_name":"Scrap Ooze","floor":7,"gold_loss":0},{"damage_healed":0,"gold_gain":0,"player_choice":"Entered Light","damage_taken":14,"max_hp_gain":0,"max_hp_loss":0,"event_name":"Shining Light","floor":13,"gold_loss":0,"cards_upgraded":["Defend_B","Heatsinks"]}],"is_beta":true,"boss_relics":[],"items_purged_floors":[4],"is_endless":false,"potions_floor_spawned":[1,5,8],"killed_by":"Hexaghost","ascension_level":1}