{"gold_per_floor":[118,17,17,17,17,17,30,50,129,159,173,200,216,216,216,293,293,306,317,317],"floor_reached":20,"playtime":533,"items_purged":["Strike_R"],"score":322,"play_id":"79b96c3c-63e4-46f4-8b31-64c2965e2a38","local_time":"20190414235020","is_ascension_mode":true,"campfire_choices":[{"data":"Rampage","floor":6,"key":"SMITH"},{"floor":15,"key":"REST"}],"neow_cost":"NONE","seed_source_timestamp":295211724158061,"circlet_count":0,"master_deck":["AscendersBane","Strike_R","Strike_R","Strike_R","Defend_R+1","Defend_R","Defend_R","Defend_R","Bash","Rampage+1","Headbutt+1","Dropkick","Intimidate","Shockwave","Warcry","Spot Weakness","Battle Trance","Limit Break"],"relics":["Burning Blood","NeowsBlessing","Frozen Egg 2","Dream Catcher","Ancient Tea Set","Busted Crown"],"potions_floor_usage":[10,11],"damage_taken":[{"damage":0,"enemies":"Small Slimes","floor":1,"turns":1},{"damage":0,"enemies":"Jaw Worm","floor":7,"turns":1},{"damage":0,"enemies":"Cultist","floor":8,"turns":1},{"damage":22,"enemies":"3 Sentries","floor":10,"turns":7},{"damage":9,"enemies":"Exordium Thugs","floor":11,"turns":4},{"damage":17,"enemies":"Lagavulin","floor":12,"turns":6},{"damage":3,"enemies":"Looter","floor":13,"turns":2},{"damage":52,"enemies":"The Guardian","floor":16,"turns":10},{"damage":23,"enemies":"Spheric Guardian","floor":18,"turns":4},{"damage":22,"enemies":"2 Thieves","floor":19,"turns":3},{"damage":37,"enemies":"Masked Bandits","floor":20,"turns":3}],"seed_played":"-5709541410136505170","potions_obtained":[{"floor":7,"key":"BloodPotion"},{"floor":10,"key":"Fire Potion"}],"is_trial":false,"path_per_floor":["M","$","?","?","$","R","M","M","T","E","M","E","M","?","R","B",null,"M","M","?"],"character_chosen":"IRONCLAD","items_purchased":["Headbutt"],"campfire_rested":1,"item_purchase_floors":[2],"current_hp_per_floor":[74,74,51,44,44,44,50,56,56,47,44,33,36,36,58,12,59,42,26,0],"gold":317,"neow_bonus":"THREE_ENEMY_KILL","is_prod":false,"is_daily":false,"chose_seed":false,"campfire_upgraded":1,"win_rate":0,"timestamp":1555296620,"path_taken":["M","$","?","?","?","R","?","M","T","E","M","E","M","?","R","BOSS","M","M","?"],"build_version":"2019-01-23","purchased_purges":1,"victory":false,"max_hp_per_floor":[75,75,75,75,75,75,75,75,75,75,75,75,75,75,75,75,75,75,75,75],"card_choices":[{"not_picked":["Flex","Sword Boomerang"],"picked":"Rampage","floor":1},{"not_picked":["Twin Strike","True Grit"],"picked":"Dropkick","floor":7},{"not_picked":["Twin Strike","Body Slam"],"picked":"Intimidate","floor":8},{"not_picked":["Infernal Blade","Flex","Sword Boomerang"],"picked":"SKIP","floor":10},{"not_picked":["Flex","Body Slam"],"picked":"Shockwave","floor":11},{"not_picked":["Anger","Hemokinesis"],"picked":"Warcry","floor":12},{"not_picked":["Juggernaut+1","Sword Boomerang"],"picked":"Spot Weakness","floor":13},{"not_picked":["Havoc","Ghostly Armor"],"picked":"Battle Trance","floor":15},{"not_picked":["Impervious","Dark Embrace+1"],"picked":"Limit Break","floor":16},{"not_picked":["Anger"],"picked":"SKIP","floor":18},{"not_picked":["Pommel Strike"],"picked":"SKIP","floor":19}],"player_experience":1131832,"relics_obtained":[{"floor":9,"key":"Frozen Egg 2"},{"floor":10,"key":"Dream Catcher"},{"floor":12,"key":"Ancient Tea Set"}],"event_choices":[{"damage_healed":0,"gold_gain":0,"player_choice":"Entered Light","damage_taken":23,"max_hp_gain":0,"max_hp_loss":0,"event_name":"Shining Light","floor":3,"gold_loss":0,"cards_upgraded":["Headbutt","Defend_R"]},{"cards_removed":["Strike_R"],"damage_healed":0,"gold_gain":0,"player_choice":"Card Removal","damage_taken":7,"max_hp_gain":0,"max_hp_loss":0,"event_name":"Golden Wing","floor":4,"gold_loss":0},{"damage_healed":0,"gold_gain":0,"player_choice":"Ignored","damage_taken":0,"max_hp_gain":0,"max_hp_loss":0,"event_name":"Liars Game","floor":14,"gold_loss":0},{"damage_healed":0,"gold_gain":0,"player_choice":"Fought Bandits","damage_taken":0,"max_hp_gain":0,"max_hp_loss":0,"event_name":"Masked Bandits","floor":20,"gold_loss":0}],"is_beta":false,"boss_relics":[{"not_picked":["Eternal Feather","Fusion Hammer"],"picked":"Busted Crown"}],"items_purged_floors":[2],"is_endless":false,"potions_floor_spawned":[7,10],"killed_by":"Masked Bandits","ascension_level":15}