{"gold_per_floor":[119,294,6,6,20,20,53,71,116,136,136,136,163,177,177,177],"floor_reached":16,"playtime":564,"items_purged":[],"score":143,"play_id":"0bdc545b-77d4-41d7-b3cf-b5e4ec6d7274","local_time":"20181227184012","is_ascension_mode":true,"campfire_choices":[{"floor":6,"key":"REST"},{"floor":11,"key":"REST"},{"floor":15,"key":"REST"}],"neow_cost":"NONE","seed_source_timestamp":512011714877831,"circlet_count":0,"master_deck":["Strike_R","Strike_R+1","Strike_R","Strike_R+1","Strike_R","Defend_R","Defend_R","Defend_R","Defend_R","Bash+1","Iron Wave","Doubt","Good Instincts","Thunderclap+1","Shockwave","Sword Boomerang","Rupture","Fire Breathing","Armaments"],"relics":["Burning Blood","Boot","Sling","Whetstone","Smiling Mask","Centennial Puzzle","WingedGreaves"],"potions_floor_usage":[10,13,13],"damage_taken":[{"damage":6,"enemies":"Cultist","floor":1,"turns":4},{"damage":6,"enemies":"Jaw Worm","floor":5,"turns":4},{"damage":58,"enemies":"Lagavulin","floor":7,"turns":7},{"damage":0,"enemies":"Small Slimes","floor":8,"turns":3},{"damage":9,"enemies":"Exordium Wildlife","floor":10,"turns":3},{"damage":2,"enemies":"3 Sentries","floor":13,"turns":7},{"damage":11,"enemies":"Blue Slaver","floor":14,"turns":3},{"damage":56,"enemies":"Hexaghost","floor":16,"turns":9}],"seed_played":"-1667429704089313262","potions_obtained":[{"floor":7,"key":"EssenceOfSteel"},{"floor":8,"key":"Fire Potion"},{"floor":10,"key":"EssenceOfSteel"}],"is_trial":false,"path_per_floor":["M","?","$","?","M","R","E","M","T","M","R","?","E","M","R","B"],"character_chosen":"IRONCLAD","items_purchased":["Sling","Good Instincts"],"campfire_rested":3,"item_purchase_floors":[3,3],"current_hp_per_floor":[72,72,72,56,56,80,28,34,34,31,55,30,34,29,53,0],"gold":177,"neow_bonus":"RANDOM_COMMON_RELIC","is_prod":false,"is_daily":false,"chose_seed":false,"campfire_upgraded":0,"win_rate":0,"timestamp":1545946812,"path_taken":["M","?","$","?","M","R","E","M","T","M","R","?","E","M","R","BOSS"],"build_version":"2018-12-20","purchased_purges":0,"victory":false,"max_hp_per_floor":[80,80,80,80,80,80,80,80,80,80,80,80,80,80,80,80],"card_choices":[{"not_picked":["True Grit","Shrug It Off"],"picked":"Iron Wave","floor":1},{"not_picked":["Sever Soul","Iron Wave"],"picked":"Thunderclap","floor":5},{"not_picked":["Uppercut","Clothesline"],"picked":"Shockwave","floor":7},{"not_picked":["Bloodletting","Uppercut"],"picked":"Sword Boomerang","floor":8},{"not_picked":["Warcry","Dropkick"],"picked":"Rupture","floor":10},{"not_picked":["Feel No Pain","Fiend Fire"],"picked":"Fire Breathing","floor":13},{"not_picked":["Rampage","Havoc"],"picked":"Armaments","floor":14}],"player_experience":551263,"relics_obtained":[{"floor":7,"key":"Whetstone"},{"floor":9,"key":"Smiling Mask"},{"floor":13,"key":"WingedGreaves"}],"event_choices":[{"damage_healed":0,"gold_gain":175,"player_choice":"AGREE","damage_taken":0,"max_hp_gain":0,"max_hp_loss":0,"event_name":"Liars Game","floor":2,"gold_loss":0,"cards_obtained":["Doubt"]},{"damage_healed":0,"gold_gain":0,"player_choice":"Entered Light","damage_taken":16,"max_hp_gain":0,"max_hp_loss":0,"event_name":"Shining Light","floor":4,"gold_loss":0,"cards_upgraded":["Bash","Strike_R"]},{"damage_healed":0,"gold_gain":0,"player_choice":"Success","damage_taken":25,"relics_obtained":["Centennial Puzzle"],"max_hp_gain":0,"max_hp_loss":0,"event_name":"Scrap Ooze","floor":12,"gold_loss":0}],"is_beta":false,"boss_relics":[],"items_purged_floors":[],"is_endless":false,"potions_floor_spawned":[7,8,10],"killed_by":"Hexaghost","ascension_level":6}