{"gold_per_floor":[114,7,7,57,107,107,85,110,110,110,76,106,125,142,142,246,246,258,308,318,318],"floor_reached":21,"playtime":738,"items_purged":[],"score":204,"play_id":"7aa54605-2d20-4de0-8b9a-d21b2a422160","local_time":"20190408160019","is_ascension_mode":true,"campfire_choices":[{"data":"Flex","floor":6,"key":"SMITH"},{"data":"Armaments","floor":10,"key":"SMITH"},{"data":"Fire Breathing","floor":15,"key":"SMITH"}],"neow_cost":"NONE","seed_source_timestamp":1123026624682300,"circlet_count":0,"master_deck":["Strike_R","Strike_R","Strike_R","Strike_R","Strike_R","Defend_R","Defend_R","Defend_R","Defend_R","Bash","Flex+1","Armaments+1","Clash","Pommel Strike","Spot Weakness","Fire Breathing+1","Limit Break","Ghostly Armor","Dual Wield","Pommel Strike","Heavy Blade","Flex+1"],"relics":["Burning Blood","Regal Pillow","SsserpentHead","Paper Frog","StoneCalendar","Gremlin Horn","Torii","Orrery"],"potions_floor_usage":[16,20,21],"damage_taken":[{"damage":0,"enemies":"Small Slimes","floor":1,"turns":3},{"damage":20,"enemies":"Lagavulin","floor":8,"turns":6},{"damage":18,"enemies":"3 Sentries","floor":12,"turns":7},{"damage":0,"enemies":"Cultist","floor":13,"turns":2},{"damage":7,"enemies":"Jaw Worm","floor":14,"turns":2},{"damage":25,"enemies":"Slime Boss","floor":16,"turns":8},{"damage":0,"enemies":"Spheric Guardian","floor":18,"turns":1},{"damage":41,"enemies":"3 Byrds","floor":20,"turns":5},{"damage":48,"enemies":"Shelled Parasite and Fungi","floor":21,"turns":4}],"seed_played":"3283338510960215374","potions_obtained":[{"floor":12,"key":"AttackPotion"},{"floor":14,"key":"Poison Potion"},{"floor":16,"key":"Ancient Potion"},{"floor":20,"key":"Explosive Potion"}],"is_trial":false,"path_per_floor":["M","$","?","$","?","R","$","E","T","R","?","E","M","M","R","B",null,"M","?","M","M"],"character_chosen":"IRONCLAD","items_purchased":["Armaments","Clash","Pommel Strike"],"campfire_rested":0,"item_purchase_floors":[2,2,7],"current_hp_per_floor":[80,80,80,80,80,80,80,66,66,66,66,54,60,59,59,40,80,80,80,45,0],"gold":318,"neow_bonus":"RANDOM_COMMON_RELIC","is_prod":false,"is_daily":false,"chose_seed":false,"campfire_upgraded":3,"win_rate":0,"timestamp":1554753619,"path_taken":["M","$","?","?","?","R","$","E","T","R","?","E","M","M","R","BOSS","M","?","M","M"],"build_version":"2019-01-23","purchased_purges":0,"victory":false,"max_hp_per_floor":[80,80,80,80,80,80,80,80,80,80,80,80,80,80,80,80,80,80,80,80,80],"card_choices":[{"not_picked":["Twin Strike","Pommel Strike"],"picked":"Flex","floor":1},{"not_picked":["Bloodletting","Rupture","Clothesline"],"picked":"SKIP","floor":8},{"not_picked":["Uppercut","Entrench"],"picked":"Spot Weakness","floor":12},{"not_picked":["Feel No Pain","Battle Trance"],"picked":"Fire Breathing","floor":13},{"not_picked":["Disarm","Wild Strike","Second Wind"],"picked":"SKIP","floor":14},{"not_picked":["Feed","Bludgeon"],"picked":"Limit Break","floor":16},{"not_picked":["Clothesline","Armaments"],"picked":"Ghostly Armor","floor":17},{"not_picked":["Dropkick","Intimidate"],"picked":"Dual Wield","floor":17},{"not_picked":["Pummel+1","Clothesline+1"],"picked":"Pommel Strike","floor":18},{"not_picked":["Reckless Charge","Rage"],"picked":"Flex+1","floor":20}],"player_experience":70476,"relics_obtained":[{"floor":8,"key":"Paper Frog"},{"floor":9,"key":"StoneCalendar"},{"floor":12,"key":"Torii"}],"event_choices":[{"damage_healed":0,"gold_gain":0,"player_choice":"Trade","damage_taken":0,"relics_obtained":["SsserpentHead"],"max_hp_gain":0,"max_hp_loss":0,"event_name":"FaceTrader","floor":3,"gold_loss":0},{"damage_healed":0,"gold_gain":0,"player_choice":"Leave","damage_taken":0,"max_hp_gain":0,"max_hp_loss":0,"event_name":"The Cleric","floor":5,"gold_loss":0},{"damage_healed":0,"gold_gain":0,"player_choice":"Paid Gold","damage_taken":0,"relics_obtained":["Gremlin Horn"],"max_hp_gain":0,"max_hp_loss":0,"event_name":"WeMeetAgain","floor":11,"gold_loss":84},{"damage_healed":0,"gold_gain":0,"player_choice":"Read","damage_taken":0,"max_hp_gain":0,"max_hp_loss":0,"event_name":"The Library","floor":19,"gold_loss":0,"cards_obtained":["Heavy Blade"]}],"is_beta":false,"boss_relics":[{"not_picked":["Fusion Hammer","Runic Pyramid"],"picked":"Orrery"}],"items_purged_floors":[],"is_endless":false,"potions_floor_spawned":[12,14,16,20],"killed_by":"Shelled Parasite and Fungi","ascension_level":2}