{"gold_per_floor":[119,12,27,27,27,27,54,54,80,109,41,41],"floor_reached":12,"playtime":307,"items_purged":[],"score":122,"play_id":"3e8b3a04-ade8-49e6-9186-30bfa4dfc152","local_time":"20190224033201","is_ascension_mode":true,"campfire_choices":[{"data":"Genetic Algorithm","floor":6,"key":"SMITH"},{"floor":8,"key":"REST"}],"neow_cost":"TEN_PERCENT_HP_LOSS","seed_source_timestamp":827947796473185,"circlet_count":0,"master_deck":["Strike_B","Strike_B","Defend_B","Defend_B","Defend_B","Zap","Dualcast","Compile Driver","Genetic Algorithm+1","Sweeping Beam","White Noise","Defragment","Defragment","Melter","Auto Shields","Loop"],"relics":["Cracked Core","Ornamental Fan","PreservedInsect","Prayer Wheel"],"potions_floor_usage":[10,12],"damage_taken":[{"damage":5,"enemies":"Cultist","floor":1,"turns":3},{"damage":12,"enemies":"Small Slimes","floor":3,"turns":3},{"damage":30,"enemies":"3 Sentries","floor":7,"turns":5},{"damage":25,"enemies":"Gremlin Nob","floor":10,"turns":4},{"damage":21,"enemies":"Lagavulin","floor":12,"turns":3}],"seed_played":"3272498743607715810","potions_obtained":[{"floor":1,"key":"GamblersBrew"},{"floor":7,"key":"PowerPotion"}],"is_trial":false,"path_per_floor":["M","$","M","$","?","R","E","R","T","E","$","E"],"character_chosen":"DEFECT","items_purchased":["White Noise","Defragment","Loop"],"campfire_rested":1,"item_purchase_floors":[2,2,11],"current_hp_per_floor":[63,63,51,51,51,51,21,41,41,16,16,0],"gold":41,"neow_bonus":"TRANSFORM_TWO_CARDS","is_prod":false,"is_daily":false,"chose_seed":false,"campfire_upgraded":1,"win_rate":0,"timestamp":1550989921,"path_taken":["M","?","?","$","?","R","E","R","T","E","?","E"],"build_version":"2019-01-23","purchased_purges":0,"victory":false,"max_hp_per_floor":[68,68,68,68,68,68,68,68,68,68,68,68],"card_choices":[{"not_picked":["Force Field","Glacier"],"picked":"Sweeping Beam","floor":1},{"not_picked":["Double Energy","Ball Lightning"],"picked":"Defragment","floor":3},{"not_picked":["Rebound","Hologram"],"picked":"Melter","floor":7},{"not_picked":["Stack","Gash"],"picked":"Auto Shields","floor":10}],"player_experience":853658,"relics_obtained":[{"floor":7,"key":"Ornamental Fan"},{"floor":9,"key":"PreservedInsect"},{"floor":10,"key":"Prayer Wheel"}],"event_choices":[{"cards_removed":["Strike_B"],"damage_healed":0,"gold_gain":0,"player_choice":"Offered Basic","damage_taken":0,"max_hp_gain":0,"max_hp_loss":0,"event_name":"Bonfire Elementals","floor":5,"gold_loss":0}],"is_beta":false,"boss_relics":[],"items_purged_floors":[],"is_endless":false,"potions_floor_spawned":[1,7],"killed_by":"Lagavulin","ascension_level":9}