{"gold_per_floor":[117,4,4,22,38,68,68,99,99,99,99,109,109,143,143,216,216,229,229,1,1,15,15,35,68,68,68,102,102,136,136,136,213,213,232,30,30],"floor_reached":37,"playtime":2602,"items_purged":["Bite+1","Bite+1"],"score":932,"play_id":"f7c9d955-fd31-4785-9b9a-b354d9a33763","local_time":"20181122104135","is_ascension_mode":true,"campfire_choices":[{"data":"Inflame","floor":7,"key":"SMITH"},{"floor":11,"key":"REST"},{"data":"Pommel Strike","floor":13,"key":"SMITH"},{"data":"Battle Trance","floor":15,"key":"SMITH"},{"floor":23,"key":"RECALL"},{"data":"Disarm","floor":27,"key":"SMITH"},{"data":"Bash","floor":29,"key":"SMITH"},{"data":"Shrug It Off","floor":32,"key":"SMITH"}],"neow_cost":"NONE","seed_source_timestamp":657882280661814,"circlet_count":0,"master_deck":["AscendersBane","Defend_R","Defend_R","Defend_R","Defend_R","Bash+1","Pommel Strike+1","Inflame+1","Sword Boomerang+1","Thunderclap","Shrug It Off+1","Battle Trance+1","Metallicize+1","Pommel Strike+1","Barricade+1","Impervious","Armaments","Bite+1","Bite+1","Bite+1","Fiend Fire+1","Disarm+1","Immolate+1","True Grit+1","Exhume","Disarm","Shrug It Off"],"relics":["Burning Blood","Bag of Marbles","Frozen Egg 2","Pantograph","Molten Egg 2","Oddly Smooth Stone","Coffee Dripper","Regal Pillow","Kunai","Mummified Hand","Pear","Lizard Tail"],"potions_floor_usage":[25,37,37],"damage_taken":[{"damage":9,"enemies":"Jaw Worm","floor":1,"turns":4},{"damage":0,"enemies":"2 Louse","floor":4,"turns":1},{"damage":0,"enemies":"Small Slimes","floor":5,"turns":2},{"damage":19,"enemies":"Lagavulin","floor":6,"turns":7},{"damage":39,"enemies":"3 Sentries","floor":8,"turns":9},{"damage":8,"enemies":"Blue Slaver","floor":12,"turns":2},{"damage":9,"enemies":"Lagavulin","floor":14,"turns":7},{"damage":26,"enemies":"Slime Boss","floor":16,"turns":8},{"damage":2,"enemies":"Shell Parasite","floor":18,"turns":4},{"damage":0,"enemies":"Spheric Guardian","floor":22,"turns":1},{"damage":10,"enemies":"Chosen and Byrds","floor":24,"turns":8},{"damage":20,"enemies":"Book of Stabbing","floor":25,"turns":4},{"damage":7,"enemies":"Slavers","floor":28,"turns":3},{"damage":0,"enemies":"Gremlin Leader","floor":30,"turns":3},{"damage":4,"enemies":"Automaton","floor":33,"turns":16},{"damage":1,"enemies":"Orb Walker","floor":35,"turns":3},{"damage":142,"enemies":"2 Orb Walkers","floor":37,"turns":7}],"seed_played":"1402548417264624342","potions_obtained":[{"floor":6,"key":"GamblersBrew"},{"floor":12,"key":"LiquidBronze"},{"floor":28,"key":"SkillPotion"},{"floor":33,"key":"SteroidPotion"}],"is_trial":false,"path_per_floor":["M","$","?","M","M","E","R","E","T","?","R","M","R","E","R","B",null,"M","?","$","?","M","R","M","E","T","R","E","R","E","$","R","B",null,"M","$","?"],"character_chosen":"IRONCLAD","items_purchased":["Inflame","Sword Boomerang","Fiend Fire+1","Disarm","Shrug It Off"],"campfire_rested":1,"item_purchase_floors":[2,2,20,36,36],"current_hp_per_floor":[65,65,58,64,70,57,57,24,24,24,46,44,44,41,41,46,68,72,52,52,39,48,48,56,48,48,48,57,57,67,67,67,67,67,67,67,0],"gold":30,"neow_bonus":"RANDOM_COMMON_RELIC","is_prod":false,"is_daily":false,"chose_seed":false,"campfire_upgraded":6,"win_rate":0,"timestamp":1542901295,"path_taken":["M","$","?","M","M","E","R","E","T","?","R","M","R","E","R","BOSS","M","?","$","?","M","R","M","E","T","R","E","R","E","$","R","BOSS","M","$","?"],"build_version":"2018-11-15","purchased_purges":2,"victory":false,"max_hp_per_floor":[75,75,75,75,75,75,75,75,75,75,75,75,75,75,75,75,75,75,52,52,57,57,57,57,57,57,57,57,57,67,67,67,67,67,67,67,67],"card_choices":[{"not_picked":["Twin Strike","Infernal Blade"],"picked":"Pommel Strike","floor":1},{"not_picked":["Body Slam","Flex"],"picked":"Thunderclap","floor":4},{"not_picked":["Corruption","Disarm"],"picked":"Shrug It Off","floor":5},{"not_picked":["Power Through","Clothesline"],"picked":"Battle Trance","floor":6},{"not_picked":["Second Wind","Reckless Charge"],"picked":"Metallicize+1","floor":8},{"not_picked":["Second Wind","Havoc"],"picked":"Pommel Strike+1","floor":12},{"not_picked":["Bloodletting","Sentinel"],"picked":"Barricade+1","floor":14},{"not_picked":["Reaper+1","Offering"],"picked":"Impervious","floor":16},{"not_picked":["Reckless Charge+1","Thunderclap+1"],"picked":"Armaments","floor":18},{"not_picked":["Feel No Pain+1","Perfected Strike+1"],"picked":"Disarm","floor":22},{"not_picked":["Sword Boomerang+1","Dual Wield","Thunderclap+1"],"picked":"SKIP","floor":24},{"not_picked":["Sever Soul+1","Warcry+1"],"picked":"Immolate+1","floor":25},{"not_picked":["Cleave+1","Berserk+1","Dropkick+1"],"picked":"SKIP","floor":28},{"not_picked":["Havoc","Warcry"],"picked":"True Grit+1","floor":30},{"not_picked":["Bludgeon+1","Berserk+1"],"picked":"Exhume","floor":33},{"not_picked":["Cleave+1","Armaments","Sentinel+1"],"picked":"SKIP","floor":35}],"player_experience":1009551,"relics_obtained":[{"floor":6,"key":"Frozen Egg 2"},{"floor":8,"key":"Pantograph"},{"floor":9,"key":"Molten Egg 2"},{"floor":14,"key":"Oddly Smooth Stone"},{"floor":25,"key":"Regal Pillow"},{"floor":26,"key":"Kunai"},{"floor":28,"key":"Mummified Hand"},{"floor":30,"key":"Pear"}],"event_choices":[{"cards_removed":["Strike_R"],"damage_healed":0,"gold_gain":0,"player_choice":"Card Removal","damage_taken":7,"max_hp_gain":0,"max_hp_loss":0,"event_name":"Golden Wing","floor":3,"gold_loss":0},{"damage_healed":0,"gold_gain":0,"player_choice":"Grow","damage_taken":0,"max_hp_gain":0,"max_hp_loss":0,"event_name":"Living Wall","floor":10,"gold_loss":0,"cards_upgraded":["Sword Boomerang"]},{"damage_healed":0,"gold_gain":0,"player_choice":"Became a vampire","damage_taken":0,"max_hp_gain":0,"max_hp_loss":23,"event_name":"Vampires","floor":19,"gold_loss":0,"cards_obtained":["Bite","Bite","Bite","Bite","Bite"]},{"damage_healed":0,"gold_gain":0,"player_choice":"Shed Blood","damage_taken":18,"max_hp_gain":5,"max_hp_loss":0,"event_name":"Forgotten Altar","floor":21,"gold_loss":0},{"damage_healed":0,"gold_gain":0,"player_choice":"Fight","damage_taken":0,"max_hp_gain":0,"max_hp_loss":0,"event_name":"Mysterious Sphere","floor":37,"gold_loss":0}],"is_beta":true,"boss_relics":[{"not_picked":["Calling Bell","Runic Pyramid"],"picked":"Coffee Dripper"},{"not_picked":["Runic Dome","Sozu"],"picked":"Lizard Tail"}],"items_purged_floors":[20,36],"is_endless":false,"potions_floor_spawned":[6,12,22,28,33,35],"killed_by":"2 Orb Walkers","ascension_level":20}