{"path_per_floor":["M","$","?","?","M","E","M","?","T","M","T","E","R","?","R","B",null,"M","?","?","M","M","R","?","E","T","E","R","M","M","?","R","B",null,"M","?","?","?","M","E","$","R","T","R","?","E","M","M","R"],"character_chosen":"DEFECT","items_purchased":["Sweeping Beam","Turbo"],"gold_per_floor":[112,59,59,59,74,118,142,142,142,155,181,221,221,221,221,350,350,371,286,211,229,250,250,250,294,294,337,337,361,381,381,381,507,507,525,0,61,61,79,113,90,90,90,90,90,130,144,158,158,158],"floor_reached":50,"campfire_rested":5,"playtime":2618,"item_purchase_floors":[2,41],"current_hp_per_floor":[75,75,57,57,57,57,48,48,48,41,41,35,57,42,42,18,75,50,50,50,39,33,70,70,46,53,53,53,43,43,43,82,43,82,74,74,52,52,28,39,39,78,78,78,78,68,51,46,82,0],"items_purged":[],"gold":158,"score":710,"play_id":"9b86c365-1d17-4e66-a212-2e1f241bc8ae","local_time":"20180606020738","is_prod":false,"is_daily":false,"chose_seed":false,"is_ascension_mode":true,"campfire_upgraded":3,"win_rate":0,"timestamp":1528261658,"campfire_choices":[{"floor":13,"key":"REST"},{"data":"Creative AI","floor":15,"key":"SMITH"},{"floor":23,"key":"REST"},{"data":"Storm","floor":28,"key":"SMITH"},{"floor":32,"key":"REST"},{"floor":42,"key":"REST"},{"data":"Force Field","floor":44,"key":"SMITH"},{"floor":49,"key":"REST"}],"path_taken":["M","$","?","?","M","E","M","?","T","M","?","E","R","?","R","BOSS","M","?","?","?","M","R","?","E","T","E","R","M","M","?","R","BOSS","M","?","?","?","M","E","$","R","T","R","?","E","M","M","R","BOSS"],"build_version":"2018-05-31","seed_source_timestamp":103675096815629,"purchased_purges":0,"victory":false,"master_deck":["Strike_B+1","Strike_B","Strike_B","Defend_B","Defend_B","Defend_B","Defend_B","Zap+1","Dualcast","Compile Driver","Sweeping Beam","Compile Driver","Stack","FTL+1","Storm+1","Creative AI+1","Machine Learning","Ball Lightning","Rebound+1","White Noise","Biased Cognition","Glacier+1","Stack","Core Surge","Defragment","Echo Form","Conserve Battery+1","Chaos+1","Auto Shields+1","Force Field+1","Turbo","Storm+1","Barrage","Barrage+1","Gash+1","BootSequence+1","White Noise+1"],"max_hp_per_floor":[75,75,75,75,75,75,75,75,75,75,75,75,75,75,75,75,75,75,75,75,75,75,75,75,75,82,82,82,82,82,82,82,82,82,82,82,82,82,82,82,82,82,82,82,82,82,82,82,82,82],"relics":["Cracked Core","NeowsBlessing","Golden Idol","Meat on the Bone","Mummified Hand","Sundial","Bag of Preparation","Pen Nib","Sozu","Regal Pillow","Potion Belt","Strawberry","Torii","Philosopher\u0027s Stone","Red Mask","Peace Pipe","Bottled Flame","Centennial Puzzle","Prayer Wheel"],"card_choices":[{"not_picked":["Lockon","Steam"],"picked":"Compile Driver","floor":1},{"not_picked":["Coolheaded","Conserve Battery"],"picked":"Compile Driver","floor":5},{"not_picked":["Fission","Force Field"],"picked":"Stack","floor":6},{"not_picked":["Ball Lightning","Streamline"],"picked":"FTL","floor":7},{"not_picked":["Stack","Ball Lightning"],"picked":"Storm","floor":10},{"not_picked":["Redo","Leap"],"picked":"Creative AI","floor":12},{"not_picked":["Biased Cognition","Thunder Strike"],"picked":"Machine Learning","floor":16},{"not_picked":["Steam","Sweeping Beam"],"picked":"Ball Lightning","floor":18},{"not_picked":["Cold Snap+1","Force Field"],"picked":"Rebound+1","floor":21},{"not_picked":["Steam","Chill"],"picked":"White Noise","floor":22},{"not_picked":["Cold Snap+1","Streamline"],"picked":"Biased Cognition","floor":25},{"not_picked":["Auto Shields","Coolheaded"],"picked":"Glacier+1","floor":27},{"not_picked":["Beam Cell","Rebound"],"picked":"Stack","floor":29},{"not_picked":["Barrage","Stack"],"picked":"Core Surge","floor":30},{"not_picked":["Multi-Cast","Buffer"],"picked":"Echo Form","floor":33},{"not_picked":["Leap","Barrage"],"picked":"Conserve Battery+1","floor":35},{"not_picked":["Steam+1","Beam Cell+1"],"picked":"Chaos+1","floor":37},{"not_picked":["Gash","Streamline"],"picked":"Auto Shields+1","floor":39},{"not_picked":["Scrape","Core Surge"],"picked":"Force Field","floor":40},{"not_picked":["Glacier+1","Consume"],"picked":"Barrage","floor":46},{"not_picked":["Conserve Battery","Sunder"],"picked":"Barrage+1","floor":47},{"not_picked":["Glacier","Leap"],"picked":"Gash+1","floor":47},{"not_picked":["Recycle","Darkness"],"picked":"BootSequence+1","floor":48},{"not_picked":["Sunder","Hologram+1"],"picked":"White Noise+1","floor":48}],"player_experience":281726,"potions_floor_usage":[12,27,37],"damage_taken":[{"damage":0,"enemies":"Jaw Worm","floor":1,"turns":1},{"damage":0,"enemies":"Small Slimes","floor":5,"turns":1},{"damage":0,"enemies":"3 Sentries","floor":6,"turns":1},{"damage":9,"enemies":"2 Louse","floor":7,"turns":2},{"damage":7,"enemies":"Large Slime","floor":10,"turns":4},{"damage":18,"enemies":"Gremlin Nob","floor":12,"turns":3},{"damage":36,"enemies":"Hexaghost","floor":16,"turns":7},{"damage":25,"enemies":"Spheric Guardian","floor":18,"turns":4},{"damage":11,"enemies":"Shell Parasite","floor":21,"turns":4},{"damage":18,"enemies":"Snake Plant","floor":22,"turns":3},{"damage":36,"enemies":"Book of Stabbing","floor":25,"turns":4},{"damage":0,"enemies":"Gremlin Leader","floor":27,"turns":4},{"damage":10,"enemies":"Centurion and Healer","floor":29,"turns":3},{"damage":0,"enemies":"Chosen and Byrds","floor":30,"turns":2},{"damage":39,"enemies":"Champ","floor":33,"turns":7},{"damage":8,"enemies":"Orb Walker","floor":35,"turns":2},{"damage":34,"enemies":"Mysterious Sphere","floor":37,"turns":3},{"damage":36,"enemies":"3 Darklings","floor":39,"turns":3},{"damage":1,"enemies":"Nemesis","floor":40,"turns":5},{"damage":10,"enemies":"Giant Head","floor":46,"turns":5},{"damage":29,"enemies":"Maw","floor":47,"turns":5},{"damage":17,"enemies":"4 Shapes","floor":48,"turns":3},{"damage":93,"enemies":"Awakened One","floor":50,"turns":5}],"relics_obtained":[{"floor":6,"key":"Meat on the Bone"},{"floor":9,"key":"Sundial"},{"floor":11,"key":"Bag of Preparation"},{"floor":12,"key":"Pen Nib"},{"floor":25,"key":"Potion Belt"},{"floor":26,"key":"Strawberry"},{"floor":27,"key":"Torii"},{"floor":37,"key":"Peace Pipe"},{"floor":40,"key":"Bottled Flame"},{"floor":43,"key":"Centennial Puzzle"},{"floor":46,"key":"Prayer Wheel"}],"event_choices":[{"event_name":"Golden Idol","player_choice":"Take Damage","floor":3,"damage_taken":0},{"event_name":"Living Wall","player_choice":"Grow","floor":4,"damage_taken":0},{"event_name":"Big Fish","player_choice":"Box","floor":8,"damage_taken":0},{"event_name":"Shining Light","player_choice":"Entered Light","floor":14,"damage_taken":0},{"event_name":"Addict","player_choice":"Obtained Relic","floor":19,"damage_taken":0},{"event_name":"Beggar","player_choice":"Gave Gold","floor":20,"damage_taken":0},{"event_name":"Purifier","player_choice":"Skipped","floor":24,"damage_taken":0},{"event_name":"The Library","player_choice":"Read","floor":31,"damage_taken":0},{"event_name":"Tomb of Lord Red Mask","player_choice":"Paid","floor":36,"damage_taken":0},{"event_name":"Mysterious Sphere","player_choice":"Fight","floor":37,"damage_taken":0},{"event_name":"Duplicator","player_choice":"One dupe","floor":45,"damage_taken":0}],"boss_relics":[{"not_picked":["Lizard Tail","Pandora\u0027s Box"],"picked":"Sozu"},{"not_picked":["Inserter","Orrery"],"picked":"Philosopher\u0027s Stone"}],"items_purged_floors":[],"potions_floor_spawned":[1,12,16,25,27,30,33,46,47,48],"seed_played":"-5670962858482414992","killed_by":"Awakened One","ascension_level":3,"potions_obtained":[{"floor":1,"key":"Poison Potion"},{"floor":12,"key":"Fire Potion"},{"floor":16,"key":"Explosive Potion"}],"is_trial":false}