{"gold_per_floor":[116,116,127,137,137,172,172,189,189,204,204,232,232,246,246,317,317,332,110,209,229,229,229,248,248],"floor_reached":25,"playtime":771,"items_purged":["Strike_R"],"score":393,"play_id":"2f759b68-f72b-4943-b3e5-1a48b2892918","local_time":"20190323120155","is_ascension_mode":true,"campfire_choices":[{"floor":7,"key":"REST"},{"floor":13,"key":"REST"},{"floor":15,"key":"REST"},{"data":"Double Tap","floor":23,"key":"SMITH"}],"neow_cost":"NONE","seed_source_timestamp":791267112796100,"circlet_count":0,"master_deck":["AscendersBane","Strike_R+1","Strike_R+1","Strike_R+1","Defend_R+1","Defend_R+1","Defend_R+1","Defend_R+1","Bash","Twin Strike","Spot Weakness","Heavy Blade+1","Feel No Pain+1","Shrug It Off","Demon Form+1","Heavy Blade","Double Tap+1","Heavy Blade+1","Shrug It Off","Shrug It Off"],"relics":["Burning Blood","Frozen Egg 2","Incense Burner","Girya","Happy Flower","Philosopher\u0027s Stone","War Paint"],"potions_floor_usage":[12,18,25],"damage_taken":[{"damage":1,"enemies":"Cultist","floor":1,"turns":4},{"damage":2,"enemies":"Jaw Worm","floor":3,"turns":3},{"damage":3,"enemies":"2 Louse","floor":4,"turns":2},{"damage":37,"enemies":"Gremlin Nob","floor":6,"turns":4},{"damage":32,"enemies":"Exordium Thugs","floor":8,"turns":6},{"damage":3,"enemies":"Blue Slaver","floor":10,"turns":4},{"damage":15,"enemies":"Lagavulin","floor":12,"turns":6},{"damage":10,"enemies":"Large Slime","floor":14,"turns":5},{"damage":1,"enemies":"Slime Boss","floor":16,"turns":7},{"damage":28,"enemies":"3 Byrds","floor":18,"turns":5},{"damage":9,"enemies":"Chosen","floor":21,"turns":3},{"damage":34,"enemies":"3 Cultists","floor":24,"turns":5},{"damage":25,"enemies":"Shelled Parasite and Fungi","floor":25,"turns":3}],"seed_played":"5375557403217391882","potions_obtained":[{"floor":1,"key":"Weak Potion"},{"floor":3,"key":"Weak Potion"},{"floor":14,"key":"SteroidPotion"},{"floor":18,"key":"FearPotion"}],"is_trial":false,"path_per_floor":["M","?","M","M","?","E","R","M","T","M","?","E","R","M","R","B",null,"M","$","?","M","?","R","M","M"],"character_chosen":"IRONCLAD","items_purchased":["War Paint"],"campfire_rested":3,"item_purchase_floors":[19],"current_hp_per_floor":[77,59,63,66,50,19,43,17,17,20,20,11,35,31,55,60,75,53,53,53,50,50,50,22,0],"gold":248,"neow_bonus":"REMOVE_CARD","is_prod":false,"is_daily":false,"chose_seed":false,"campfire_upgraded":1,"win_rate":0,"timestamp":1553338915,"path_taken":["M","?","M","M","?","E","R","M","T","M","?","E","R","?","R","BOSS","M","$","?","M","?","R","M","M"],"build_version":"2019-01-23","purchased_purges":1,"victory":false,"max_hp_per_floor":[80,80,80,80,80,80,80,80,80,80,80,80,80,80,80,80,80,80,80,80,80,80,80,80,80],"card_choices":[{"not_picked":["Evolve","Shockwave"],"picked":"Twin Strike","floor":1},{"not_picked":["Uppercut","Anger"],"picked":"Spot Weakness","floor":3},{"not_picked":["Pommel Strike","Disarm"],"picked":"Heavy Blade","floor":4},{"not_picked":["Reckless Charge","Ghostly Armor"],"picked":"Feel No Pain+1","floor":6},{"not_picked":["Clothesline","Bloodletting"],"picked":"Shrug It Off","floor":8},{"not_picked":["Havoc","Metallicize+1"],"picked":"Demon Form+1","floor":10},{"not_picked":["Twin Strike","Limit Break"],"picked":"Heavy Blade","floor":12},{"not_picked":["Havoc","Pommel Strike","Warcry"],"picked":"SKIP","floor":14},{"not_picked":["Dark Embrace+1","Offering"],"picked":"Double Tap","floor":16},{"not_picked":["Body Slam","Warcry"],"picked":"Heavy Blade+1","floor":18},{"not_picked":["Clothesline","Sever Soul+1"],"picked":"Shrug It Off","floor":21},{"not_picked":["Sever Soul","Warcry"],"picked":"Shrug It Off","floor":24}],"player_experience":559171,"relics_obtained":[{"floor":6,"key":"Incense Burner"},{"floor":9,"key":"Girya"},{"floor":12,"key":"Happy Flower"}],"event_choices":[{"damage_healed":0,"gold_gain":0,"player_choice":"Success","damage_taken":18,"relics_obtained":["Frozen Egg 2"],"max_hp_gain":0,"max_hp_loss":0,"event_name":"Scrap Ooze","floor":2,"gold_loss":0},{"damage_healed":0,"gold_gain":0,"player_choice":"Entered Light","damage_taken":16,"max_hp_gain":0,"max_hp_loss":0,"event_name":"Shining Light","floor":5,"gold_loss":0,"cards_upgraded":["Defend_R","Strike_R"]},{"damage_healed":0,"gold_gain":0,"player_choice":"Upgraded","damage_taken":0,"max_hp_gain":0,"max_hp_loss":0,"event_name":"Upgrade Shrine","floor":11,"gold_loss":0,"cards_upgraded":["Heavy Blade"]},{"damage_healed":0,"gold_gain":99,"player_choice":"Stole From Cult","damage_taken":0,"max_hp_gain":0,"max_hp_loss":0,"event_name":"Nest","floor":20,"gold_loss":0},{"damage_healed":0,"gold_gain":0,"player_choice":"Simplicity","damage_taken":0,"max_hp_gain":0,"max_hp_loss":0,"event_name":"Back to Basics","floor":22,"gold_loss":0,"cards_upgraded":["Strike_R","Strike_R","Defend_R"]}],"is_beta":false,"boss_relics":[{"not_picked":["Coffee Dripper","Mark of Pain"],"picked":"Philosopher\u0027s Stone"}],"items_purged_floors":[19],"is_endless":false,"potions_floor_spawned":[1,3,8,14,18,24],"killed_by":"Shelled Parasite and Fungi","ascension_level":13}