{"gold_per_floor":[115,115,128,155,405,405,420,420,447,462,12,48,48,61,61,182,182,201,201,57,71,94,94,117,117,117,42,42,73,73,73,73,178,178,198,217,317,67,67,81,11,22,22,77,77,130,130,147,147,147],"floor_reached":50,"playtime":2656,"items_purged":["Regret"],"score":636,"play_id":"7082a072-ee7c-4085-a909-58cbcb0899e7","local_time":"20180712162232","is_ascension_mode":true,"campfire_choices":[{"data":"Cloak And Dagger","floor":6,"key":"SMITH"},{"data":"Infinite Blades","floor":8,"key":"SMITH"},{"data":"A Thousand Cuts","floor":13,"key":"SMITH"},{"floor":15,"key":"REST"},{"data":"Blade Dance","floor":23,"key":"SMITH"},{"data":"Panache","floor":25,"key":"SMITH"},{"floor":32,"key":"REST"},{"floor":45,"key":"REST"},{"floor":49,"key":"REST"}],"neow_cost":"NONE","seed_source_timestamp":1026609730356623,"circlet_count":0,"master_deck":["Defend_G+1","Defend_G+1","Defend_G+1","Defend_G+1","Defend_G+1","Strike_G+1","Strike_G+1","Strike_G+1","Strike_G+1","Survivor","Neutralize","Cloak And Dagger+1","Blade Dance+1","Infinite Blades+1","Infinite Blades","Panache+1","A Thousand Cuts+1","Escape Plan+1","Adrenaline+1","Infinite Blades","Prepared","Well Laid Plans","Storm of Steel","Cloak And Dagger+1","Apotheosis","Footwork","Noxious Fumes+1","Accuracy","Terror","Well Laid Plans+1","Leg Sweep","Madness","Madness","Distraction+1","Quick Slash","Noxious Fumes"],"relics":["Ring of the Snake","Bloody Idol","Happy Flower","Regal Pillow","Vajra","Boot","Sozu","Ninja Scroll","Juzu Bracelet","Dream Catcher","Fusion Hammer","War Paint","Tiny Chest","Prayer Wheel"],"potions_floor_usage":[16],"damage_taken":[{"damage":2,"enemies":"Small Slimes","floor":1,"turns":5},{"damage":0,"enemies":"Jaw Worm","floor":3,"turns":4},{"damage":0,"enemies":"Cultist","floor":7,"turns":3},{"damage":2,"enemies":"2 Fungi Beasts","floor":10,"turns":5},{"damage":5,"enemies":"3 Sentries","floor":12,"turns":2},{"damage":5,"enemies":"Blue Slaver","floor":14,"turns":3},{"damage":20,"enemies":"Hexaghost","floor":16,"turns":8},{"damage":0,"enemies":"3 Byrds","floor":18,"turns":3},{"damage":4,"enemies":"Shell Parasite","floor":21,"turns":4},{"damage":18,"enemies":"Snake Plant","floor":22,"turns":3},{"damage":17,"enemies":"Centurion and Healer","floor":24,"turns":3},{"damage":5,"enemies":"Book of Stabbing","floor":29,"turns":3},{"damage":52,"enemies":"Champ","floor":33,"turns":7},{"damage":15,"enemies":"3 Darklings","floor":35,"turns":4},{"damage":4,"enemies":"3 Shapes","floor":36,"turns":3},{"damage":24,"enemies":"Maw","floor":40,"turns":6},{"damage":1,"enemies":"Sphere and 2 Shapes","floor":42,"turns":3},{"damage":35,"enemies":"Giant Head","floor":44,"turns":6},{"damage":27,"floor":46,"turns":4},{"damage":6,"enemies":"3 Darklings","floor":48,"turns":4},{"damage":70,"enemies":"Time Eater","floor":50,"turns":3}],"seed_played":"7527975073022676618","potions_obtained":[{"floor":3,"key":"SkillPotion"},{"floor":7,"key":"Poison Potion"},{"floor":10,"key":"SkillPotion"}],"is_trial":false,"path_per_floor":["M","?","M","T","?","R","M","R","T","M","$","E","R","M","R","B",null,"M","?","$","M","M","R","M","R","T","?","T","E","?","$","R","B",null,"M","M","?","$","?","M","$","M","T","E","R","?","?","M","R"],"character_chosen":"THE_SILENT","items_purchased":["Vajra","Panache","A Thousand Cuts","Infinite Blades","Apotheosis","Footwork","Accuracy"],"campfire_rested":4,"item_purchase_floors":[11,11,11,20,38,38,41],"current_hp_per_floor":[68,51,51,51,51,51,51,51,51,49,49,44,44,39,70,50,70,70,70,70,66,48,48,31,31,31,31,31,26,26,26,62,15,70,60,61,66,66,66,47,47,51,51,26,62,40,31,30,66,0],"gold":147,"neow_bonus":"THREE_CARDS","is_prod":false,"is_daily":false,"chose_seed":false,"campfire_upgraded":5,"win_rate":0,"timestamp":1531423352,"path_taken":["M","?","M","?","?","R","M","R","T","M","$","E","R","M","R","BOSS","M","?","?","M","M","R","M","R","T","?","?","E","?","?","R","BOSS","M","M","?","$","?","M","?","M","T","E","R","?","?","M","R","BOSS"],"build_version":"2018-07-05","purchased_purges":1,"victory":false,"max_hp_per_floor":[70,70,70,70,70,70,70,70,70,70,70,70,70,70,70,70,70,70,70,70,70,70,70,70,70,70,70,70,70,70,70,70,70,70,70,70,70,70,70,70,70,70,70,70,70,70,70,70,70,70],"card_choices":[{"not_picked":["Bouncing Flask","Quick Slash"],"picked":"Cloak And Dagger","floor":0},{"not_picked":["Underhanded Strike","Slice"],"picked":"Blade Dance","floor":1},{"not_picked":["PiercingWail","Skewer"],"picked":"Infinite Blades","floor":3},{"not_picked":["Predator","Expertise","Eviscerate"],"picked":"SKIP","floor":7},{"not_picked":["Backflip","Dagger Spray"],"picked":"Infinite Blades","floor":10},{"not_picked":["Acrobatics","Bane","Dash"],"picked":"SKIP","floor":12},{"not_picked":["Reflex","All Out Attack"],"picked":"Escape Plan","floor":14},{"not_picked":["Tactician","Glass Knife"],"picked":"Adrenaline","floor":16},{"not_picked":["Acrobatics","Quick Slash","Calculated Gamble"],"picked":"SKIP","floor":18},{"not_picked":["Flying Knee","Dodge and Roll","PiercingWail"],"picked":"SKIP","floor":21},{"not_picked":["Acrobatics+1","Dagger Throw","Backflip"],"picked":"SKIP","floor":22},{"not_picked":["Outmaneuver","Dagger Throw","Crippling Poison"],"picked":"SKIP","floor":24},{"not_picked":["Eviscerate","Leg Sweep"],"picked":"Prepared","floor":29},{"not_picked":["Outmaneuver","Underhanded Strike"],"picked":"Well Laid Plans","floor":32},{"not_picked":["Adrenaline","Glass Knife"],"picked":"Storm of Steel","floor":33},{"not_picked":["Prepared+1","Caltrops+1"],"picked":"Cloak And Dagger+1","floor":35},{"not_picked":["Quick Slash","Bane+1","Caltrops+1"],"picked":"SKIP","floor":36},{"not_picked":["Backstab","Caltrops+1"],"picked":"Noxious Fumes+1","floor":40},{"not_picked":["Outmaneuver","Dodge and Roll","Skewer"],"picked":"SKIP","floor":42},{"not_picked":["Dodge and Roll+1","Backflip"],"picked":"Terror","floor":44},{"not_picked":["All Out Attack","Infinite Blades+1"],"picked":"Well Laid Plans+1","floor":45},{"not_picked":["Underhanded Strike","Reflex+1"],"picked":"Leg Sweep","floor":46},{"not_picked":["Deadly Poison","Dagger Throw+1"],"picked":"Distraction+1","floor":48},{"not_picked":["Poisoned Stab+1","Glass Knife"],"picked":"Quick Slash","floor":48},{"not_picked":["Crippling Poison+1","Catalyst"],"picked":"Noxious Fumes","floor":49}],"player_experience":443412,"relics_obtained":[{"floor":4,"key":"Happy Flower"},{"floor":9,"key":"Regal Pillow"},{"floor":12,"key":"Boot"},{"floor":26,"key":"Ninja Scroll"},{"floor":28,"key":"Juzu Bracelet"},{"floor":29,"key":"Dream Catcher"},{"floor":43,"key":"War Paint"},{"floor":44,"key":"Tiny Chest"},{"floor":46,"key":"Prayer Wheel"}],"event_choices":[{"event_name":"Golden Idol","player_choice":"Take Damage","floor":2,"damage_taken":0},{"event_name":"Golden Shrine","player_choice":"Desecrate","floor":5,"damage_taken":0},{"event_name":"Back to Basics","player_choice":"Simplicity","floor":19,"damage_taken":0},{"event_name":"Beggar","player_choice":"Gave Gold","floor":27,"damage_taken":0},{"event_name":"Forgotten Altar","player_choice":"Gave Idol","floor":30,"damage_taken":0},{"event_name":"Golden Shrine","player_choice":"Pray","floor":37,"damage_taken":0},{"event_name":"SensoryStone","player_choice":"Memory 1","floor":39,"damage_taken":0},{"event_name":"Mysterious Sphere","player_choice":"Fight","floor":46,"damage_taken":0},{"event_name":"Winding Halls","player_choice":"Embrace Madness","floor":47,"damage_taken":0}],"boss_relics":[{"not_picked":["Cursed Key","Eternal Feather"],"picked":"Sozu"},{"not_picked":["Pandora\u0027s Box","Astrolabe"],"picked":"Fusion Hammer"}],"items_purged_floors":[20],"is_endless":false,"potions_floor_spawned":[3,7,10,18,21,24,29,35,44,46,48],"killed_by":"Time Eater","ascension_level":4}