{"gold_per_floor":[110,110,110,120,136,136,161,191,191,191,191,39,51,84,84,84],"floor_reached":16,"playtime":641,"items_purged":[],"score":124,"play_id":"d5227b6f-98cd-479a-8343-b8c186826212","local_time":"20190509105223","is_ascension_mode":true,"campfire_choices":[{"data":"Iron Wave","floor":6,"key":"SMITH"},{"floor":10,"key":"REST"},{"floor":15,"key":"REST"}],"neow_cost":"NONE","seed_source_timestamp":298377558090600,"circlet_count":0,"master_deck":["Strike_R","Strike_R","Strike_R","Strike_R","Defend_R","Defend_R","Defend_R","Defend_R","Bash+1","Cleave","Thunderclap","Iron Wave+1","Wild Strike","Rage","Anger"],"relics":["Burning Blood","Smiling Mask","Paper Frog","Singing Bowl","Strawberry","Oddly Smooth Stone"],"potions_floor_usage":[14],"damage_taken":[{"damage":11,"enemies":"2 Louse","floor":1,"turns":3},{"damage":9,"enemies":"Jaw Worm","floor":4,"turns":3},{"damage":15,"enemies":"Small Slimes","floor":5,"turns":3},{"damage":51,"enemies":"Lagavulin","floor":7,"turns":8},{"damage":12,"enemies":"2 Fungi Beasts","floor":13,"turns":3},{"damage":12,"enemies":"Gremlin Nob","floor":14,"turns":4},{"damage":66,"enemies":"Hexaghost","floor":16,"turns":10}],"seed_played":"1987286648591489938","potions_obtained":[{"floor":4,"key":"Explosive Potion"},{"floor":7,"key":"Energy Potion"}],"is_trial":false,"path_per_floor":["M","?","?","M","M","R","E","?","T","R","?","$","M","E","R","B"],"character_chosen":"IRONCLAD","items_purchased":["Strawberry"],"campfire_rested":2,"item_purchase_floors":[12],"current_hp_per_floor":[75,75,75,72,63,63,18,18,18,42,42,49,45,39,65,0],"gold":84,"neow_bonus":"RANDOM_COMMON_RELIC","is_prod":false,"is_daily":false,"chose_seed":false,"campfire_upgraded":1,"win_rate":0,"timestamp":1557413543,"path_taken":["M","?","?","M","M","R","E","?","T","R","?","$","?","E","R","BOSS"],"build_version":"2019-01-23","purchased_purges":0,"victory":false,"max_hp_per_floor":[80,80,80,80,80,80,80,80,80,80,80,87,89,89,89,89],"card_choices":[{"not_picked":["Body Slam","Perfected Strike"],"picked":"Cleave","floor":1},{"not_picked":["Evolve","Sentinel"],"picked":"Thunderclap","floor":4},{"not_picked":["Rupture","Wild Strike"],"picked":"Iron Wave","floor":5},{"not_picked":["Berserk","Headbutt"],"picked":"Wild Strike","floor":7},{"not_picked":["Searing Blow","Cleave","Dual Wield"],"picked":"Singing Bowl","floor":13},{"not_picked":["Cleave","Clash"],"picked":"Anger","floor":14}],"player_experience":162175,"relics_obtained":[{"floor":7,"key":"Paper Frog"},{"floor":9,"key":"Singing Bowl"},{"floor":14,"key":"Oddly Smooth Stone"}],"event_choices":[{"damage_healed":0,"gold_gain":0,"player_choice":"Ignored","damage_taken":0,"max_hp_gain":0,"max_hp_loss":0,"event_name":"Liars Game","floor":2,"gold_loss":0},{"damage_healed":0,"gold_gain":0,"player_choice":"Grow","damage_taken":0,"max_hp_gain":0,"max_hp_loss":0,"event_name":"Living Wall","floor":3,"gold_loss":0,"cards_upgraded":["Bash"]},{"damage_healed":0,"gold_gain":30,"player_choice":"Searched \u00271\u0027 times","damage_taken":0,"max_hp_gain":0,"max_hp_loss":0,"event_name":"Dead Adventurer","floor":8,"gold_loss":0},{"damage_healed":0,"gold_gain":0,"cards_transformed":["Strike_R"],"player_choice":"Transformed","damage_taken":0,"max_hp_gain":0,"max_hp_loss":0,"event_name":"Transmorgrifier","floor":11,"gold_loss":0,"cards_obtained":["Rage"]}],"is_beta":false,"boss_relics":[],"items_purged_floors":[],"is_endless":false,"potions_floor_spawned":[4,7],"killed_by":"Hexaghost","ascension_level":3}