{"gold_per_floor":[113,132,144,159,2,2,32,107,185,218,231,231,261,271,271,349,349,361,44,94,94,109,109,109,127,127,154,154,188,188,10,10,89,89,107,24,24,24,35,54,79,106,118,140,152,189,201,231,243,255,267],"floor_reached":51,"playtime":5503,"items_purged":["Strike_R","Strike_R"],"score":1480,"play_id":"75913273-792a-49a1-ab69-8fb22debb61a","local_time":"20181114181712","is_ascension_mode":true,"campfire_choices":[{"data":"Combust","floor":6,"key":"SMITH"},{"floor":12,"key":"REST"},{"data":"Bash","floor":15,"key":"SMITH"},{"data":"Armaments","floor":23,"key":"SMITH"},{"floor":28,"key":"REST"},{"data":"Disarm","floor":30,"key":"SMITH"},{"data":"Feel No Pain","floor":32,"key":"SMITH"},{"data":"Juggernaut","floor":45,"key":"SMITH"},{"floor":47,"key":"RECALL"},{"floor":49,"key":"REST"}],"neow_cost":"NONE","seed_source_timestamp":1500970689882843,"circlet_count":0,"master_deck":["AscendersBane","Strike_R","Strike_R","Defend_R","Defend_R","Defend_R","Defend_R","Bash+1","Disarm+1","Headbutt","Disarm","Combust+1","Armaments+1","Twin Strike","Pommel Strike","Shrug It Off+1","Rupture","True Grit+1","Feed+1","Whirlwind+1","True Grit+1","Feel No Pain+1","Ghostly+1","Ghostly+1","Ghostly+1","Shrug It Off+1","Impervious+1","Juggernaut+1","Shockwave+1","Shrug It Off+1","Clothesline+1"],"relics":["Burning Blood","Nunchaku","Toxic Egg 2","Omamori","Molten Egg 2","Snecko Eye","TheAbacus","Paper Frog","Self Forming Clay","Singing Bowl","Black Star","Orichalcum","MawBank","Dodecahedron","Mummified Hand"],"potions_floor_usage":[7,13,33,33,40,40,46,48,50],"damage_taken":[{"damage":11,"enemies":"Cultist","floor":1,"turns":4},{"damage":10,"enemies":"Jaw Worm","floor":2,"turns":6},{"damage":0,"enemies":"Small Slimes","floor":3,"turns":5},{"damage":12,"enemies":"Looter","floor":4,"turns":3},{"damage":9,"enemies":"Gremlin Nob","floor":7,"turns":3},{"damage":31,"enemies":"Lagavulin","floor":10,"turns":7},{"damage":18,"enemies":"Large Slime","floor":11,"turns":5},{"damage":2,"enemies":"Gremlin Nob","floor":13,"turns":3},{"damage":2,"enemies":"2 Fungi Beasts","floor":14,"turns":3},{"damage":13,"enemies":"Hexaghost","floor":16,"turns":11},{"damage":54,"enemies":"3 Byrds","floor":18,"turns":5},{"damage":8,"enemies":"Shell Parasite","floor":22,"turns":11},{"damage":3,"enemies":"Snake Plant","floor":25,"turns":5},{"damage":26,"enemies":"Book of Stabbing","floor":27,"turns":10},{"damage":3,"enemies":"Slavers","floor":29,"turns":6},{"damage":31,"enemies":"Collector","floor":33,"turns":13},{"damage":12,"enemies":"3 Darklings","floor":35,"turns":7},{"damage":10,"enemies":"Orb Walker","floor":39,"turns":5},{"damage":21,"enemies":"Transient","floor":40,"turns":6},{"damage":8,"enemies":"Nemesis","floor":41,"turns":11},{"damage":2,"enemies":"4 Shapes","floor":42,"turns":10},{"damage":8,"enemies":"Sphere and 2 Shapes","floor":44,"turns":14},{"damage":5,"enemies":"Reptomancer","floor":46,"turns":8},{"damage":30,"enemies":"Spire Growth","floor":48,"turns":6},{"damage":12,"enemies":"Time Eater","floor":50,"turns":12},{"damage":58,"enemies":"Donu and Deca","floor":51,"turns":10}],"seed_played":"-6037932266437745148","potions_obtained":[{"floor":1,"key":"Poison Potion"},{"floor":2,"key":"Strength Potion"},{"floor":11,"key":"SpeedPotion"},{"floor":16,"key":"SpeedPotion"},{"floor":18,"key":"Block Potion"},{"floor":22,"key":"SteroidPotion"},{"floor":33,"key":"Block Potion"},{"floor":35,"key":"GamblersBrew"},{"floor":40,"key":"Explosive Potion"},{"floor":44,"key":"Block Potion"},{"floor":48,"key":"Regen Potion"}],"is_trial":false,"path_per_floor":["M","M","M","M","$","R","E","?","T","E","M","R","E","M","R","B",null,"M","$","?","?","M","R","?","M","T","E","R","E","R","$","R","B",null,"M","$","?","?","M","M","E","M","T","M","R","E","R","M","R","B","B"],"character_chosen":"IRONCLAD","items_purchased":["Armaments","Twin Strike","True Grit+1","Feel No Pain","TheAbacus","Impervious+1","Shockwave+1"],"campfire_rested":3,"item_purchase_floors":[5,5,19,19,19,31,36],"current_hp_per_floor":[70,66,72,66,66,66,63,52,52,27,15,39,43,47,47,40,72,28,28,28,28,30,30,30,37,37,17,32,37,37,37,37,12,43,43,43,43,39,37,24,24,32,32,36,36,43,43,19,45,58,0],"gold":267,"neow_bonus":"TEN_PERCENT_HP_BONUS","is_prod":false,"is_daily":false,"chose_seed":false,"campfire_upgraded":6,"win_rate":0,"timestamp":1542237432,"path_taken":["M","?","M","M","$","R","E","?","T","E","M","R","E","M","R","BOSS","M","$","?","?","M","R","?","M","T","E","R","E","R","$","R","BOSS","M","$","?","?","M","M","E","M","T","M","R","E","R","M","R","BOSS","BOSS"],"build_version":"2018-11-13","purchased_purges":2,"victory":false,"max_hp_per_floor":[82,82,82,82,82,82,82,82,82,82,82,82,82,82,82,82,82,86,86,86,43,47,47,47,51,51,51,51,53,53,53,53,53,53,59,59,59,65,67,69,71,75,75,81,81,87,87,87,87,91,91],"card_choices":[{"not_picked":["Pummel","True Grit"],"picked":"Disarm","floor":1},{"not_picked":["Thunderclap","Warcry"],"picked":"Headbutt","floor":2},{"not_picked":["Cleave","Sever Soul"],"picked":"Disarm","floor":3},{"not_picked":["Power Through","Wild Strike"],"picked":"Combust","floor":4},{"not_picked":["Pommel Strike","Seeing Red","Combust"],"picked":"SKIP","floor":7},{"not_picked":["Seeing Red","Combust"],"picked":"Pommel Strike","floor":7},{"not_picked":["Pummel","True Grit+1"],"picked":"Shrug It Off+1","floor":10},{"not_picked":["Twin Strike","Flex+1"],"picked":"Rupture","floor":11},{"not_picked":["Anger","Second Wind+1"],"picked":"True Grit+1","floor":13},{"not_picked":["Twin Strike+1","Thunderclap+1","Clash+1"],"picked":"SKIP","floor":14},{"not_picked":["Fiend Fire+1","Limit Break+1"],"picked":"Feed+1","floor":16},{"not_picked":["Anger+1","Headbutt+1"],"picked":"Whirlwind+1","floor":18},{"not_picked":["Wild Strike+1","Heavy Blade+1"],"picked":"Shrug It Off+1","floor":22},{"not_picked":["Warcry+1","Body Slam+1","Armaments+1"],"picked":"SKIP","floor":25},{"not_picked":["Fire Breathing","Warcry+1","Pommel Strike+1"],"picked":"SKIP","floor":27},{"not_picked":["Twin Strike+1","Cleave+1","Havoc+1"],"picked":"Singing Bowl","floor":29},{"not_picked":["Bludgeon+1","Double Tap+1"],"picked":"Juggernaut","floor":33},{"not_picked":["Perfected Strike+1","Havoc+1","Seeing Red+1"],"picked":"Singing Bowl","floor":35},{"not_picked":["Metamorphosis+1","Panache","Forethought+1"],"picked":"Singing Bowl","floor":38},{"not_picked":["Forethought+1","Enlightenment+1","Impatience+1"],"picked":"Singing Bowl","floor":38},{"not_picked":["Madness+1","Mind Blast+1","Jack Of All Trades+1"],"picked":"Singing Bowl","floor":38},{"not_picked":["Body Slam+1","Iron Wave+1","Inflame+1"],"picked":"Singing Bowl","floor":39},{"not_picked":["Pommel Strike+1","Infernal Blade+1","Warcry+1"],"picked":"Singing Bowl","floor":40},{"not_picked":["Bloodletting+1","Carnage+1","Rampage+1"],"picked":"Singing Bowl","floor":41},{"not_picked":["Wild Strike+1","Clothesline+1"],"picked":"Shrug It Off+1","floor":42},{"not_picked":["Entrench+1","Second Wind+1","Iron Wave+1"],"picked":"Singing Bowl","floor":44},{"not_picked":["Berserk","Dropkick+1","Blood for Blood+1"],"picked":"Singing Bowl","floor":46},{"not_picked":["Twin Strike+1","Dropkick+1"],"picked":"Clothesline+1","floor":48}],"player_experience":957325,"relics_obtained":[{"floor":7,"key":"Nunchaku"},{"floor":9,"key":"Toxic Egg 2"},{"floor":10,"key":"Omamori"},{"floor":13,"key":"Molten Egg 2"},{"floor":26,"key":"Paper Frog"},{"floor":27,"key":"Self Forming Clay"},{"floor":29,"key":"Singing Bowl"},{"floor":41,"key":"Orichalcum"},{"floor":41,"key":"MawBank"},{"floor":46,"key":"Dodecahedron"},{"floor":46,"key":"Mummified Hand"}],"event_choices":[{"damage_healed":0,"gold_gain":75,"player_choice":"Gather Gold","damage_taken":11,"max_hp_gain":0,"max_hp_loss":0,"event_name":"World of Goop","floor":8,"gold_loss":0},{"damage_healed":0,"gold_gain":50,"player_choice":"Stole From Cult","damage_taken":0,"max_hp_gain":0,"max_hp_loss":0,"event_name":"Nest","floor":20,"gold_loss":0},{"damage_healed":0,"gold_gain":0,"player_choice":"Became a Ghost","damage_taken":0,"max_hp_gain":0,"max_hp_loss":43,"event_name":"Ghosts","floor":21,"gold_loss":0,"cards_obtained":["Ghostly","Ghostly","Ghostly"]},{"damage_healed":0,"gold_gain":0,"player_choice":"Ignored","damage_taken":0,"max_hp_gain":0,"max_hp_loss":0,"event_name":"Cursed Tome","floor":24,"gold_loss":0},{"cards_removed":["Strike_R"],"damage_healed":0,"gold_gain":0,"player_choice":"Removed Attack","damage_taken":0,"max_hp_gain":0,"max_hp_loss":0,"event_name":"Falling","floor":37,"gold_loss":0},{"damage_healed":0,"gold_gain":0,"player_choice":"Memory 3","damage_taken":10,"max_hp_gain":0,"max_hp_loss":0,"event_name":"SensoryStone","floor":38,"gold_loss":0}],"is_beta":true,"boss_relics":[{"not_picked":["Ectoplasm","Eternal Feather"],"picked":"Snecko Eye"},{"not_picked":["Lizard Tail","Black Blood"],"picked":"Black Star"}],"items_purged_floors":[5,31],"is_endless":false,"potions_floor_spawned":[1,2,11,16,18,22,33,35,40,44,48],"killed_by":"Donu and Deca","ascension_level":20}