{"gold_per_floor":[118,118,137,160,160,185,196,209,234,266,266,300,315,340,340,469,469,453,466,466,16,40,40,11,11,11,11,11,34,34,16,16,16],"floor_reached":33,"playtime":897,"items_purged":[],"score":346,"play_id":"9aa73430-b39d-44c2-8da1-477149affaaa","local_time":"20190113214657","is_ascension_mode":true,"campfire_choices":[{"floor":15,"key":"REST"},{"floor":23,"key":"REST"},{"floor":25,"key":"REST"},{"data":"Infinite Blades","floor":27,"key":"SMITH"},{"data":"Accuracy","floor":32,"key":"SMITH"}],"neow_cost":"NONE","seed_source_timestamp":35380498155898,"circlet_count":0,"master_deck":["Defend_G","Defend_G","Defend_G","Defend_G","Defend_G","Strike_G","Strike_G","Strike_G","Strike_G","Survivor","Neutralize","Riddle With Holes","Blade Dance","Dagger Spray","Tools of the Trade","Blade Dance","Deflect","Predator","Cloak And Dagger","Accuracy+1","Well Laid Plans","Outmaneuver","Die Die Die","Backflip+1","Noxious Fumes","Accuracy","Swift Strike","Secret Weapon","Eviscerate","Blade Dance","Infinite Blades+1","PiercingWail"],"relics":["Ring of the Snake","NeowsBlessing","Blood Vial","Boot","Orichalcum","Omamori","Golden Idol","The Courier","WristBlade","Nilry\u0027s Codex","Regal Pillow","Dodecahedron","Art of War","Bag of Preparation","Anchor"],"potions_floor_usage":[8,12,16,22,33],"damage_taken":[{"damage":0,"enemies":"2 Louse","floor":1,"turns":1},{"damage":0,"enemies":"Cultist","floor":3,"turns":1},{"damage":0,"enemies":"Lagavulin","floor":6,"turns":1},{"damage":2,"enemies":"Jaw Worm","floor":7,"turns":3},{"damage":9,"enemies":"Gremlin Gang","floor":8,"turns":3},{"damage":7,"enemies":"3 Sentries","floor":10,"turns":4},{"damage":10,"enemies":"Gremlin Nob","floor":12,"turns":4},{"damage":0,"enemies":"2 Fungi Beasts","floor":13,"turns":2},{"damage":22,"enemies":"Large Slime","floor":14,"turns":5},{"damage":65,"enemies":"The Guardian","floor":16,"turns":18},{"damage":22,"enemies":"2 Thieves","floor":18,"turns":4},{"damage":6,"enemies":"Chosen","floor":19,"turns":4},{"damage":20,"enemies":"Shelled Parasite and Fungi","floor":22,"turns":5},{"damage":70,"enemies":"Champ","floor":33,"turns":6}],"seed_played":"-8372422394681552570","potions_obtained":[{"floor":6,"key":"Fire Potion"},{"floor":7,"key":"SpeedPotion"},{"floor":10,"key":"Dexterity Potion"},{"floor":12,"key":"Regen Potion"},{"floor":18,"key":"Poison Potion"}],"is_trial":false,"path_per_floor":["M","?","M","T","?","E","M","M","T","E","?","E","M","M","R","B",null,"M","M","?","$","M","R","$","R","T","R","?","T","T","$","R","B"],"character_chosen":"THE_SILENT","items_purchased":["Accuracy","Regal Pillow","Swift Strike","Secret Weapon","Eviscerate","Infinite Blades","PiercingWail"],"campfire_rested":3,"item_purchase_floors":[21,21,21,21,21,24,31],"current_hp_per_floor":[70,70,70,70,70,70,68,61,61,56,56,48,50,30,51,3,70,48,44,28,28,10,46,46,70,70,70,70,70,70,70,70,0],"gold":16,"neow_bonus":"THREE_ENEMY_KILL","is_prod":false,"is_daily":false,"chose_seed":false,"campfire_upgraded":2,"win_rate":0,"timestamp":1547426817,"path_taken":["M","?","?","?","?","E","?","M","T","E","?","E","M","M","R","BOSS","M","M","?","$","M","R","?","R","T","R","?","?","?","?","R","BOSS"],"build_version":"2019-01-10","purchased_purges":0,"victory":false,"max_hp_per_floor":[70,70,70,70,70,70,70,70,70,70,70,70,70,70,70,70,70,70,70,70,70,70,70,70,70,70,70,70,70,70,70,70,70],"card_choices":[{"not_picked":["Dodge and Roll","Bane"],"picked":"Riddle With Holes","floor":1},{"not_picked":["Sucker Punch","Dagger Throw"],"picked":"Blade Dance","floor":3},{"not_picked":["Slice","Expertise"],"picked":"Blade Dance","floor":6},{"not_picked":["Expertise","Dodge and Roll"],"picked":"Deflect","floor":7},{"not_picked":["Acrobatics","Night Terror"],"picked":"Predator","floor":8},{"not_picked":["Backflip","PiercingWail"],"picked":"Cloak And Dagger","floor":10},{"not_picked":["Outmaneuver","Distraction"],"picked":"Accuracy","floor":12},{"not_picked":["Dagger Throw","Distraction"],"picked":"Well Laid Plans","floor":13},{"not_picked":["Quick Slash","Flying Knee"],"picked":"Outmaneuver","floor":14},{"not_picked":["Phantasmal Killer","Wraith Form v2"],"picked":"Die Die Die","floor":16},{"not_picked":["Bane","Quick Slash"],"picked":"Backflip+1","floor":18},{"not_picked":["Deadly Poison","Well Laid Plans"],"picked":"Noxious Fumes","floor":19},{"not_picked":["Dagger Throw+1","Flying Knee"],"picked":"Blade Dance","floor":22}],"player_experience":621730,"relics_obtained":[{"floor":4,"key":"Blood Vial"},{"floor":6,"key":"Boot"},{"floor":9,"key":"Orichalcum"},{"floor":10,"key":"Omamori"},{"floor":12,"key":"The Courier"},{"floor":20,"key":"Nilry\u0027s Codex"},{"floor":26,"key":"Dodecahedron"},{"floor":29,"key":"Bag of Preparation"},{"floor":30,"key":"Anchor"}],"event_choices":[{"cards_removed":["Strike_G"],"damage_healed":0,"gold_gain":0,"player_choice":"Purged","damage_taken":0,"max_hp_gain":0,"max_hp_loss":0,"event_name":"Purifier","floor":2,"gold_loss":0},{"damage_healed":0,"gold_gain":0,"player_choice":"2 cards matched","damage_taken":0,"max_hp_gain":0,"max_hp_loss":0,"event_name":"Match and Keep!","floor":5,"gold_loss":0,"cards_obtained":["Dagger Spray","Tools of the Trade"]},{"damage_healed":0,"gold_gain":0,"player_choice":"Take Wound","damage_taken":0,"relics_obtained":["Golden Idol"],"max_hp_gain":0,"max_hp_loss":0,"event_name":"Golden Idol","floor":11,"gold_loss":0,"cards_obtained":["Injury"]},{"damage_healed":0,"gold_gain":0,"player_choice":"Obtained Book","damage_taken":16,"max_hp_gain":0,"max_hp_loss":0,"event_name":"Cursed Tome","floor":20,"gold_loss":0},{"damage_healed":0,"gold_gain":0,"player_choice":"Opened","damage_taken":0,"relics_obtained":["Art of War"],"max_hp_gain":0,"max_hp_loss":0,"event_name":"The Mausoleum","floor":28,"gold_loss":0,"cards_obtained":["Writhe"]}],"is_beta":false,"boss_relics":[{"not_picked":["Sozu","Runic Dome"],"picked":"WristBlade"}],"items_purged_floors":[],"is_endless":false,"potions_floor_spawned":[6,7,10,12,18],"killed_by":"Champ","ascension_level":4}