{"gold_per_floor":[112,112,126,126,136,136,155,80,80,80,130,142,156,156,156,231,231,185,205,217,132,132,132,44,44,90,104,4,4,30,43,43,117,117,129,182,182,196,196,206,233,249,249,280,280,312,337,367,367,367,367,367,367,85,115,115],"floor_reached":57,"playtime":2855,"items_purged":["Strike_G","Regret","Defend_G"],"score":3295,"play_id":"435c8c9e-874a-4750-b0a6-9da7b622fcaa","local_time":"20190515191110","is_ascension_mode":true,"campfire_choices":[{"data":"Poisoned Stab","floor":6.0,"key":"SMITH"},{"data":"Neutralize","floor":10.0,"key":"SMITH"},{"data":"Calculated Gamble","floor":15.0,"key":"SMITH"},{"floor":23.0,"key":"REST"},{"data":"Adrenaline","floor":25.0,"key":"SMITH"},{"data":"PiercingWail","floor":29.0,"key":"SMITH"},{"floor":32.0,"key":"REST"},{"floor":49.0,"key":"RECALL"},{"data":"Tactician","floor":53.0,"key":"SMITH"}],"neow_cost":"TEN_PERCENT_HP_LOSS","seed_source_timestamp":0,"circlet_count":0,"master_deck":["AscendersBane","Defend_G","Defend_G","Survivor","Neutralize+1","Poisoned Stab+1","PiercingWail+1","Backflip","Grand Finale","Calculated Gamble+1","Adrenaline+1","Well Laid Plans+1","Acrobatics","Terror+1","After Image+1","Footwork+1","Tactician+1","Envenom+1"],"special_seed":0,"relics":["Ring of the Snake","WingedGreaves","Frozen Egg 2","Shuriken","Cursed Key","Regal Pillow","Dream Catcher","Empty Cage","Unceasing Top","Blue Candle","Pen Nib","PreservedInsect","Letter Opener","Strawberry","Oddly Smooth Stone","Art of War"],"potions_floor_usage":[56],"damage_taken":[{"damage":0.0,"enemies":"2 Louse","floor":1.0,"turns":3.0},{"damage":2.0,"enemies":"Jaw Worm","floor":3.0,"turns":4.0},{"damage":3.0,"enemies":"Cultist","floor":5.0,"turns":5.0},{"damage":0.0,"enemies":"Looter","floor":7.0,"turns":3.0},{"damage":4.0,"enemies":"Lots of Slimes","floor":12.0,"turns":6.0},{"damage":8.0,"enemies":"Large Slime","floor":13.0,"turns":7.0},{"damage":13.0,"enemies":"The Guardian","floor":16.0,"turns":10.0},{"damage":6.0,"enemies":"2 Thieves","floor":18.0,"turns":5.0},{"damage":14.0,"enemies":"Chosen","floor":19.0,"turns":6.0},{"damage":13.0,"enemies":"Snake Plant","floor":20.0,"turns":4.0},{"damage":4.0,"enemies":"Centurion and Healer","floor":27.0,"turns":7.0},{"damage":0.0,"enemies":"Gremlin Leader","floor":30.0,"turns":6.0},{"damage":34.0,"enemies":"Sentry and Sphere","floor":31.0,"turns":10.0},{"damage":17.0,"enemies":"Collector","floor":33.0,"turns":7.0},{"damage":0.0,"enemies":"3 Darklings","floor":35.0,"turns":2.0},{"damage":2.0,"enemies":"2 Orb Walkers","floor":36.0,"turns":3.0},{"damage":0.0,"enemies":"Orb Walker","floor":38.0,"turns":3.0},{"damage":0.0,"enemies":"3 Darklings","floor":40.0,"turns":3.0},{"damage":3.0,"enemies":"Reptomancer","floor":41.0,"turns":3.0},{"damage":0.0,"enemies":"Writhing Mass","floor":42.0,"turns":4.0},{"damage":0.0,"enemies":"Giant Head","floor":44.0,"turns":5.0},{"damage":15.0,"enemies":"Nemesis","floor":46.0,"turns":5.0},{"damage":0.0,"enemies":"Reptomancer","floor":47.0,"turns":3.0},{"damage":0.0,"enemies":"Nemesis","floor":48.0,"turns":5.0},{"damage":32.0,"enemies":"Time Eater","floor":50.0,"turns":12.0},{"damage":1.0,"enemies":"Awakened One","floor":51.0,"turns":10.0},{"damage":1.0,"enemies":"Shield and Spear","floor":55.0,"turns":2.0},{"damage":54,"enemies":"The Heart","floor":56,"turns":8}],"seed_played":"8686769353115525394","potions_obtained":[{"floor":3.0,"key":"Explosive Potion"},{"floor":7.0,"key":"AttackPotion"},{"floor":13.0,"key":"Swift Potion"},{"floor":18.0,"key":"Ancient Potion"},{"floor":27.0,"key":"FearPotion"},{"floor":33.0,"key":"Swift Potion"},{"floor":40.0,"key":"SpeedPotion"},{"floor":41.0,"key":"Regen Potion"},{"floor":44.0,"key":"Fruit Juice"},{"floor":47.0,"key":"Swift Potion"},{"floor":48.0,"key":"Block Potion"}],"is_trial":false,"path_per_floor":["M","?","M","?","M","R","M","$","T","R","?","M","M","?","R","B",null,"M","M","M","?","?","R","$","R","T","M","$","R","E","M","R","B",null,"M","?","?","M","?","M","E","M","T","E","?","E","E","E","R","B","B",null,"R","$","E","B",null],"character_chosen":"THE_SILENT","items_purchased":["Well Laid Plans+1","Oddly Smooth Stone"],"campfire_rested":2,"item_purchase_floors":[24,54],"current_hp_per_floor":[59,64,62,62,59,59,59,59,59,59,53,49,41,36,36,23,55,49,35,22,22,22,56,56,56,56,52,52,52,52,18,52,35,58,58,56,56,56,56,56,53,53,53,58,58,43,43,50,50,18,17,62,62,62,61,22],"gold":115,"neow_bonus":"ONE_RARE_RELIC","is_prod":false,"is_daily":false,"chose_seed":false,"campfire_upgraded":6,"win_rate":0,"timestamp":1557918670,"path_taken":["M","?","M","?","?","R","M","$","T","R","?","?","M","?","R","BOSS","M","M","M","?","?","R","$","R","T","M","$","R","E","M","R","BOSS","M","?","?","M","?","?","E","M","T","E","?","E","E","E","R","BOSS","BOSS","R","$","E","BOSS"],"build_version":"2019-01-23","purchased_purges":3,"victory":true,"max_hp_per_floor":[60,65,65,65,65,65,65,65,65,65,65,65,65,65,65,65,65,65,65,65,65,65,65,65,65,65,65,65,65,65,65,65,65,65,65,65,65,65,65,65,65,65,65,70,70,70,70,77,77,77,77,77,77,77,77,77],"card_choices":[{"not_picked":["Cloak And Dagger","Blade Dance"],"picked":"Poisoned Stab","floor":1.0},{"not_picked":["Underhanded Strike","Acrobatics","Cloak And Dagger"],"picked":"SKIP","floor":3.0},{"not_picked":["Flying Knee","Heel Hook"],"picked":"PiercingWail","floor":5.0},{"not_picked":["Quick Slash","Setup"],"picked":"Backflip","floor":7.0},{"not_picked":["Crippling Poison","All Out Attack"],"picked":"Grand Finale","floor":12.0},{"not_picked":["Sucker Punch","Distraction"],"picked":"Calculated Gamble","floor":13.0},{"not_picked":["Burst","Tools of the Trade+1"],"picked":"Adrenaline","floor":16.0},{"not_picked":["Prepared","Slice","Flechettes"],"picked":"SKIP","floor":18.0},{"not_picked":["Backflip","Slice","Underhanded Strike"],"picked":"SKIP","floor":19.0},{"not_picked":["Poisoned Stab","Flying Knee","Backflip"],"picked":"SKIP","floor":20.0},{"not_picked":["Choke","Sucker Punch","Dodge and Roll"],"picked":"SKIP","floor":27.0},{"not_picked":["Riddle With Holes","Predator","Noxious Fumes+1"],"picked":"SKIP","floor":30.0},{"not_picked":["Concentrate","Backstab","Riddle With Holes"],"picked":"SKIP","floor":31.0},{"not_picked":["Dagger Spray","Calculated Gamble"],"picked":"Acrobatics","floor":32.0},{"not_picked":["Outmaneuver+1","Backstab"],"picked":"Terror+1","floor":35.0},{"not_picked":["Accuracy+1","Leg Sweep","Quick Slash+1"],"picked":"SKIP","floor":38.0},{"not_picked":["Flechettes","Caltrops+1"],"picked":"Footwork+1","floor":40.0},{"not_picked":["Flying Knee","Dagger Spray"],"picked":"Tactician","floor":41.0},{"not_picked":["Footwork+1","Caltrops+1","Leg Sweep"],"picked":"SKIP","floor":42.0},{"not_picked":["Masterful Stab+1","Dodge and Roll","Prepared"],"picked":"SKIP","floor":44.0},{"not_picked":["Outmaneuver","Doppelganger","Predator"],"picked":"SKIP","floor":46.0},{"not_picked":["Caltrops+1","Dagger Spray","Poisoned Stab+1"],"picked":"SKIP","floor":47.0},{"not_picked":["Deflect","Cloak And Dagger+1","Backflip"],"picked":"SKIP","floor":48.0},{"not_picked":["Eviscerate","Crippling Poison","Deflect"],"picked":"SKIP","floor":55.0}],"player_experience":1698056,"relics_obtained":[{"floor":9.0,"key":"Frozen Egg 2"},{"floor":30.0,"key":"Dream Catcher"},{"floor":36.0,"key":"Unceasing Top"},{"floor":41.0,"key":"Blue Candle"},{"floor":44.0,"key":"Pen Nib"},{"floor":46.0,"key":"PreservedInsect"},{"floor":47.0,"key":"Letter Opener"},{"floor":48.0,"key":"Strawberry"},{"floor":55.0,"key":"Art of War"}],"event_choices":[{"damage_healed":0.0,"max_hp_gain":5.0,"max_hp_loss":0.0,"gold_gain":0.0,"event_name":"Big Fish","player_choice":"Donut","floor":2.0,"gold_loss":0.0,"damage_taken":0.0},{"cards_removed":["Strike_G"],"damage_healed":0.0,"max_hp_gain":0.0,"max_hp_loss":0.0,"gold_gain":0.0,"event_name":"Bonfire Elementals","player_choice":"Offered Basic","floor":4.0,"gold_loss":0.0,"damage_taken":0.0},{"damage_healed":0.0,"max_hp_gain":0.0,"max_hp_loss":0.0,"gold_gain":50.0,"event_name":"FaceTrader","player_choice":"Touch","floor":11.0,"gold_loss":0.0,"damage_taken":6.0},{"damage_healed":0.0,"max_hp_gain":0.0,"max_hp_loss":0.0,"gold_gain":0.0,"event_name":"Scrap Ooze","player_choice":"Success","floor":14.0,"gold_loss":0.0,"damage_taken":5.0,"relics_obtained":["Shuriken"]},{"damage_healed":0.0,"max_hp_gain":0.0,"max_hp_loss":0.0,"gold_gain":0.0,"event_name":"Addict","player_choice":"Obtained Relic","floor":21.0,"gold_loss":85.0,"damage_taken":0.0,"relics_obtained":["Regal Pillow"]},{"cards_removed":["Strike_G"],"damage_healed":0.0,"max_hp_gain":0.0,"max_hp_loss":0.0,"gold_gain":0.0,"event_name":"Back to Basics","player_choice":"Elegance","floor":22.0,"gold_loss":0.0,"damage_taken":0.0},{"damage_healed":0.0,"max_hp_gain":0.0,"max_hp_loss":0.0,"gold_gain":0.0,"event_name":"Mysterious Sphere","player_choice":"Fight","floor":36.0,"gold_loss":0.0,"damage_taken":0.0},{"cards_removed":["Defend_G"],"damage_healed":0.0,"max_hp_gain":0.0,"max_hp_loss":0.0,"gold_gain":0.0,"event_name":"Falling","player_choice":"Removed Skill","floor":37.0,"gold_loss":0.0,"damage_taken":0.0},{"damage_healed":0.0,"max_hp_gain":0.0,"max_hp_loss":0.0,"gold_gain":0.0,"event_name":"Match and Keep!","player_choice":"1 cards matched","floor":39.0,"gold_loss":0.0,"damage_taken":0.0,"cards_obtained":["After Image"]},{"damage_healed":0.0,"max_hp_gain":0.0,"max_hp_loss":0.0,"gold_gain":0.0,"cards_transformed":["Defend_G"],"event_name":"Transmorgrifier","player_choice":"Transformed","floor":45.0,"gold_loss":0.0,"damage_taken":0.0,"cards_obtained":["Envenom"]}],"is_beta":false,"boss_relics":[{"not_picked":["White Beast Statue","Fusion Hammer"],"picked":"Cursed Key"},{"not_picked":["Philosopher\u0027s Stone","Calling Bell"],"picked":"Empty Cage"}],"items_purged_floors":[8,28,54],"is_endless":false,"potions_floor_spawned":[3,7,12,13,18,27,33,40,41,44,47,48],"ascension_level":20}