{"gold_per_floor":[113,4,19,19,37,37,69,69,69,94,116,146,176,223,235,350,362,385,415,427,451,479,523,435,435,435,121,121,140,152,187,187,283,283,295,312,312,327,346,346],"floor_reached":40,"playtime":1848,"items_purged":["Strike_R","Strike_R","Strike_R"],"score":444,"play_id":"8774fe22-2f49-4c17-87df-ac84545e9a31","local_time":"20190222080639","is_ascension_mode":false,"campfire_choices":[{"data":"Bash","floor":6,"key":"SMITH"},{"data":"Twin Strike","floor":8,"key":"SMITH"},{"data":"Flame Barrier","floor":15,"key":"SMITH"},{"data":"True Grit","floor":25,"key":"SMITH"},{"data":"Rampage","floor":32,"key":"SMITH"}],"neow_cost":"TEN_PERCENT_HP_LOSS","seed_source_timestamp":399326322351926,"circlet_count":0,"master_deck":["Defend_R","Defend_R","Defend_R","Defend_R","Bash+1","Sword Boomerang","Whirlwind+1","Twin Strike+1","Rampage+1","Flame Barrier+1","Impervious","Double Tap","Metallicize","Ghostly Armor+1","True Grit+1","Burning Pact","Battle Trance","Shockwave","Shrug It Off","Juggernaut","Inflame","Inflame+1","Headbutt+1","Apotheosis","True Grit+1"],"relics":["Burning Blood","Question Card","MawBank","Meat on the Bone","Velvet Choker","Du-Vu Doll","Self Forming Clay","Membership Card","Paper Frog","Orrery"],"potions_floor_usage":[14,16,16,23,23,31,33,33,38],"damage_taken":[{"damage":6,"enemies":"Cultist","floor":1,"turns":3},{"damage":0,"enemies":"Small Slimes","floor":3,"turns":3},{"damage":3,"enemies":"2 Louse","floor":5,"turns":2},{"damage":13,"enemies":"3 Sentries","floor":7,"turns":4},{"damage":0,"enemies":"2 Fungi Beasts","floor":10,"turns":2},{"damage":0,"enemies":"Lots of Slimes","floor":11,"turns":1},{"damage":10,"enemies":"Gremlin Gang","floor":12,"turns":4},{"damage":0,"enemies":"Red Slaver","floor":13,"turns":5},{"damage":25,"enemies":"Lagavulin","floor":14,"turns":6},{"damage":13,"enemies":"Hexaghost","floor":16,"turns":9},{"damage":9,"enemies":"Shell Parasite","floor":18,"turns":5},{"damage":0,"enemies":"Chosen","floor":19,"turns":4},{"damage":14,"enemies":"3 Cultists","floor":21,"turns":5},{"damage":1,"enemies":"Centurion and Healer","floor":22,"turns":8},{"damage":28,"enemies":"Book of Stabbing","floor":23,"turns":5},{"damage":6,"enemies":"Snake Plant","floor":29,"turns":4},{"damage":11,"enemies":"Cultist and Chosen","floor":30,"turns":6},{"damage":30,"enemies":"Slavers","floor":31,"turns":5},{"damage":25,"enemies":"Collector","floor":33,"turns":8},{"damage":16,"enemies":"3 Darklings","floor":35,"turns":5},{"damage":16,"enemies":"3 Shapes","floor":36,"turns":5},{"damage":14,"enemies":"Transient","floor":38,"turns":5},{"damage":21,"enemies":"4 Shapes","floor":39,"turns":7},{"damage":60,"enemies":"Reptomancer","floor":40,"turns":4}],"seed_played":"-3882796377182312028","potions_obtained":[{"floor":3,"key":"Fire Potion"},{"floor":7,"key":"BloodPotion"},{"floor":11,"key":"BloodPotion"},{"floor":14,"key":"FearPotion"},{"floor":16,"key":"SteroidPotion"},{"floor":18,"key":"FairyPotion"},{"floor":21,"key":"Fire Potion"},{"floor":29,"key":"FearPotion"},{"floor":30,"key":"Explosive Potion"},{"floor":36,"key":"PowerPotion"}],"is_trial":false,"path_per_floor":["M","$","M","?","M","R","E","R","T","M","M","M","M","E","R","B",null,"M","M","?","M","M","E","$","R","T","$","?","M","M","E","R","B",null,"M","M","?","M","M","E"],"character_chosen":"IRONCLAD","items_purchased":["Whirlwind","Membership Card","Ancient Potion","Shockwave"],"campfire_rested":0,"item_purchase_floors":[2,27,27,27],"current_hp_per_floor":[72,72,72,72,72,72,65,65,65,71,72,68,72,60,60,53,72,69,72,72,64,69,54,54,54,54,54,82,82,77,53,53,46,82,72,62,62,54,51,0],"gold":346,"neow_bonus":"REMOVE_TWO","is_prod":false,"is_daily":false,"chose_seed":false,"campfire_upgraded":5,"win_rate":0,"timestamp":1550822799,"path_taken":["M","?","M","?","M","R","E","R","T","?","M","M","M","E","R","BOSS","M","?","?","M","M","E","$","R","T","$","?","?","M","E","R","BOSS","M","M","?","M","M","E"],"build_version":"2019-02-06","purchased_purges":3,"victory":false,"max_hp_per_floor":[72,72,72,72,72,72,72,72,72,72,72,72,72,72,72,72,72,72,72,72,72,72,72,72,72,72,72,82,82,82,82,82,82,82,82,82,82,82,82,82],"card_choices":[{"not_picked":["True Grit","Entrench"],"picked":"Sword Boomerang","floor":1},{"not_picked":["Searing Blow","Thunderclap"],"picked":"Twin Strike","floor":3},{"not_picked":["Intimidate","Perfected Strike"],"picked":"Rampage","floor":5},{"not_picked":["Anger","True Grit"],"picked":"Flame Barrier","floor":7},{"not_picked":["Fire Breathing","Pommel Strike","Searing Blow"],"picked":"Impervious","floor":10},{"not_picked":["Armaments","Flex","Blood for Blood","Twin Strike"],"picked":"SKIP","floor":11},{"not_picked":["Warcry","Armaments","Twin Strike"],"picked":"Double Tap","floor":12},{"not_picked":["Clothesline","Thunderclap","Rampage"],"picked":"Metallicize","floor":13},{"not_picked":["Anger","Searing Blow","Body Slam","Uppercut"],"picked":"SKIP","floor":14},{"not_picked":["Searing Blow+1","Armaments+1","Sentinel"],"picked":"Ghostly Armor+1","floor":18},{"not_picked":["Anger","Sword Boomerang","Reckless Charge"],"picked":"True Grit","floor":19},{"not_picked":["Clothesline","Wild Strike+1","Flex","Body Slam+1"],"picked":"SKIP","floor":21},{"not_picked":["Warcry","Thunderclap","Rupture"],"picked":"Battle Trance","floor":22},{"not_picked":["Berserk","Power Through","Evolve"],"picked":"Impervious","floor":23},{"not_picked":["Corruption","Rage","Dual Wield","Second Wind+1"],"picked":"SKIP","floor":29},{"not_picked":["Clothesline","Sword Boomerang","Clash+1"],"picked":"Shrug It Off","floor":30},{"not_picked":["Anger","Twin Strike","Shrug It Off","Fiend Fire"],"picked":"SKIP","floor":31},{"not_picked":["Dark Embrace","Reaper","Limit Break"],"picked":"Juggernaut","floor":33},{"not_picked":["Battle Trance","Heavy Blade","Rupture"],"picked":"Inflame","floor":34},{"not_picked":["Havoc+1","Battle Trance+1","Clothesline+1"],"picked":"Inflame+1","floor":35},{"not_picked":["Heavy Blade","Anger+1","Shrug It Off"],"picked":"Headbutt+1","floor":36},{"not_picked":["Dramatic Entrance","Sadistic Nature","Blind"],"picked":"Apotheosis","floor":37},{"not_picked":["Pommel Strike+1","Pummel","Power Through+1","Iron Wave"],"picked":"SKIP","floor":38},{"not_picked":["Body Slam","Clash","Clothesline+1"],"picked":"True Grit+1","floor":39}],"player_experience":944930,"relics_obtained":[{"floor":7,"key":"Question Card"},{"floor":9,"key":"MawBank"},{"floor":14,"key":"Meat on the Bone"},{"floor":23,"key":"Du-Vu Doll"},{"floor":26,"key":"Self Forming Clay"},{"floor":31,"key":"Paper Frog"}],"event_choices":[{"damage_healed":0,"gold_gain":0,"player_choice":"Forge","damage_taken":0,"max_hp_gain":0,"max_hp_loss":0,"event_name":"Accursed Blacksmith","floor":4,"gold_loss":0,"cards_upgraded":["Whirlwind"]},{"damage_healed":0,"gold_gain":0,"player_choice":"Read","damage_taken":0,"max_hp_gain":0,"max_hp_loss":0,"event_name":"The Library","floor":20,"gold_loss":0,"cards_obtained":["Burning Pact"]},{"cards_removed":["Impervious"],"damage_healed":18,"gold_gain":0,"player_choice":"Offered Rare","damage_taken":0,"max_hp_gain":10,"max_hp_loss":0,"event_name":"Bonfire Elementals","floor":28,"gold_loss":0},{"damage_healed":0,"gold_gain":0,"player_choice":"Memory 1","damage_taken":0,"max_hp_gain":0,"max_hp_loss":0,"event_name":"SensoryStone","floor":37,"gold_loss":0}],"is_beta":true,"boss_relics":[{"not_picked":["Astrolabe","Mark of Pain"],"picked":"Velvet Choker"},{"not_picked":["Runic Cube","Lizard Tail"],"picked":"Orrery"}],"items_purged_floors":[2,24,27],"is_endless":false,"potions_floor_spawned":[3,7,11,14,16,18,21,29,30,36],"killed_by":"Reptomancer","ascension_level":0}