{"gold_per_floor":[14,31,44,44,62,62,82,35,35,55,55,84,104,124,124,221,221,237,249,249,348,348,374,374,386,441,452,480,480,492,525,525,525],"floor_reached":33,"playtime":1392,"items_purged":[],"score":336,"play_id":"e1186504-71ed-42a8-af1a-5f758dbbdc89","local_time":"20190226124652","is_ascension_mode":false,"campfire_choices":[{"data":"Zap","floor":6,"key":"SMITH"},{"data":"Hologram","floor":11,"key":"SMITH"},{"data":"Genetic Algorithm","floor":15,"key":"SMITH"},{"data":"Storm","floor":24,"key":"SMITH"},{"floor":29,"key":"REST"},{"floor":32,"key":"REST"}],"neow_cost":"NO_GOLD","seed_source_timestamp":762202569474337,"circlet_count":0,"master_deck":["Strike_B","Strike_B","Defend_B","Defend_B","Defend_B","Zap+1","Dualcast","Self Repair","Hologram+1","Compile Driver","Genetic Algorithm+1","Rebound","Sweeping Beam","Chill","Sweeping Beam+1","Storm+1","Hyperbeam+1","Heatsinks","Capacitor+1","Rebound+1","Skim","Defragment","Compile Driver+1","Thunder Strike+1","Barrage+1"],"relics":["Cracked Core","Molten Egg 2","Gremlin Horn","Philosopher\u0027s Stone","Dodecahedron","Tiny Chest","Oddly Smooth Stone","Blood Vial"],"potions_floor_usage":[16,16,23,25,28,30,31],"damage_taken":[{"damage":1,"enemies":"Jaw Worm","floor":1,"turns":3},{"damage":7,"enemies":"Small Slimes","floor":2,"turns":4},{"damage":5,"enemies":"2 Louse","floor":3,"turns":3},{"damage":27,"enemies":"Exordium Thugs","floor":5,"turns":5},{"damage":4,"enemies":"Looter","floor":7,"turns":3},{"damage":0,"enemies":"Exordium Wildlife","floor":10,"turns":3},{"damage":0,"enemies":"3 Sentries","floor":12,"turns":7},{"damage":0,"enemies":"Blue Slaver","floor":13,"turns":3},{"damage":0,"enemies":"Large Slime","floor":14,"turns":4},{"damage":15,"enemies":"The Guardian","floor":16,"turns":8},{"damage":22,"enemies":"2 Thieves","floor":18,"turns":3},{"damage":7,"enemies":"Chosen","floor":19,"turns":4},{"damage":12,"enemies":"Slavers","floor":23,"turns":3},{"damage":20,"enemies":"Snake Plant","floor":25,"turns":4},{"damage":5,"enemies":"3 Cultists","floor":27,"turns":4},{"damage":23,"enemies":"Book of Stabbing","floor":28,"turns":4},{"damage":13,"enemies":"Snecko","floor":30,"turns":5},{"damage":24,"enemies":"Slavers","floor":31,"turns":4},{"damage":63,"enemies":"Champ","floor":33,"turns":6}],"seed_played":"-8487063530659215137","potions_obtained":[{"floor":2,"key":"SkillPotion"},{"floor":7,"key":"PowerPotion"},{"floor":10,"key":"Block Potion"},{"floor":12,"key":"Ancient Potion"},{"floor":19,"key":"SkillPotion"},{"floor":27,"key":"Poison Potion"},{"floor":28,"key":"EssenceOfSteel"},{"floor":30,"key":"Swift Potion"}],"is_trial":false,"path_per_floor":["M","M","M","?","M","R","M","$","T","M","R","E","M","M","R","B",null,"M","M","?","?","?","E","R","M","T","M","E","R","M","E","R","B"],"character_chosen":"DEFECT","items_purchased":["Sweeping Beam"],"campfire_rested":2,"item_purchase_floors":[8],"current_hp_per_floor":[74,74,75,75,55,55,58,58,58,65,65,72,75,75,75,60,75,60,60,60,60,60,55,55,42,42,44,28,50,44,27,49,0],"gold":525,"neow_bonus":"REMOVE_TWO","is_prod":false,"is_daily":false,"chose_seed":false,"campfire_upgraded":4,"win_rate":0,"timestamp":1551185212,"path_taken":["M","M","M","?","M","R","M","?","T","M","R","E","M","M","R","BOSS","M","M","?","?","?","E","R","M","T","?","E","R","M","E","R","BOSS"],"build_version":"2019-02-06","purchased_purges":0,"victory":false,"max_hp_per_floor":[75,75,75,75,75,75,75,75,75,75,75,75,75,75,75,75,75,75,75,75,75,75,75,75,75,75,75,75,75,75,75,75,75],"card_choices":[{"not_picked":["Coolheaded","Redo"],"picked":"Self Repair","floor":1},{"not_picked":["Stack","Recycle"],"picked":"Hologram","floor":2},{"not_picked":["Rebound","Redo"],"picked":"Compile Driver","floor":3},{"not_picked":["Coolheaded","Sunder"],"picked":"Genetic Algorithm","floor":5},{"not_picked":["Conserve Battery","Static Discharge"],"picked":"Rebound","floor":7},{"not_picked":["Barrage+1","Rebound+1"],"picked":"Chill","floor":10},{"not_picked":["Seek","Compile Driver+1"],"picked":"Sweeping Beam+1","floor":12},{"not_picked":["Barrage+1","Hologram","Turbo"],"picked":"SKIP","floor":13},{"not_picked":["Beam Cell+1","Reprogram"],"picked":"Storm","floor":14},{"not_picked":["Meteor Strike+1","Multi-Cast"],"picked":"Hyperbeam+1","floor":16},{"not_picked":["Beam Cell+1","Hologram"],"picked":"Heatsinks","floor":18},{"not_picked":["Recycle","Coolheaded"],"picked":"Capacitor+1","floor":19},{"not_picked":["Go for the Eyes+1","Sweeping Beam+1"],"picked":"Skim","floor":23},{"not_picked":["Gash+1","Leap"],"picked":"Defragment","floor":25},{"not_picked":["Streamline+1","Scrape+1"],"picked":"Compile Driver+1","floor":27},{"not_picked":["Fusion","Rebound+1"],"picked":"Thunder Strike+1","floor":28},{"not_picked":["Compile Driver+1","Streamline+1","Steam"],"picked":"SKIP","floor":30},{"not_picked":["Blizzard+1","BootSequence"],"picked":"Barrage+1","floor":31}],"player_experience":955483,"relics_obtained":[{"floor":9,"key":"Molten Egg 2"},{"floor":12,"key":"Gremlin Horn"},{"floor":23,"key":"Dodecahedron"},{"floor":26,"key":"Tiny Chest"},{"floor":28,"key":"Oddly Smooth Stone"},{"floor":31,"key":"Blood Vial"}],"event_choices":[{"damage_healed":0,"gold_gain":0,"player_choice":"Leave","damage_taken":0,"max_hp_gain":0,"max_hp_loss":0,"event_name":"The Cleric","floor":4,"gold_loss":0},{"damage_healed":0,"gold_gain":0,"player_choice":"Ignored","damage_taken":0,"max_hp_gain":0,"max_hp_loss":0,"event_name":"The Mausoleum","floor":20,"gold_loss":0},{"damage_healed":0,"gold_gain":99,"player_choice":"Stole From Cult","damage_taken":0,"max_hp_gain":0,"max_hp_loss":0,"event_name":"Nest","floor":21,"gold_loss":0},{"damage_healed":0,"gold_gain":0,"cards_transformed":["Strike_B"],"player_choice":"Transformed","damage_taken":0,"max_hp_gain":0,"max_hp_loss":0,"event_name":"Transmorgrifier","floor":22,"gold_loss":0,"cards_obtained":["Rebound"]}],"is_beta":true,"boss_relics":[{"not_picked":["Busted Crown","Snecko Eye"],"picked":"Philosopher\u0027s Stone"}],"items_purged_floors":[],"is_endless":false,"potions_floor_spawned":[2,7,10,12,14,19,27,28,30],"killed_by":"Champ","ascension_level":0}