{"gold_per_floor":[111,126,143,143,158,185,185,185,185,185,185,218,235,18,18,120,120,131,131,29,48,48,48,48],"floor_reached":24,"playtime":907,"items_purged":["Writhe"],"score":224,"play_id":"1d98043c-4553-41bc-8921-113af034c5f7","local_time":"20190408154734","is_ascension_mode":true,"campfire_choices":[{"data":"Flex","floor":7,"key":"SMITH"},{"data":"Iron Wave","floor":11,"key":"SMITH"},{"data":"Spot Weakness","floor":15,"key":"SMITH"},{"floor":23,"key":"REST"}],"neow_cost":"NONE","seed_source_timestamp":1122092208092200,"circlet_count":0,"master_deck":["Strike_R","Strike_R","Strike_R","Strike_R","Strike_R","Defend_R","Defend_R","Defend_R","Defend_R","Bash","Armaments","Flex+1","Iron Wave+1","Heavy Blade+1","Anger","Inflame","Clash","Spot Weakness+1","Limit Break","Infernal Blade","Flex","Iron Wave"],"relics":["Burning Blood","Potion Belt","Blood Vial","Pantograph","Happy Flower","Black Star","Magic Flower"],"potions_floor_usage":[12,24,24],"damage_taken":[{"damage":5,"enemies":"Small Slimes","floor":1,"turns":6},{"damage":7,"enemies":"Jaw Worm","floor":2,"turns":3},{"damage":7,"enemies":"2 Louse","floor":3,"turns":4},{"damage":3,"enemies":"Blue Slaver","floor":5,"turns":6},{"damage":25,"enemies":"3 Sentries","floor":6,"turns":10},{"damage":19,"enemies":"Lagavulin","floor":12,"turns":5},{"damage":10,"enemies":"Exordium Wildlife","floor":13,"turns":3},{"damage":24,"enemies":"Slime Boss","floor":16,"turns":9},{"damage":23,"enemies":"Spheric Guardian","floor":18,"turns":4},{"damage":48,"enemies":"Shell Parasite","floor":21,"turns":5},{"damage":56,"enemies":"Slavers","floor":24,"turns":3}],"seed_played":"-1308039846963603206","potions_obtained":[{"floor":1,"key":"SkillPotion"},{"floor":5,"key":"Poison Potion"},{"floor":12,"key":"Weak Potion"},{"floor":13,"key":"EssenceOfSteel"},{"floor":18,"key":"PowerPotion"}],"is_trial":false,"path_per_floor":["M","M","M","$","M","E","R","$","T","?","R","E","M","$","R","B",null,"M","?","$","M","?","R","E"],"character_chosen":"IRONCLAD","items_purchased":["Happy Flower","Spot Weakness","Flex"],"campfire_rested":1,"item_purchase_floors":[14,14,20],"current_hp_per_floor":[80,79,78,78,80,61,61,61,61,61,61,50,48,48,48,57,80,63,63,63,27,27,51,0],"gold":48,"neow_bonus":"THREE_CARDS","is_prod":false,"is_daily":false,"chose_seed":false,"campfire_upgraded":3,"win_rate":0,"timestamp":1554752854,"path_taken":["M","M","M","$","M","E","R","$","T","?","R","E","M","$","R","BOSS","M","?","$","M","?","R","E"],"build_version":"2019-01-23","purchased_purges":1,"victory":false,"max_hp_per_floor":[80,80,80,80,80,80,80,80,80,80,80,80,80,80,80,80,80,80,80,80,80,80,80,80],"card_choices":[{"not_picked":["Anger","Evolve"],"picked":"Armaments","floor":0},{"not_picked":["Feel No Pain","Headbutt"],"picked":"Flex","floor":1},{"not_picked":["Evolve","Metallicize","Pummel"],"picked":"SKIP","floor":2},{"not_picked":["Clothesline","Twin Strike"],"picked":"Iron Wave","floor":3},{"not_picked":["Wild Strike","Dual Wield"],"picked":"Heavy Blade","floor":5},{"not_picked":["Shockwave","Warcry"],"picked":"Anger","floor":6},{"not_picked":["Uppercut","Clash"],"picked":"Inflame","floor":12},{"not_picked":["Dark Embrace","Perfected Strike"],"picked":"Clash","floor":13},{"not_picked":["Reaper","Exhume"],"picked":"Limit Break","floor":16},{"not_picked":["Rampage+1","Twin Strike"],"picked":"Infernal Blade","floor":18},{"not_picked":["Evolve","Havoc"],"picked":"Iron Wave","floor":21}],"player_experience":69569,"relics_obtained":[{"floor":6,"key":"Potion Belt"},{"floor":9,"key":"Blood Vial"},{"floor":12,"key":"Pantograph"}],"event_choices":[{"damage_healed":0,"gold_gain":0,"player_choice":"Grow","damage_taken":0,"max_hp_gain":0,"max_hp_loss":0,"event_name":"Living Wall","floor":10,"gold_loss":0,"cards_upgraded":["Heavy Blade"]},{"damage_healed":0,"gold_gain":0,"player_choice":"Opened","damage_taken":0,"relics_obtained":["Magic Flower"],"max_hp_gain":0,"max_hp_loss":0,"event_name":"The Mausoleum","floor":19,"gold_loss":0,"cards_obtained":["Writhe"]},{"damage_healed":0,"gold_gain":0,"player_choice":"Ignored","damage_taken":0,"max_hp_gain":0,"max_hp_loss":0,"event_name":"Ghosts","floor":22,"gold_loss":0}],"is_beta":false,"boss_relics":[{"not_picked":["Velvet Choker","Coffee Dripper"],"picked":"Black Star"}],"items_purged_floors":[20],"is_endless":false,"potions_floor_spawned":[1,5,12,13,18],"killed_by":"Slavers","ascension_level":2}