{"gold_per_floor":[112,112,131,131,149,168,168,168,216,233,308,308,336,352,352,452,452,463,463,211,222,45,45,63,63],"floor_reached":25,"playtime":1113,"items_purged":[],"score":299,"play_id":"55bd87b2-67e1-488b-ac86-0c49224b1c30","local_time":"20190119135541","is_ascension_mode":true,"campfire_choices":[{"data":"Dark Embrace","floor":7,"key":"SMITH"},{"data":"Havoc","floor":12,"key":"SMITH"},{"data":"Metallicize","floor":15,"key":"SMITH"},{"floor":23,"key":"REST"}],"neow_cost":"NONE","seed_source_timestamp":525334578308448,"circlet_count":0,"master_deck":["Strike_R","Strike_R","Strike_R","Strike_R","Strike_R","Defend_R","Defend_R","Defend_R","Defend_R","Bash","Dark Embrace+1","Rage","True Grit","Metallicize+1","Havoc+1","Cleave","Fiend Fire","Reaper","Clumsy","True Grit+1","Inflame","Master of Strategy","Shrug It Off+1","Panache","Sever Soul"],"relics":["Burning Blood","Ornamental Fan","Omamori","Pear","Calling Bell","Oddly Smooth Stone","Gremlin Horn","Bird Faced Urn"],"potions_floor_usage":[10,13,16,21,21],"damage_taken":[{"damage":1,"enemies":"Cultist","floor":1,"turns":3},{"damage":1,"enemies":"Jaw Worm","floor":3,"turns":3},{"damage":7,"enemies":"2 Louse","floor":5,"turns":3},{"damage":4,"enemies":"Blue Slaver","floor":6,"turns":5},{"damage":11,"enemies":"2 Fungi Beasts","floor":10,"turns":6},{"damage":19,"enemies":"3 Sentries","floor":13,"turns":6},{"damage":25,"enemies":"Exordium Thugs","floor":14,"turns":6},{"damage":32,"enemies":"Slime Boss","floor":16,"turns":7},{"damage":27,"enemies":"3 Byrds","floor":18,"turns":6},{"damage":37,"enemies":"Spheric Guardian","floor":21,"turns":7},{"damage":83,"enemies":"Cultist and Chosen","floor":24,"turns":8},{"damage":28,"enemies":"Centurion and Healer","floor":25,"turns":5}],"seed_played":"-2501326302761107239","potions_obtained":[{"floor":1,"key":"Block Potion"},{"floor":5,"key":"AttackPotion"},{"floor":6,"key":"GamblersBrew"},{"floor":14,"key":"Fire Potion"},{"floor":18,"key":"Regen Potion"},{"floor":24,"key":"Dexterity Potion"}],"is_trial":false,"path_per_floor":["M","?","M","?","M","M","R","T","T","M","?","R","E","M","R","B",null,"M","?","$","M","$","R","M","M"],"character_chosen":"IRONCLAD","items_purchased":["Inflame","Master of Strategy","Panache"],"campfire_rested":1,"item_purchase_floors":[20,20,22],"current_hp_per_floor":[77,82,85,85,84,85,85,85,85,80,69,69,66,47,47,21,77,66,47,47,39,39,69,12,0],"gold":63,"neow_bonus":"ONE_RANDOM_RARE_CARD","is_prod":false,"is_daily":false,"chose_seed":false,"campfire_upgraded":3,"win_rate":0,"timestamp":1547916941,"path_taken":["M","?","M","?","?","M","R","?","T","M","?","R","E","M","R","BOSS","M","?","$","M","$","R","M","M"],"build_version":"2019-01-17v2","purchased_purges":0,"victory":false,"max_hp_per_floor":[80,85,85,85,85,85,85,85,85,85,85,85,95,95,95,95,95,95,100,100,100,100,100,100,100],"card_choices":[{"not_picked":["Reckless Charge","Blood for Blood"],"picked":"Rage","floor":1},{"not_picked":["Pommel Strike","Shrug It Off"],"picked":"True Grit","floor":3},{"not_picked":["Iron Wave","Clothesline"],"picked":"Metallicize","floor":5},{"not_picked":["Iron Wave","Anger"],"picked":"Havoc","floor":6},{"not_picked":["Heavy Blade","Twin Strike"],"picked":"Cleave","floor":10},{"not_picked":["Headbutt","Clash"],"picked":"Fiend Fire","floor":13},{"not_picked":["Dropkick","Flex","Cleave"],"picked":"SKIP","floor":14},{"not_picked":["Bludgeon","Double Tap"],"picked":"Reaper","floor":16},{"not_picked":["Twin Strike","Shockwave"],"picked":"True Grit+1","floor":18},{"not_picked":["Rupture","Anger"],"picked":"Shrug It Off+1","floor":21},{"not_picked":["Flame Barrier","Shrug It Off"],"picked":"Sever Soul","floor":24}],"player_experience":643009,"relics_obtained":[{"floor":4,"key":"Ornamental Fan"},{"floor":8,"key":"Omamori"},{"floor":13,"key":"Pear"},{"floor":17,"key":"Oddly Smooth Stone"},{"floor":17,"key":"Gremlin Horn"},{"floor":17,"key":"Bird Faced Urn"}],"event_choices":[{"damage_healed":0,"gold_gain":0,"player_choice":"Donut","damage_taken":0,"max_hp_gain":5,"max_hp_loss":0,"event_name":"Big Fish","floor":2,"gold_loss":0},{"damage_healed":0,"gold_gain":0,"player_choice":"Relic","damage_taken":0,"max_hp_gain":0,"max_hp_loss":0,"event_name":"Wheel of Change","floor":4,"gold_loss":0},{"damage_healed":0,"gold_gain":75,"player_choice":"Gather Gold","damage_taken":11,"max_hp_gain":0,"max_hp_loss":0,"event_name":"World of Goop","floor":11,"gold_loss":0},{"damage_healed":0,"gold_gain":0,"player_choice":"Shed Blood","damage_taken":24,"max_hp_gain":5,"max_hp_loss":0,"event_name":"Forgotten Altar","floor":19,"gold_loss":0}],"is_beta":false,"boss_relics":[{"not_picked":["Pandora\u0027s Box","Ectoplasm"],"picked":"Calling Bell"}],"items_purged_floors":[],"is_endless":false,"potions_floor_spawned":[1,5,6,14,18,24],"killed_by":"Centurion and Healer","ascension_level":7}