{"gold_per_floor":[20,38,56,56,68,68,101,101,151,151,186,186,60,93,93,194,194,204,204,227,242,20,51,71,100,184,202,301,321,350,350,350,449,449,461,481,481,481,22,22,50,128,182,215,47,47,80,97,97,97,97,97,54,80,80],"floor_reached":56,"playtime":3893,"items_purged":["Strike_R","Writhe"],"score":1514,"play_id":"240a2508-cee0-4317-9d39-4e7054025f8b","local_time":"20190503132743","is_ascension_mode":true,"campfire_choices":[{"data":"Bash","floor":6,"key":"SMITH"},{"data":"Feed","floor":8,"key":"SMITH"},{"data":"Clothesline","floor":12,"key":"SMITH"},{"data":"True Grit","floor":15,"key":"SMITH"},{"data":"Barricade","floor":32,"key":"SMITH"},{"data":"Mayhem","floor":40,"key":"SMITH"},{"floor":46,"key":"RECALL"},{"data":"Offering","floor":49,"key":"SMITH"},{"data":"Juggernaut","floor":52,"key":"SMITH"}],"neow_cost":"NO_GOLD","seed_source_timestamp":4556721130316631,"circlet_count":0,"master_deck":["Strike_R+1","Strike_R+1","Strike_R+1","Strike_R+1","Defend_R+1","Defend_R+1","Defend_R+1","Defend_R+1","Bash+1","Offering","Wild Strike","Carnage+1","Pommel Strike","Feed+1","Headbutt","Clothesline+1","True Grit+1","Disarm","Exhume","Rage","Perfected Strike","Shrug It Off","Perfected Strike+1","Barricade+1","Feel No Pain","Warcry","Pommel Strike","Juggernaut+1","Perfected Strike","Armaments","Offering+1","Evolve","Mayhem+1","Shrug It Off","Discovery","Thunderclap+1","Shockwave","Armaments+1","Flame Barrier","True Grit+1"],"relics":["Burning Blood","Paper Frog","Juzu Bracelet","Ancient Tea Set","Mercury Hourglass","Mark of Pain","Membership Card","Bag of Preparation","Dream Catcher","Tiny Chest","Gremlin Horn","Philosopher\u0027s Stone","Blood Vial","Vajra","Bottled Lightning","Oddly Smooth Stone","Smiling Mask","OrangePellets","Singing Bowl","Charon\u0027s Ashes"],"potions_floor_usage":[7,7,29,30,35,39,55,55,55],"damage_taken":[{"damage":8,"enemies":"2 Louse","floor":1,"turns":3},{"damage":1,"enemies":"Jaw Worm","floor":2,"turns":3},{"damage":6,"enemies":"Cultist","floor":3,"turns":2},{"damage":12,"enemies":"Large Slime","floor":5,"turns":4},{"damage":13,"enemies":"3 Sentries","floor":7,"turns":4},{"damage":0,"enemies":"Gremlin Nob","floor":11,"turns":2},{"damage":12,"enemies":"3 Sentries","floor":14,"turns":5},{"damage":6,"enemies":"Slime Boss","floor":16,"turns":4},{"damage":6,"enemies":"2 Thieves","floor":18,"turns":3},{"damage":0,"enemies":"Chosen","floor":21,"turns":4},{"damage":29,"enemies":"Gremlin Leader","floor":23,"turns":8},{"damage":11,"enemies":"Snake Plant","floor":24,"turns":3},{"damage":10,"enemies":"Slavers","floor":25,"turns":6},{"damage":6,"enemies":"Snecko","floor":27,"turns":3},{"damage":26,"enemies":"Cultist and Chosen","floor":29,"turns":7},{"damage":12,"enemies":"Book of Stabbing","floor":30,"turns":5},{"damage":50,"enemies":"Champ","floor":33,"turns":14},{"damage":18,"enemies":"3 Darklings","floor":35,"turns":4},{"damage":8,"enemies":"Orb Walker","floor":36,"turns":3},{"damage":6,"enemies":"Giant Head","floor":41,"turns":10},{"damage":20,"enemies":"Nemesis","floor":44,"turns":7},{"damage":25,"enemies":"Reptomancer","floor":47,"turns":6},{"damage":6,"enemies":"Sphere and 2 Shapes","floor":48,"turns":3},{"damage":34,"enemies":"Awakened One","floor":50,"turns":13},{"damage":18,"enemies":"Shield and Spear","floor":54,"turns":5},{"damage":51,"enemies":"The Heart","floor":55,"turns":8}],"seed_played":"-2817628069735158922","potions_obtained":[{"floor":1,"key":"Explosive Potion"},{"floor":3,"key":"SteroidPotion"},{"floor":11,"key":"SpeedPotion"},{"floor":16,"key":"BloodPotion"},{"floor":23,"key":"Weak Potion"},{"floor":25,"key":"BloodPotion"},{"floor":30,"key":"Explosive Potion"},{"floor":41,"key":"Strength Potion"}],"is_trial":false,"path_per_floor":["M","M","M","?","M","R","E","R","T","?","E","R","$","E","R","B",null,"M","?","T","M","$","E","M","E","T","M","?","M","E","?","R","B",null,"M","M","?","?","$","R","E","T","T","E","$","R","E","M","R","B",null,"R","$","E","B",null],"character_chosen":"IRONCLAD","items_purchased":["True Grit","Membership Card","Shrug It Off","Ancient Potion","Blood Vial","Offering","Evolve","Mayhem","Shrug It Off","Fruit Juice","Discovery","OrangePellets","Shockwave","Weak Potion","PowerPotion","Flame Barrier"],"campfire_rested":0,"item_purchase_floors":[13,22,22,39,39,39,39,39,39,39,39,45,45,45,53,53],"current_hp_per_floor":[78,80,80,80,74,74,70,70,70,70,76,76,76,74,74,74,87,91,91,91,91,91,68,63,67,67,71,71,61,55,89,89,49,107,99,97,111,111,116,116,116,116,116,102,102,102,87,89,89,67,122,122,122,110,67],"gold":80,"neow_bonus":"THREE_RARE_CARDS","is_prod":false,"is_daily":false,"chose_seed":false,"campfire_upgraded":8,"win_rate":0,"timestamp":1556904463,"path_taken":["M","M","M","?","M","R","E","R","T","?","E","R","?","E","R","BOSS","M","?","?","M","?","E","M","E","T","M","?","M","E","?","R","BOSS","M","M","?","?","?","R","E","?","T","E","?","R","E","M","R","BOSS","R","$","E","BOSS"],"build_version":"2019-04-23","purchased_purges":2,"victory":true,"max_hp_per_floor":[80,80,80,80,80,80,83,83,83,83,83,83,83,87,87,87,87,91,91,91,91,91,91,91,99,99,103,103,103,103,103,103,107,107,111,111,111,111,116,116,116,116,116,116,116,116,118,118,118,122,122,122,122,122,122],"card_choices":[{"not_picked":["Bludgeon","Brutality"],"picked":"Offering","floor":0},{"not_picked":["Burning Pact","Sentinel"],"picked":"Wild Strike","floor":1},{"not_picked":["Cleave","Iron Wave"],"picked":"Carnage","floor":2},{"not_picked":["Sword Boomerang","Body Slam"],"picked":"Pommel Strike","floor":3},{"not_picked":["Cleave","Armaments"],"picked":"Feed","floor":5},{"not_picked":["Anger","Brutality"],"picked":"Headbutt","floor":7},{"not_picked":["Sever Soul","Blood for Blood"],"picked":"Clothesline","floor":11},{"not_picked":["Dual Wield","Thunderclap"],"picked":"Disarm","floor":14},{"not_picked":["Berserk","Offering"],"picked":"Exhume","floor":16},{"not_picked":["Rampage+1","True Grit"],"picked":"Rage","floor":18},{"not_picked":["Power Through","Twin Strike"],"picked":"Perfected Strike","floor":21},{"not_picked":["Headbutt+1","Whirlwind","Clash+1"],"picked":"SKIP","floor":23},{"not_picked":["Havoc+1","Twin Strike"],"picked":"Perfected Strike+1","floor":24},{"not_picked":["Second Wind","Carnage"],"picked":"Barricade","floor":25},{"not_picked":["Wild Strike","Evolve"],"picked":"Feel No Pain","floor":27},{"not_picked":["Clothesline","Flame Barrier"],"picked":"Warcry","floor":29},{"not_picked":["Wild Strike","Rampage"],"picked":"Pommel Strike","floor":30},{"not_picked":["Brutality","Dark Embrace"],"picked":"Juggernaut","floor":33},{"not_picked":["Shockwave+1","Sword Boomerang"],"picked":"Perfected Strike","floor":35},{"not_picked":["Body Slam+1","Searing Blow+1"],"picked":"Armaments","floor":36},{"not_picked":["Body Slam+1","Clash"],"picked":"Thunderclap+1","floor":41},{"not_picked":["Heavy Blade","Seeing Red","Anger"],"picked":"SKIP","floor":44},{"not_picked":["Limit Break","Heavy Blade","Dropkick+1"],"picked":"Singing Bowl","floor":47},{"not_picked":["Clash","Headbutt"],"picked":"Armaments+1","floor":48},{"not_picked":["Armaments+1","Burning Pact+1"],"picked":"True Grit+1","floor":54}],"player_experience":5609789,"relics_obtained":[{"floor":7,"key":"Paper Frog"},{"floor":9,"key":"Juzu Bracelet"},{"floor":11,"key":"Ancient Tea Set"},{"floor":14,"key":"Mercury Hourglass"},{"floor":23,"key":"Bag of Preparation"},{"floor":25,"key":"Dream Catcher"},{"floor":26,"key":"Tiny Chest"},{"floor":30,"key":"Gremlin Horn"},{"floor":41,"key":"Vajra"},{"floor":42,"key":"Bottled Lightning"},{"floor":43,"key":"Oddly Smooth Stone"},{"floor":44,"key":"Smiling Mask"},{"floor":47,"key":"Singing Bowl"},{"floor":54,"key":"Charon\u0027s Ashes"}],"event_choices":[{"damage_healed":0,"gold_gain":0,"player_choice":"Grow","damage_taken":0,"max_hp_gain":0,"max_hp_loss":0,"event_name":"Living Wall","floor":4,"gold_loss":0,"cards_upgraded":["Carnage"]},{"damage_healed":0,"gold_gain":0,"player_choice":"Ignored","damage_taken":0,"max_hp_gain":0,"max_hp_loss":0,"event_name":"Liars Game","floor":10,"gold_loss":0},{"damage_healed":0,"gold_gain":0,"player_choice":"Simplicity","damage_taken":0,"max_hp_gain":0,"max_hp_loss":0,"event_name":"Back to Basics","floor":19,"gold_loss":0,"cards_upgraded":["Strike_R","Strike_R","Strike_R","Strike_R","Defend_R","Defend_R","Defend_R","Defend_R"]},{"damage_healed":0,"gold_gain":99,"player_choice":"Stole From Cult","damage_taken":0,"max_hp_gain":0,"max_hp_loss":0,"event_name":"Nest","floor":28,"gold_loss":0},{"damage_healed":34,"gold_gain":0,"player_choice":"Heal","damage_taken":0,"max_hp_gain":0,"max_hp_loss":0,"event_name":"The Library","floor":31,"gold_loss":0},{"damage_healed":28,"gold_gain":0,"player_choice":"Writhe","damage_taken":0,"max_hp_gain":0,"max_hp_loss":0,"event_name":"Winding Halls","floor":37,"gold_loss":0,"cards_obtained":["Writhe"]},{"damage_healed":0,"gold_gain":0,"player_choice":"Ignored","damage_taken":0,"max_hp_gain":0,"max_hp_loss":0,"event_name":"Tomb of Lord Red Mask","floor":38,"gold_loss":0}],"is_beta":true,"boss_relics":[{"not_picked":["Black Star","Eternal Feather"],"picked":"Mark of Pain"},{"not_picked":["Velvet Choker","Astrolabe"],"picked":"Philosopher\u0027s Stone"}],"items_purged_floors":[13,39],"is_endless":false,"potions_floor_spawned":[1,3,11,16,23,24,25,30,41,44,47,54],"ascension_level":1}