{"gold_per_floor":[367,382,382,27,42,42,76,76,100,130,149,174,23,23,23,100,100,111,125,142,165,440,466,466,2,2,12,39,52,52,69,69,69],"floor_reached":33,"playtime":1359,"items_purged":["Strike_B","Strike_B"],"score":544,"play_id":"3d484436-b8ee-4e4b-931e-94661d711273","local_time":"20190410230831","is_ascension_mode":true,"campfire_choices":[{"data":"Zap","floor":6,"key":"SMITH"},{"data":"Biased Cognition","floor":8,"key":"SMITH"},{"floor":15,"key":"REST"},{"data":"Biased Cognition","floor":24,"key":"SMITH"},{"floor":32,"key":"REST"}],"neow_cost":"TEN_PERCENT_HP_LOSS","seed_source_timestamp":817239319286843,"circlet_count":0,"master_deck":["AscendersBane","Strike_B","Defend_B","Defend_B","Defend_B","Defend_B","Zap+1","Dualcast","Cold Snap+1","Sweeping Beam+1","Coolheaded+1","Coolheaded+1","Biased Cognition+1","Leap+1","Coolheaded+1","Biased Cognition+1","Coolheaded+1","Redo+1","Regret","Doom and Gloom","Coolheaded+1","Ball Lightning","Reboot+1"],"relics":["Cracked Core","Bronze Scales","Toxic Egg 2","Pantograph","Pen Nib","Blood Vial","Bag of Marbles","Art of War","Philosopher\u0027s Stone","Whetstone","Girya","Ice Cream","Symbiotic Virus"],"potions_floor_usage":[7,18,23,23,33],"damage_taken":[{"damage":1,"enemies":"Cultist","floor":1,"turns":4},{"damage":7,"enemies":"2 Louse","floor":2,"turns":3},{"damage":5,"enemies":"Jaw Worm","floor":5,"turns":3},{"damage":13,"enemies":"Lagavulin","floor":7,"turns":7},{"damage":9,"enemies":"Gremlin Nob","floor":10,"turns":4},{"damage":0,"enemies":"Lots of Slimes","floor":11,"turns":2},{"damage":19,"enemies":"Lagavulin","floor":12,"turns":8},{"damage":27,"enemies":"The Guardian","floor":16,"turns":16},{"damage":0,"enemies":"3 Byrds","floor":18,"turns":4},{"damage":10,"enemies":"Shell Parasite","floor":19,"turns":3},{"damage":7,"enemies":"3 Cultists","floor":20,"turns":4},{"damage":17,"enemies":"Gremlin Leader","floor":23,"turns":6},{"damage":5,"enemies":"Snecko","floor":27,"turns":5},{"damage":23,"enemies":"Slavers","floor":28,"turns":4},{"damage":1,"enemies":"Sentry and Sphere","floor":29,"turns":4},{"damage":1,"enemies":"Cultist and Chosen","floor":31,"turns":3},{"damage":62,"enemies":"Automaton","floor":33,"turns":6}],"seed_played":"8427157349631961741","potions_obtained":[{"floor":1,"key":"Dexterity Potion"},{"floor":11,"key":"SpeedPotion"},{"floor":12,"key":"SteroidPotion"},{"floor":18,"key":"SkillPotion"},{"floor":28,"key":"SteroidPotion"},{"floor":29,"key":"SkillPotion"}],"is_trial":false,"path_per_floor":["M","M","T","$","M","R","E","R","T","E","M","E","$","?","R","B",null,"M","M","M","T","?","E","R","$","T","M","E","M","?","M","R","B"],"character_chosen":"DEFECT","items_purchased":["Toxic Egg 2","Coolheaded+1","Art of War","Coolheaded+1","Ice Cream"],"campfire_rested":2,"item_purchase_floors":[4,4,13,25,25],"current_hp_per_floor":[63,56,56,56,51,51,38,38,38,29,31,14,14,14,33,33,56,58,50,45,45,45,30,30,30,30,27,6,7,7,8,27,0],"gold":69,"neow_bonus":"TWO_FIFTY_GOLD","is_prod":false,"is_daily":false,"chose_seed":false,"campfire_upgraded":3,"win_rate":0,"timestamp":1554948511,"path_taken":["M","M","?","$","M","R","E","R","T","E","M","E","$","?","R","BOSS","M","M","M","?","?","E","R","$","T","?","E","M","?","M","R","BOSS"],"build_version":"2019-01-23","purchased_purges":2,"victory":false,"max_hp_per_floor":[64,64,64,64,64,64,64,64,64,64,64,64,64,64,64,64,64,64,64,64,64,64,64,64,64,64,64,64,64,64,64,64,64],"card_choices":[{"not_picked":["Hello World","Compile Driver"],"picked":"Cold Snap","floor":1},{"not_picked":["Barrage","Redo"],"picked":"Sweeping Beam","floor":2},{"not_picked":["Streamline","Rebound"],"picked":"Coolheaded+1","floor":5},{"not_picked":["Stack+1","Barrage"],"picked":"Biased Cognition","floor":7},{"not_picked":["Hello World","Beam Cell","Compile Driver"],"picked":"SKIP","floor":10},{"not_picked":["White Noise+1","Cold Snap"],"picked":"Leap+1","floor":11},{"not_picked":["Stack+1","Rebound"],"picked":"Coolheaded+1","floor":12},{"not_picked":["Seek+1","Meteor Strike"],"picked":"Biased Cognition","floor":16},{"not_picked":["Compile Driver","Leap+1"],"picked":"Coolheaded+1","floor":18},{"not_picked":["Sweeping Beam","Lockon","Go for the Eyes"],"picked":"SKIP","floor":19},{"not_picked":["Undo+1","Stack+1"],"picked":"Redo+1","floor":20},{"not_picked":["Hello World","Beam Cell"],"picked":"Doom and Gloom","floor":23},{"not_picked":["Sunder","Steam+1"],"picked":"Ball Lightning","floor":27},{"not_picked":["Beam Cell","Barrage"],"picked":"Reboot+1","floor":28},{"not_picked":["Undo+1","Gash","BootSequence+1"],"picked":"SKIP","floor":29},{"not_picked":["Consume+1","Sweeping Beam","Compile Driver"],"picked":"SKIP","floor":31}],"player_experience":1069878,"relics_obtained":[{"floor":3,"key":"Bronze Scales"},{"floor":7,"key":"Pantograph"},{"floor":9,"key":"Pen Nib"},{"floor":10,"key":"Blood Vial"},{"floor":12,"key":"Bag of Marbles"},{"floor":21,"key":"Whetstone"},{"floor":23,"key":"Girya"},{"floor":28,"key":"Symbiotic Virus"}],"event_choices":[{"cards_removed":["Strike_B"],"damage_healed":0,"gold_gain":0,"player_choice":"Purged","damage_taken":0,"max_hp_gain":0,"max_hp_loss":0,"event_name":"Purifier","floor":14,"gold_loss":0},{"damage_healed":0,"gold_gain":275,"player_choice":"Desecrate","damage_taken":0,"max_hp_gain":0,"max_hp_loss":0,"event_name":"Golden Shrine","floor":22,"gold_loss":0,"cards_obtained":["Regret"]},{"damage_healed":0,"gold_gain":0,"player_choice":"Ignored","damage_taken":0,"max_hp_gain":0,"max_hp_loss":0,"event_name":"Beggar","floor":30,"gold_loss":0}],"is_beta":false,"boss_relics":[{"not_picked":["Lizard Tail","Pandora\u0027s Box"],"picked":"Philosopher\u0027s Stone"}],"items_purged_floors":[4,25],"is_endless":false,"potions_floor_spawned":[1,11,12,16,18,28,29],"killed_by":"Automaton","ascension_level":14}