{"gold_per_floor":[110,185,185,201,18,18,52,52,52,83,83,111,111,143,143,241,241,257,267,177,0,20,20,51,51,51,82,101,112,146,164,164,259,259,274,287,287,297,142,142,175,175,175,191,218,234,249,267,267,267,267,267,37,71,71],"floor_reached":56,"playtime":4886,"items_purged":["Clumsy","Strike_G"],"score":1635,"play_id":"34fa7148-9250-4605-a5e1-38da0dd52d3a","local_time":"20190504174325","is_ascension_mode":true,"campfire_choices":[{"data":"After Image","floor":6,"key":"SMITH"},{"data":"Neutralize","floor":8,"key":"SMITH"},{"data":"Cloak And Dagger","floor":13,"key":"SMITH"},{"data":"Malaise","floor":15,"key":"SMITH"},{"data":"After Image","floor":23,"key":"SMITH"},{"data":"Infinite Blades","floor":25,"key":"SMITH"},{"data":"1","floor":32,"key":"LIFT"},{"data":"2","floor":40,"key":"LIFT"},{"data":"3","floor":42,"key":"LIFT"},{"floor":49,"key":"RECALL"},{"data":"Accuracy","floor":52,"key":"SMITH"}],"neow_cost":"NONE","seed_source_timestamp":73631091968990,"circlet_count":0,"master_deck":["Defend_G","Defend_G","Defend_G","Defend_G","Defend_G","Survivor+1","Neutralize+1","Cloak And Dagger+1","After Image+1","Infinite Blades+1","PiercingWail+1","Finesse","Dagger Throw","Flying Knee+1","Choke+1","Malaise+1","After Image+1","Deflect","Infinite Blades+1","Blade Dance","Escape Plan+1","Doubt","Blade Dance+1","Masterful Stab+1","Sucker Punch+1","Backflip+1","PiercingWail+1","Tools of the Trade","Glass Knife+1","Backstab+1","Outmaneuver+1","Blur","Acrobatics","Heel Hook+1","Terror","Accuracy+1","Doubt","Backstab+1","Reflex","Well Laid Plans+1","Cloak And Dagger+1","Footwork","Heel Hook+1"],"relics":["Lizard Tail","Incense Burner","Molten Egg 2","Centennial Puzzle","Bottled Tornado","Ninja Scroll","Cursed Key","Ancient Tea Set","Girya","Blue Candle","Regal Pillow","Astrolabe","The Courier","Unceasing Top","Bag of Preparation","Sundial"],"potions_floor_usage":[24,27,27,41,50,55,55,55,55,55,55],"damage_taken":[{"damage":0,"enemies":"Small Slimes","floor":1,"turns":4},{"damage":0,"enemies":"Cultist","floor":4,"turns":4},{"damage":7,"enemies":"3 Sentries","floor":7,"turns":12},{"damage":8,"enemies":"Gremlin Nob","floor":10,"turns":5},{"damage":0,"enemies":"3 Sentries","floor":12,"turns":10},{"damage":3,"enemies":"Gremlin Nob","floor":14,"turns":5},{"damage":0,"enemies":"The Guardian","floor":16,"turns":13},{"damage":10,"enemies":"2 Thieves","floor":18,"turns":4},{"damage":0,"enemies":"3 Byrds","floor":19,"turns":5},{"damage":0,"enemies":"Centurion and Healer","floor":22,"turns":5},{"damage":0,"enemies":"Slavers","floor":24,"turns":7},{"damage":0,"enemies":"Gremlin Leader","floor":27,"turns":8},{"damage":4,"enemies":"Snake Plant","floor":28,"turns":5},{"damage":0,"enemies":"Chosen and Byrds","floor":29,"turns":6},{"damage":14,"enemies":"Slavers","floor":30,"turns":5},{"damage":2,"enemies":"Cultist and Chosen","floor":31,"turns":12},{"damage":1,"enemies":"Automaton","floor":33,"turns":11},{"damage":0,"enemies":"3 Darklings","floor":35,"turns":5},{"damage":0,"enemies":"Orb Walker","floor":36,"turns":3},{"damage":8,"enemies":"Writhing Mass","floor":38,"turns":9},{"damage":1,"enemies":"Nemesis","floor":41,"turns":7},{"damage":0,"enemies":"Sphere and 2 Shapes","floor":44,"turns":4},{"damage":0,"enemies":"Reptomancer","floor":45,"turns":5},{"damage":0,"enemies":"4 Shapes","floor":46,"turns":4},{"damage":0,"enemies":"Transient","floor":47,"turns":5},{"damage":0,"enemies":"Jaw Worm Horde","floor":48,"turns":3},{"damage":1,"enemies":"Donu and Deca","floor":50,"turns":8},{"damage":0,"enemies":"Shield and Spear","floor":54,"turns":5},{"damage":27,"enemies":"The Heart","floor":55,"turns":9}],"seed_played":"-1698698357749108125","potions_obtained":[{"floor":1,"key":"Explosive Potion"},{"floor":18,"key":"Weak Potion"},{"floor":22,"key":"Fire Potion"},{"floor":28,"key":"SpeedPotion"},{"floor":29,"key":"EssenceOfSteel"},{"floor":30,"key":"Explosive Potion"},{"floor":41,"key":"EntropicBrew"}],"is_trial":false,"path_per_floor":["M","?","?","M","$","R","E","R","T","E","?","E","R","E","R","B",null,"M","M","?","$","M","R","E","R","T","E","M","M","E","M","R","B",null,"M","M","?","M","$","R","E","R","T","M","E","M","M","M","R","B",null,"R","$","E","B",null],"character_chosen":"THE_SILENT","items_purchased":["PiercingWail","Finesse","Infinite Blades","Terror","Ancient Potion","GhostInAJar","Bag of Preparation","Footwork"],"campfire_rested":0,"item_purchase_floors":[5,5,21,39,39,53,53,53],"current_hp_per_floor":[70,59,59,59,59,59,52,52,52,44,30,30,30,27,27,27,70,60,60,60,60,60,60,60,60,60,60,56,56,42,40,40,39,70,70,70,70,62,62,62,61,61,61,61,61,61,61,61,61,60,70,70,70,70,43],"gold":71,"neow_bonus":"BOSS_RELIC","is_prod":false,"is_daily":false,"chose_seed":false,"campfire_upgraded":7,"win_rate":0,"timestamp":1557006205,"path_taken":["M","?","?","?","$","R","E","R","T","E","?","E","R","E","R","BOSS","M","M","?","?","M","R","E","R","T","E","?","M","E","M","R","BOSS","M","M","?","M","?","R","E","R","T","M","E","?","M","?","R","BOSS","R","$","E","BOSS"],"build_version":"2019-04-23","purchased_purges":2,"victory":true,"max_hp_per_floor":[70,70,70,70,70,70,70,70,70,70,70,70,70,70,70,70,70,70,70,70,70,70,70,70,70,70,70,70,70,70,70,70,70,70,70,70,70,70,70,70,70,70,70,70,70,70,70,70,70,70,70,70,70,70,70],"card_choices":[{"not_picked":["Heel Hook","Acrobatics"],"picked":"Cloak And Dagger","floor":1},{"not_picked":["Underhanded Strike","Outmaneuver"],"picked":"Infinite Blades","floor":4},{"not_picked":["Poisoned Stab","Night Terror"],"picked":"Dagger Throw","floor":7},{"not_picked":["Dodge and Roll","Calculated Gamble"],"picked":"Flying Knee+1","floor":10},{"not_picked":["Prepared","Eviscerate+1"],"picked":"Choke+1","floor":12},{"not_picked":["Grand Finale+1","Footwork"],"picked":"Malaise","floor":14},{"not_picked":["Phantasmal Killer","A Thousand Cuts"],"picked":"After Image","floor":16},{"not_picked":["Bane+1","PiercingWail"],"picked":"Deflect","floor":18},{"not_picked":["Slice+1","Concentrate","Flying Knee+1"],"picked":"SKIP","floor":19},{"not_picked":["Dagger Throw+1","Poisoned Stab+1"],"picked":"Blade Dance","floor":22},{"not_picked":["Malaise","Backflip"],"picked":"Escape Plan+1","floor":24},{"not_picked":["Poisoned Stab+1","Crippling Poison"],"picked":"Blade Dance+1","floor":27},{"not_picked":["Noxious Fumes","Dagger Throw+1"],"picked":"Masterful Stab+1","floor":28},{"not_picked":["Acrobatics","Flying Knee+1"],"picked":"Sucker Punch+1","floor":29},{"not_picked":["Night Terror","All Out Attack+1"],"picked":"Backflip+1","floor":30},{"not_picked":["Slice+1","Dagger Throw+1"],"picked":"PiercingWail+1","floor":31},{"not_picked":["Corpse Explosion","Wraith Form v2"],"picked":"Tools of the Trade","floor":33},{"not_picked":["Quick Slash+1","Prepared"],"picked":"Blur","floor":35},{"not_picked":["PiercingWail+1","Sucker Punch+1"],"picked":"Acrobatics","floor":36},{"not_picked":["Acrobatics+1","Quick Slash+1"],"picked":"Heel Hook+1","floor":38},{"not_picked":["Grand Finale+1","Endless Agony+1"],"picked":"Accuracy","floor":41},{"not_picked":["Prepared","Dagger Throw+1"],"picked":"Backstab+1","floor":44},{"not_picked":["Deadly Poison+1","Malaise"],"picked":"Reflex","floor":45},{"not_picked":["Backflip","Quick Slash+1"],"picked":"Well Laid Plans+1","floor":46},{"not_picked":["Dagger Throw+1","Outmaneuver+1","Bane+1"],"picked":"SKIP","floor":47},{"not_picked":["Masterful Stab+1","Acrobatics+1"],"picked":"Cloak And Dagger+1","floor":48},{"not_picked":["Malaise","All Out Attack+1"],"picked":"Heel Hook+1","floor":54}],"player_experience":5631871,"relics_obtained":[{"floor":7,"key":"Incense Burner"},{"floor":9,"key":"Molten Egg 2"},{"floor":10,"key":"Centennial Puzzle"},{"floor":12,"key":"Bottled Tornado"},{"floor":14,"key":"Ninja Scroll"},{"floor":24,"key":"Ancient Tea Set"},{"floor":26,"key":"Girya"},{"floor":27,"key":"Blue Candle"},{"floor":30,"key":"Regal Pillow"},{"floor":41,"key":"The Courier"},{"floor":45,"key":"Unceasing Top"},{"floor":54,"key":"Sundial"}],"event_choices":[{"damage_healed":0,"gold_gain":75,"player_choice":"Gather Gold","damage_taken":11,"max_hp_gain":0,"max_hp_loss":0,"event_name":"World of Goop","floor":2,"gold_loss":0},{"damage_healed":0,"gold_gain":0,"player_choice":"2 cards matched","damage_taken":0,"max_hp_gain":0,"max_hp_loss":0,"event_name":"Match and Keep!","floor":3,"gold_loss":0,"cards_obtained":["Clumsy","After Image"]},{"damage_healed":0,"gold_gain":0,"player_choice":"Entered Light","damage_taken":14,"max_hp_gain":0,"max_hp_loss":0,"event_name":"Shining Light","floor":11,"gold_loss":0,"cards_upgraded":["Survivor","Infinite Blades"]},{"cards_removed":["Strike_G"],"damage_healed":0,"gold_gain":0,"player_choice":"Upgrade and Remove","damage_taken":0,"max_hp_gain":0,"max_hp_loss":0,"event_name":"Designer","floor":20,"gold_loss":90,"cards_upgraded":["PiercingWail"]},{"damage_healed":0,"gold_gain":0,"player_choice":"Ignored","damage_taken":0,"max_hp_gain":0,"max_hp_loss":0,"event_name":"NoteForYourself","floor":37,"gold_loss":0}],"is_beta":true,"boss_relics":[{"not_picked":["Fusion Hammer","Philosopher\u0027s Stone"],"picked":"Cursed Key"},{"not_picked":["Eternal Feather","Calling Bell"],"picked":"Astrolabe"}],"items_purged_floors":[5,21],"is_endless":false,"potions_floor_spawned":[1,18,22,28,29,30,36,38,41,47],"ascension_level":1}