{"gold_per_floor":[114,128,0,0,50,50,78,78,78,78,108,120,120,130,130,205,255,268,154,154,154],"floor_reached":21,"playtime":565,"items_purged":["Strike_B"],"score":420,"play_id":"81546c48-6bcf-4c4a-a9d9-101d392cf59c","local_time":"20190427213504","is_ascension_mode":true,"campfire_choices":[{"data":"Sunder","floor":6,"key":"SMITH"},{"data":"Doom and Gloom","floor":8,"key":"SMITH"},{"data":"Streamline","floor":10,"key":"SMITH"},{"floor":13,"key":"REST"},{"data":"Capacitor","floor":15,"key":"SMITH"}],"neow_cost":"NONE","seed_source_timestamp":394614722836700,"circlet_count":0,"master_deck":["AscendersBane","Strike_B","Strike_B","Strike_B","Defend_B+1","Defend_B","Defend_B","Defend_B","Zap","Dualcast","Streamline+1","Genetic Algorithm","Sunder+1","Capacitor+1","Doom and Gloom+1","Defragment+1","Defragment+1","Buffer+1","Barrage","Coolheaded+1","Capacitor+1"],"relics":["Cracked Core","NeowsBlessing","Boot","Happy Flower","Thread and Needle","Frozen Egg 2","Tiny House","MutagenicStrength"],"potions_floor_usage":[18,21,21],"damage_taken":[{"damage":0,"enemies":"Jaw Worm","floor":1,"turns":1},{"damage":0,"enemies":"2 Louse","floor":2,"turns":1},{"damage":0,"enemies":"Gremlin Nob","floor":7,"turns":1},{"damage":24,"enemies":"3 Sentries","floor":11,"turns":5},{"damage":0,"enemies":"Cultist","floor":12,"turns":2},{"damage":4,"enemies":"Blue Slaver","floor":14,"turns":4},{"damage":14,"enemies":"The Guardian","floor":16,"turns":8},{"damage":17,"enemies":"Shell Parasite","floor":18,"turns":5},{"damage":0,"enemies":"Colosseum Slavers","floor":21,"turns":4},{"damage":81,"enemies":"Colosseum Nobs","floor":21,"turns":4}],"seed_played":"8444761386785041631","potions_obtained":[{"floor":7,"key":"Strength Potion"},{"floor":12,"key":"Regen Potion"},{"floor":18,"key":"AttackPotion"}],"is_trial":false,"path_per_floor":["M","M","$","?","?","R","E","R","T","R","E","M","R","M","R","B",null,"M","$","?","?"],"character_chosen":"DEFECT","items_purchased":["Sunder","Capacitor","Capacitor+1"],"campfire_rested":1,"item_purchase_floors":[3,3,19],"current_hp_per_floor":[64,64,64,46,46,46,46,46,46,46,22,22,43,39,39,25,65,62,62,62,0],"gold":154,"neow_bonus":"THREE_ENEMY_KILL","is_prod":false,"is_daily":false,"chose_seed":false,"campfire_upgraded":4,"win_rate":0,"timestamp":1556393704,"path_taken":["M","M","$","?","?","R","E","R","T","R","E","M","R","M","R","BOSS","M","$","?","?"],"build_version":"2019-01-23","purchased_purges":1,"victory":false,"max_hp_per_floor":[71,71,71,71,71,71,71,71,71,71,71,71,71,71,71,71,76,76,76,76,76],"card_choices":[{"not_picked":["Coolheaded","Ball Lightning"],"picked":"Streamline","floor":1},{"not_picked":["Rebound","Doom and Gloom"],"picked":"Genetic Algorithm","floor":2},{"not_picked":["Fusion","Force Field"],"picked":"Doom and Gloom","floor":7},{"not_picked":["Cold Snap","Stack"],"picked":"Defragment","floor":11},{"not_picked":["Cold Snap","Sweeping Beam"],"picked":"Defragment+1","floor":12},{"not_picked":["Recycle","Hologram","Gash"],"picked":"SKIP","floor":14},{"not_picked":["All For One","Creative AI+1"],"picked":"Buffer+1","floor":16},{"not_picked":["Beam Cell","Leap"],"picked":"Barrage","floor":17},{"not_picked":["Storm+1","Streamline"],"picked":"Coolheaded+1","floor":18}],"player_experience":640694,"relics_obtained":[{"floor":7,"key":"Happy Flower"},{"floor":9,"key":"Thread and Needle"},{"floor":11,"key":"Frozen Egg 2"}],"event_choices":[{"damage_healed":0,"gold_gain":0,"player_choice":"Success","damage_taken":18,"relics_obtained":["Boot"],"max_hp_gain":0,"max_hp_loss":0,"event_name":"Scrap Ooze","floor":4,"gold_loss":0},{"damage_healed":0,"gold_gain":50,"player_choice":"Pray","damage_taken":0,"max_hp_gain":0,"max_hp_loss":0,"event_name":"Golden Shrine","floor":5,"gold_loss":0},{"damage_healed":0,"gold_gain":0,"player_choice":"Inject Mutagens","damage_taken":0,"relics_obtained":["MutagenicStrength"],"max_hp_gain":0,"max_hp_loss":0,"event_name":"Drug Dealer","floor":20,"gold_loss":0},{"damage_healed":0,"gold_gain":0,"player_choice":"Fight","damage_taken":0,"max_hp_gain":0,"max_hp_loss":0,"event_name":"Colosseum","floor":21,"gold_loss":0},{"damage_healed":0,"gold_gain":0,"player_choice":"Fought Nobs","damage_taken":0,"max_hp_gain":0,"max_hp_loss":0,"event_name":"Colosseum","floor":21,"gold_loss":0}],"is_beta":false,"boss_relics":[{"not_picked":["Calling Bell","Fusion Hammer"],"picked":"Tiny House"}],"items_purged_floors":[19],"is_endless":false,"potions_floor_spawned":[7,12,18],"killed_by":"Colosseum Nobs","ascension_level":20}