{"gold_per_floor":[111,61,61,77,77,102,4,4,82,110,126,143,143,162,162,260,260,279,194,47,47,63,63,97,117,117,117,132,159,5,16,16,115,115,126,1125,1145,1160,1160,1186,1186,260,260,260,292,30,30,40,40,40],"floor_reached":50,"playtime":1474,"items_purged":["Regret","Writhe"],"score":887,"play_id":"cf0033d7-9a55-479d-ade9-18189d8acd20","local_time":"20190131194220","is_ascension_mode":true,"campfire_choices":[{"data":"Double Energy","floor":8,"key":"SMITH"},{"floor":15,"key":"REST"},{"data":"White Noise","floor":23,"key":"SMITH"},{"data":"White Noise","floor":27,"key":"SMITH"},{"floor":32,"key":"REST"},{"floor":44,"key":"RECALL"},{"floor":47,"key":"REST"},{"data":"Biased Cognition","floor":49,"key":"SMITH"}],"neow_cost":"NONE","seed_source_timestamp":153743639603692,"circlet_count":0,"master_deck":["Strike_B","Strike_B","Strike_B","Defend_B","Defend_B","Defend_B","Defend_B","Zap","Dualcast","Double Energy+1","Ball Lightning","Gash","Coolheaded","Leap","Chill","BootSequence","White Noise+1","Electrodynamics","Leap","Defragment+1","Stack","White Noise+1","Doom and Gloom","Storm+1","Biased Cognition+1","Sweeping Beam","Sweeping Beam+1","Heatsinks","Chill","Sadistic Nature","Hello World","Doubt","Blizzard+1","Sweeping Beam"],"relics":["Cracked Core","NeowsBlessing","Letter Opener","Potion Belt","Pear","Question Card","Bronze Scales","Busted Crown","Cables","Omamori","DataDisk","Pantograph","Darkstone Periapt","Oddly Smooth Stone","Cursed Key","Blood Vial","Symbiotic Virus","Ancient Tea Set","Art of War","Meat on the Bone"],"potions_floor_usage":[10,22,28,33,40],"damage_taken":[{"damage":0,"enemies":"Small Slimes","floor":1,"turns":1},{"damage":0,"enemies":"Jaw Worm","floor":4,"turns":1},{"damage":0,"enemies":"Gremlin Nob","floor":6,"turns":1},{"damage":34,"enemies":"Lagavulin","floor":10,"turns":6},{"damage":4,"enemies":"2 Louse","floor":11,"turns":3},{"damage":7,"enemies":"Blue Slaver","floor":12,"turns":4},{"damage":0,"enemies":"Large Slime","floor":14,"turns":6},{"damage":40,"enemies":"Slime Boss","floor":16,"turns":11},{"damage":0,"enemies":"3 Byrds","floor":18,"turns":2},{"damage":5,"enemies":"Shell Parasite","floor":22,"turns":5},{"damage":11,"enemies":"Book of Stabbing","floor":24,"turns":4},{"damage":9,"enemies":"Cultist and Chosen","floor":25,"turns":5},{"damage":3,"enemies":"Centurion and Healer","floor":28,"turns":4},{"damage":24,"enemies":"Slavers","floor":29,"turns":4},{"damage":0,"enemies":"Snecko","floor":31,"turns":4},{"damage":29,"enemies":"Collector","floor":33,"turns":5},{"damage":6,"enemies":"3 Shapes","floor":35,"turns":3},{"damage":0,"enemies":"3 Darklings","floor":37,"turns":2},{"damage":27,"enemies":"Jaw Worm Horde","floor":38,"turns":3},{"damage":0,"enemies":"Reptomancer","floor":40,"turns":4},{"damage":47,"enemies":"Nemesis","floor":45,"turns":7},{"damage":5,"enemies":"Transient","floor":48,"turns":5},{"damage":113,"enemies":"Awakened One","floor":50,"turns":7}],"seed_played":"-7675171647540941975","potions_obtained":[{"floor":1,"key":"AttackPotion"},{"floor":4,"key":"Dexterity Potion"},{"floor":12,"key":"PowerPotion"},{"floor":18,"key":"SneckoOil"},{"floor":22,"key":"AttackPotion"},{"floor":31,"key":"LiquidBronze"},{"floor":35,"key":"FocusPotion"},{"floor":45,"key":"Swift Potion"}],"is_trial":false,"path_per_floor":["M","?","$","M","?","E","$","R","T","E","M","M","T","M","R","B",null,"M","?","$","?","M","R","E","M","T","R","M","E","$","M","R","B",null,"M","?","M","M","?","E","?","$","T","R","E","$","R","M","R","B"],"character_chosen":"DEFECT","items_purchased":["Coolheaded","Omamori","Oddly Smooth Stone","Symbiotic Virus","Chill","Sadistic Nature","Poison Potion","Explosive Potion","Hello World","Ancient Tea Set","Meat on the Bone"],"campfire_rested":3,"item_purchase_floors":[7,20,30,42,42,42,42,42,42,42,46],"current_hp_per_floor":[68,68,68,68,68,68,68,68,78,44,40,33,33,33,58,18,68,68,68,68,68,63,63,52,43,43,43,40,16,16,16,41,37,73,67,67,67,40,40,40,67,67,73,73,28,28,57,54,54,0],"gold":40,"neow_bonus":"THREE_ENEMY_KILL","is_prod":false,"is_daily":false,"chose_seed":false,"campfire_upgraded":4,"win_rate":0,"timestamp":1548974540,"path_taken":["M","?","$","M","?","E","$","R","T","E","M","M","?","M","R","BOSS","M","?","$","?","M","R","E","M","T","R","M","E","$","M","R","BOSS","M","?","M","M","?","E","?","?","T","R","E","$","R","M","R","BOSS"],"build_version":"2019-01-23","purchased_purges":2,"victory":false,"max_hp_per_floor":[75,75,75,75,75,75,75,75,85,85,85,85,85,85,85,85,85,85,85,85,85,85,85,85,85,85,85,85,85,85,85,85,85,85,85,85,85,85,85,85,91,91,97,97,97,97,97,97,97,97],"card_choices":[{"not_picked":["Scrape","Conserve Battery"],"picked":"Double Energy","floor":1},{"not_picked":["Stack","Force Field"],"picked":"Ball Lightning","floor":4},{"not_picked":["Stack","BootSequence"],"picked":"Gash","floor":6},{"not_picked":["Compile Driver","Lockon"],"picked":"Leap","floor":10},{"not_picked":["Gash","Biased Cognition","Hologram"],"picked":"Chill","floor":11},{"not_picked":["Conserve Battery","Streamline","Steam Power"],"picked":"BootSequence","floor":12},{"not_picked":["Reinforced Body","Barrage","Coolheaded"],"picked":"White Noise","floor":14},{"not_picked":["Rainbow","Biased Cognition","Amplify"],"picked":"Electrodynamics","floor":16},{"not_picked":["Cold Snap"],"picked":"Leap","floor":18},{"not_picked":["Reinforced Body"],"picked":"Defragment+1","floor":22},{"not_picked":["Scrape"],"picked":"Stack","floor":24},{"not_picked":["Coolheaded"],"picked":"White Noise","floor":25},{"not_picked":["Rebound","Steam"],"picked":"SKIP","floor":28},{"not_picked":["Lockon"],"picked":"Doom and Gloom","floor":29},{"not_picked":["Go for the Eyes+1"],"picked":"Storm+1","floor":31},{"not_picked":["Electrodynamics"],"picked":"Biased Cognition","floor":33},{"not_picked":["Recycle"],"picked":"Sweeping Beam","floor":35},{"not_picked":["Steam"],"picked":"Gash+1","floor":37},{"not_picked":["Barrage+1"],"picked":"Sweeping Beam+1","floor":38},{"not_picked":["Undo"],"picked":"Heatsinks","floor":40},{"not_picked":["Undo+1"],"picked":"Blizzard+1","floor":45},{"not_picked":["Reinforced Body"],"picked":"Sweeping Beam","floor":48}],"player_experience":699046,"relics_obtained":[{"floor":6,"key":"Potion Belt"},{"floor":9,"key":"Pear"},{"floor":10,"key":"Question Card"},{"floor":13,"key":"Bronze Scales"},{"floor":24,"key":"DataDisk"},{"floor":26,"key":"Pantograph"},{"floor":29,"key":"Darkstone Periapt"},{"floor":40,"key":"Blood Vial"},{"floor":45,"key":"Art of War"}],"event_choices":[{"cards_removed":["Strike_B"],"damage_healed":0,"gold_gain":0,"player_choice":"Card Removal","damage_taken":0,"max_hp_gain":0,"max_hp_loss":0,"event_name":"The Cleric","floor":2,"gold_loss":50},{"damage_healed":0,"gold_gain":0,"player_choice":"Box","damage_taken":0,"relics_obtained":["Letter Opener"],"max_hp_gain":0,"max_hp_loss":0,"event_name":"Big Fish","floor":5,"gold_loss":0,"cards_obtained":["Regret"]},{"damage_healed":0,"gold_gain":0,"player_choice":"Obtained Relic","damage_taken":0,"relics_obtained":["Cables"],"max_hp_gain":0,"max_hp_loss":0,"event_name":"Addict","floor":19,"gold_loss":85},{"damage_healed":0,"gold_gain":0,"player_choice":"Ignored","damage_taken":0,"max_hp_gain":0,"max_hp_loss":0,"event_name":"Beggar","floor":21,"gold_loss":0},{"damage_healed":0,"gold_gain":999,"player_choice":"Gold","damage_taken":0,"max_hp_gain":0,"max_hp_loss":0,"event_name":"MindBloom","floor":36,"gold_loss":0,"cards_obtained":["Normality","Normality"]},{"cards_removed":["Gash"],"damage_healed":0,"gold_gain":0,"player_choice":"Removed Attack","damage_taken":0,"max_hp_gain":0,"max_hp_loss":0,"event_name":"Falling","floor":39,"gold_loss":0},{"damage_healed":21,"gold_gain":0,"player_choice":"Writhe","damage_taken":0,"max_hp_gain":0,"max_hp_loss":0,"event_name":"Winding Halls","floor":41,"gold_loss":0,"cards_obtained":["Writhe"]}],"is_beta":false,"boss_relics":[{"not_picked":["Philosopher\u0027s Stone","Eternal Feather"],"picked":"Busted Crown"},{"not_picked":["Velvet Choker","Lizard Tail"],"picked":"Cursed Key"}],"items_purged_floors":[7,42],"is_endless":false,"potions_floor_spawned":[1,4,12,18,22,31,35,45],"killed_by":"Awakened One","ascension_level":8}