{"path_per_floor":["M","M","M","$","M","R","E","M","T","R","M","$","E","M","R","B",null,"M","M","?","$","?","R","E","M","T","?","R","?","R","M","R"],"character_chosen":"IRONCLAD","items_purchased":["Shrug It Off","Flex","Cleave","Body Slam","Armaments"],"gold_per_floor":[118,138,153,107,123,123,154,168,192,192,208,136,170,183,183,285,285,296,312,235,134,134,134,162,173,173,173,173,173,173,188,188,188],"floor_reached":33,"campfire_rested":2,"playtime":2016,"item_purchase_floors":[4,12,12,21,21],"current_hp_per_floor":[80,80,80,80,80,80,68,74,74,74,80,80,80,80,80,49,80,80,80,80,80,80,80,60,63,63,47,71,56,81,85,85,0],"items_purged":[],"gold":188,"score":347,"play_id":"68ecab99-5483-499e-a223-f0e6c964eb12","local_time":"20180617155945","is_prod":false,"is_daily":false,"chose_seed":false,"is_ascension_mode":true,"campfire_upgraded":5,"win_rate":0,"timestamp":1529261985,"campfire_choices":[{"data":"Shrug It Off","floor":6,"key":"SMITH"},{"data":"Body Slam","floor":10,"key":"SMITH"},{"data":"Infernal Blade","floor":15,"key":"SMITH"},{"data":"Body Slam","floor":23,"key":"SMITH"},{"floor":28,"key":"REST"},{"floor":30,"key":"REST"},{"data":"Offering","floor":32,"key":"SMITH"}],"path_taken":["M","?","M","$","M","R","E","M","T","R","M","$","E","M","R","BOSS","M","M","?","$","?","R","E","M","T","?","R","?","R","M","R","BOSS"],"build_version":"2018-06-14v2","seed_source_timestamp":321477410612175,"purchased_purges":0,"victory":false,"master_deck":["Strike_R","Strike_R","Strike_R","Strike_R","Strike_R","Defend_R","Defend_R","Defend_R","Defend_R","Bash","Bludgeon","Ghostly Armor","Shockwave","Sword Boomerang","Shrug It Off+1","Anger","Flex","Body Slam+1","Iron Wave","Flex","Cleave","Seeing Red","Infernal Blade+1","Offering+1","Spot Weakness","Thunderclap","J.A.X.","Body Slam+1","Armaments","Reaper","Flex","Shrug It Off"],"max_hp_per_floor":[80,80,80,80,80,80,80,80,80,80,80,80,80,80,80,80,80,80,80,80,80,80,80,80,80,80,80,80,85,85,85,85,85],"relics":["Black Blood","Vajra","Bag of Preparation","Juzu Bracelet","Omamori","Ancient Tea Set","Nilry\u0027s Codex"],"card_choices":[{"not_picked":["Clothesline","Heavy Blade"],"picked":"Ghostly Armor","floor":1},{"not_picked":["Pommel Strike","Intimidate"],"picked":"Shockwave","floor":2},{"not_picked":["Second Wind","Metallicize"],"picked":"Sword Boomerang","floor":3},{"not_picked":["Rage","Wild Strike"],"picked":"Anger","floor":5},{"not_picked":["Clash","Wild Strike"],"picked":"Flex","floor":7},{"not_picked":["Clothesline","Havoc"],"picked":"Body Slam","floor":8},{"not_picked":["Intimidate","Shrug It Off"],"picked":"Iron Wave","floor":11},{"not_picked":["Rupture","Clash"],"picked":"Seeing Red","floor":13},{"not_picked":["True Grit","Clash"],"picked":"Infernal Blade","floor":14},{"not_picked":["Fiend Fire","Dark Embrace"],"picked":"Offering","floor":16},{"not_picked":["Warcry+1","Perfected Strike"],"picked":"Spot Weakness","floor":18},{"not_picked":["Flex","Twin Strike"],"picked":"Thunderclap","floor":19},{"not_picked":["Headbutt+1","Dark Embrace"],"picked":"Reaper","floor":24},{"not_picked":["Shrug It Off","Rage"],"picked":"Flex","floor":25},{"not_picked":["Clash","Rupture"],"picked":"Shrug It Off","floor":31}],"player_experience":344031,"potions_floor_usage":[11,16,18,24,24,33,33,33],"damage_taken":[{"damage":0,"enemies":"Cultist","floor":1,"turns":2},{"damage":0,"enemies":"2 Louse","floor":2,"turns":4},{"damage":4,"enemies":"Small Slimes","floor":3,"turns":3},{"damage":0,"enemies":"2 Fungi Beasts","floor":5,"turns":5},{"damage":18,"enemies":"Gremlin Nob","floor":7,"turns":4},{"damage":0,"enemies":"3 Louse","floor":8,"turns":2},{"damage":0,"enemies":"Looter","floor":11,"turns":2},{"damage":0,"enemies":"3 Sentries","floor":13,"turns":5},{"damage":0,"enemies":"Lots of Slimes","floor":14,"turns":3},{"damage":37,"enemies":"Hexaghost","floor":16,"turns":8},{"damage":9,"enemies":"3 Byrds","floor":18,"turns":4},{"damage":1,"enemies":"Spheric Guardian","floor":19,"turns":3},{"damage":44,"enemies":"Gremlin Leader","floor":24,"turns":5},{"damage":7,"enemies":"Snecko","floor":25,"turns":3},{"damage":4,"enemies":"Cultist and Chosen","floor":31,"turns":4},{"damage":91,"enemies":"Automaton","floor":33,"turns":10}],"relics_obtained":[{"floor":7,"key":"Vajra"},{"floor":9,"key":"Bag of Preparation"},{"floor":13,"key":"Juzu Bracelet"},{"floor":24,"key":"Omamori"},{"floor":26,"key":"Ancient Tea Set"},{"floor":27,"key":"Nilry\u0027s Codex"}],"event_choices":[{"event_name":"Drug Dealer","player_choice":"Got JAXXED","floor":20,"damage_taken":0},{"event_name":"Vampires","player_choice":"Ignored","floor":22,"damage_taken":0},{"event_name":"Cursed Tome","player_choice":"Obtained Book","floor":27,"damage_taken":0},{"event_name":"Forgotten Altar","player_choice":"Shed Blood","floor":29,"damage_taken":0}],"boss_relics":[{"not_picked":["Coffee Dripper","Eternal Feather"],"picked":"Black Blood"}],"items_purged_floors":[],"is_endless":false,"potions_floor_spawned":[1,7,11,13,16,19,25,31],"seed_played":"8704146585080804079","killed_by":"Automaton","ascension_level":3,"potions_obtained":[{"floor":1,"key":"GamblersBrew"},{"floor":7,"key":"AttackPotion"},{"floor":11,"key":"Swift Potion"},{"floor":13,"key":"Fire Potion"},{"floor":16,"key":"PowerPotion"},{"floor":19,"key":"Regen Potion"},{"floor":25,"key":"Energy Potion"},{"floor":31,"key":"SteroidPotion"}],"is_trial":false}