{"gold_per_floor":[113,113,128,145,160,160,187,187],"floor_reached":8,"playtime":375,"items_purged":[],"score":84,"play_id":"4a698279-2fc5-4ffb-ae2b-0bf424b21706","local_time":"20190304190739","is_ascension_mode":true,"campfire_choices":[{"data":"Fission","floor":6,"key":"SMITH"}],"neow_cost":"PERCENT_DAMAGE","seed_source_timestamp":1575286845875502,"circlet_count":0,"master_deck":["Strike_B","Strike_B","Strike_B","Defend_B","Defend_B","Defend_B","Defend_B","Zap","Dualcast","Fission+1","Chaos","White Noise","Coolheaded","Capacitor","Cold Snap"],"relics":["Cracked Core","Emotion Chip"],"potions_floor_usage":[7],"damage_taken":[{"damage":0,"enemies":"Small Slimes","floor":1,"turns":3},{"damage":0,"enemies":"Cultist","floor":3,"turns":4},{"damage":7,"enemies":"Jaw Worm","floor":4,"turns":3},{"damage":28,"enemies":"Exordium Thugs","floor":5,"turns":7},{"damage":11,"enemies":"Lagavulin","floor":7,"turns":7},{"damage":6,"enemies":"Lots of Slimes","floor":8,"turns":1}],"seed_played":"-6631721915198257636","potions_obtained":[{"floor":3,"key":"Dexterity Potion"},{"floor":4,"key":"Ancient Potion"},{"floor":7,"key":"Weak Potion"}],"is_trial":false,"path_per_floor":["M","?","M","M","M","R","E","M"],"character_chosen":"DEFECT","items_purchased":[],"campfire_rested":0,"item_purchase_floors":[],"current_hp_per_floor":[50,50,50,43,15,15,4,0],"gold":187,"neow_bonus":"THREE_RARE_CARDS","is_prod":false,"is_daily":false,"chose_seed":false,"campfire_upgraded":1,"win_rate":0,"timestamp":1551737259,"path_taken":["M","?","M","?","?","R","E","M"],"build_version":"2019-01-23","purchased_purges":0,"victory":false,"max_hp_per_floor":[75,75,75,75,75,75,75,75],"card_choices":[{"not_picked":["Hyperbeam","Rainbow"],"picked":"Fission","floor":0},{"not_picked":["Steam","Turbo"],"picked":"Chaos","floor":1},{"not_picked":["Go for the Eyes","Lockon"],"picked":"White Noise","floor":3},{"not_picked":["Barrage","Gash"],"picked":"Coolheaded","floor":4},{"not_picked":["Beam Cell","Turbo"],"picked":"Capacitor","floor":5},{"not_picked":["BootSequence","Static Discharge"],"picked":"Cold Snap","floor":7}],"player_experience":894172,"relics_obtained":[{"floor":7,"key":"Emotion Chip"}],"event_choices":[{"cards_removed":["Strike_B"],"damage_healed":0,"gold_gain":0,"player_choice":"Purged","damage_taken":0,"max_hp_gain":0,"max_hp_loss":0,"event_name":"Purifier","floor":2,"gold_loss":0}],"is_beta":false,"boss_relics":[],"items_purged_floors":[],"is_endless":false,"potions_floor_spawned":[3,4,7],"killed_by":"Lots of Slimes","ascension_level":9}