{"gold_per_floor":[118,118,118,79,95,139,139,164,218,218,256,276,7,82,82,206,206,230,199,48,48],"floor_reached":21,"playtime":3438,"items_purged":[],"score":406,"play_id":"4d98c060-0d05-4696-b09e-901d5e59801b","local_time":"20190313221925","is_ascension_mode":true,"campfire_choices":[{"data":"Glacier","floor":7,"key":"SMITH"},{"data":"Defragment","floor":10,"key":"SMITH"},{"data":"Creative AI","floor":15,"key":"SMITH"}],"neow_cost":"NONE","seed_source_timestamp":72087268973617,"circlet_count":0,"master_deck":["AscendersBane","Strike_B","Strike_B","Strike_B","Strike_B","Defend_B","Defend_B","Defend_B","Defend_B","Zap+1","Dualcast","Coolheaded","Capacitor","Defragment+1","Glacier+1","Blizzard","Creative AI+1","Cold Snap","Glacier","Capacitor","Echo Form","Cold Snap+1","Blizzard"],"relics":["Cracked Core","NeowsBlessing","Golden Idol","Bag of Marbles","Pen Nib","Mummified Hand","PreservedInsect","Eternal Feather","Bronze Scales"],"potions_floor_usage":[11,16,16,19],"damage_taken":[{"damage":0,"enemies":"Jaw Worm","floor":1,"turns":1},{"damage":0,"enemies":"Cultist","floor":5,"turns":1},{"damage":0,"enemies":"Lagavulin","floor":6,"turns":1},{"damage":7,"enemies":"Small Slimes","floor":8,"turns":4},{"damage":21,"enemies":"3 Sentries","floor":11,"turns":8},{"damage":0,"enemies":"2 Fungi Beasts","floor":12,"turns":3},{"damage":0,"enemies":"Hexaghost","floor":16,"turns":9},{"damage":2,"enemies":"Spheric Guardian","floor":18,"turns":5},{"damage":32,"enemies":"2 Thieves","floor":19,"turns":5},{"damage":25,"enemies":"Cultist and Chosen","floor":21,"turns":3}],"seed_played":"3425698867401625482","potions_obtained":[{"floor":5,"key":"FocusPotion"},{"floor":8,"key":"Block Potion"},{"floor":12,"key":"SpeedPotion"},{"floor":18,"key":"Fire Potion"}],"is_trial":false,"path_per_floor":["M","?","?","$","M","E","R","M","T","R","E","M","$","?","R","B",null,"M","M","$","M"],"character_chosen":"DEFECT","items_purchased":["Capacitor","Glacier","PreservedInsect","Capacitor","Bronze Scales"],"campfire_rested":0,"item_purchase_floors":[4,13,13,13,20],"current_hp_per_floor":[68,68,68,68,68,68,68,61,61,61,40,40,40,29,29,29,59,57,25,25,0],"gold":48,"neow_bonus":"THREE_ENEMY_KILL","is_prod":false,"is_daily":false,"chose_seed":false,"campfire_upgraded":3,"win_rate":0,"timestamp":1552526365,"path_taken":["M","?","?","?","M","E","R","M","T","R","E","?","$","?","R","BOSS","M","M","$","M"],"build_version":"2019-01-23","purchased_purges":0,"victory":false,"max_hp_per_floor":[75,75,69,69,69,69,69,69,69,69,69,69,69,69,69,69,69,69,69,69,69],"card_choices":[{"not_picked":["Turbo","Conserve Battery"],"picked":"Coolheaded","floor":1},{"not_picked":["Rebound","Leap"],"picked":"Defragment","floor":5},{"not_picked":["Scrape","Hologram"],"picked":"Glacier","floor":6},{"not_picked":["Tempest","Streamline"],"picked":"Blizzard","floor":8},{"not_picked":["Lockon","Conserve Battery"],"picked":"Creative AI","floor":11},{"not_picked":["Chaos","Reinforced Body"],"picked":"Cold Snap","floor":12},{"not_picked":["Creative AI","Machine Learning"],"picked":"Echo Form","floor":16},{"not_picked":["Coolheaded","Barrage"],"picked":"Cold Snap+1","floor":18},{"not_picked":["Recycle","Compile Driver"],"picked":"Blizzard","floor":19}],"player_experience":923037,"relics_obtained":[{"floor":6,"key":"Bag of Marbles"},{"floor":9,"key":"Pen Nib"},{"floor":11,"key":"Mummified Hand"}],"event_choices":[{"damage_healed":0,"gold_gain":0,"player_choice":"Grow","damage_taken":0,"max_hp_gain":0,"max_hp_loss":0,"event_name":"Living Wall","floor":2,"gold_loss":0,"cards_upgraded":["Zap"]},{"damage_healed":0,"gold_gain":0,"player_choice":"Lose Max HP","damage_taken":0,"relics_obtained":["Golden Idol"],"max_hp_gain":0,"max_hp_loss":6,"event_name":"Golden Idol","floor":3,"gold_loss":0},{"damage_healed":0,"gold_gain":75,"player_choice":"Gather Gold","damage_taken":11,"max_hp_gain":0,"max_hp_loss":0,"event_name":"World of Goop","floor":14,"gold_loss":0}],"is_beta":false,"boss_relics":[{"not_picked":["Orrery","Coffee Dripper"],"picked":"Eternal Feather"}],"items_purged_floors":[],"is_endless":false,"potions_floor_spawned":[5,8,12,18],"killed_by":"Cultist and Chosen","ascension_level":11}