{"gold_per_floor":[119,134,134,134,23,49,67,102,102,119,144,21,41,72,72,174,174,188,198,273,285,302,302,320,347,347,360,391,391,426,458,458,553,553,570,40,53,67,87,113,113,145,197,197,217,245,271,282,282,282,282,282,0,28,28],"floor_reached":56,"playtime":4738,"items_purged":["Strike_R","Strike_R"],"score":1618,"play_id":"296a78ee-d58b-42d2-83fc-de8078ebce57","local_time":"20190423092236","is_ascension_mode":true,"campfire_choices":[{"data":"Barricade","floor":15,"key":"SMITH"},{"floor":23,"key":"REST"},{"data":"Armaments","floor":29,"key":"SMITH"},{"data":"Corruption","floor":32,"key":"SMITH"},{"floor":41,"key":"RECALL"},{"data":"Demon Form","floor":49,"key":"SMITH"},{"data":"Offering","floor":52,"key":"SMITH"}],"neow_cost":"NONE","seed_source_timestamp":3677166749890872,"circlet_count":0,"master_deck":["Strike_R","Strike_R","Strike_R+1","Defend_R+1","Defend_R","Defend_R","Defend_R","Bash","Uppercut","Seeing Red","Thunderclap","True Grit","Iron Wave","Barricade+1","Offering+1","Armaments+1","Feel No Pain","Iron Wave","Demon Form+1","Impervious","Power Through","Entrench+1","Shrug It Off+1","Iron Wave+1","Corruption+1","Reaper","Havoc+1","Second Wind","Offering","Armaments+1","Rage+1","Seeing Red+1","Pummel+1","Immolate","Metallicize+1","Intimidate","Anger+1","Warcry+1","Dual Wield","Dark Embrace"],"relics":["Burning Blood","NeowsBlessing","Bag of Preparation","Singing Bowl","Nunchaku","Ancient Tea Set","Red Skull","Sozu","Omamori","Meat on the Bone","WingedGreaves","Lantern","Runic Pyramid","Bottled Lightning","DollysMirror","Bag of Marbles","Smiling Mask","Bronze Scales","Mummified Hand","Art of War","Toy Ornithopter","Ornamental Fan"],"potions_floor_usage":[8,14,16,25,55],"damage_taken":[{"damage":0,"enemies":"2 Louse","floor":1,"turns":1},{"damage":0,"enemies":"Jaw Worm","floor":2,"turns":1},{"damage":0,"enemies":"Gremlin Nob","floor":6,"turns":1},{"damage":0,"enemies":"Cultist","floor":7,"turns":2},{"damage":9,"enemies":"3 Sentries","floor":8,"turns":6},{"damage":0,"enemies":"3 Louse","floor":10,"turns":3},{"damage":16,"enemies":"Gremlin Nob","floor":11,"turns":4},{"damage":11,"enemies":"Gremlin Gang","floor":13,"turns":5},{"damage":6,"enemies":"Lagavulin","floor":14,"turns":6},{"damage":6,"enemies":"Slime Boss","floor":16,"turns":3},{"damage":28,"enemies":"Spheric Guardian","floor":18,"turns":4},{"damage":6,"enemies":"Chosen","floor":19,"turns":5},{"damage":8,"enemies":"Snecko","floor":21,"turns":4},{"damage":18,"enemies":"Snake Plant","floor":22,"turns":5},{"damage":0,"enemies":"Centurion and Healer","floor":24,"turns":7},{"damage":14,"enemies":"Gremlin Leader","floor":25,"turns":14},{"damage":0,"enemies":"Snecko","floor":27,"turns":7},{"damage":20,"enemies":"Slavers","floor":28,"turns":8},{"damage":23,"enemies":"Gremlin Leader","floor":30,"turns":7},{"damage":6,"enemies":"Slavers","floor":31,"turns":9},{"damage":34,"enemies":"Champ","floor":33,"turns":9},{"damage":13,"enemies":"3 Darklings","floor":35,"turns":5},{"damage":16,"enemies":"3 Shapes","floor":37,"turns":3},{"damage":12,"enemies":"3 Darklings","floor":38,"turns":6},{"damage":12,"enemies":"Transient","floor":39,"turns":5},{"damage":32,"enemies":"Reptomancer","floor":40,"turns":8},{"damage":63,"enemies":"Giant Head","floor":42,"turns":9},{"damage":12,"enemies":"Maw","floor":45,"turns":6},{"damage":33,"enemies":"Nemesis","floor":46,"turns":9},{"damage":12,"enemies":"Reptomancer","floor":47,"turns":6},{"damage":12,"enemies":"Jaw Worm Horde","floor":48,"turns":4},{"damage":33,"enemies":"Donu and Deca","floor":50,"turns":8},{"damage":12,"enemies":"Shield and Spear","floor":54,"turns":10},{"damage":12,"enemies":"The Heart","floor":55,"turns":10}],"seed_played":"-3751537116553444163","potions_obtained":[{"floor":1,"key":"PowerPotion"},{"floor":7,"key":"Fire Potion"},{"floor":8,"key":"EssenceOfSteel"},{"floor":13,"key":"SteroidPotion"},{"floor":16,"key":"SteroidPotion"}],"is_trial":false,"path_per_floor":["M","M","?","?","$","E","M","E","T","M","E","$","M","E","R","B",null,"M","M","?","M","M","R","M","E","T","M","E","R","E","E","R","B",null,"M","$","M","M","M","E","R","E","T","?","M","E","E","M","R","B",null,"R","$","E","B",null],"character_chosen":"IRONCLAD","items_purchased":["Seeing Red","Armaments","Feel No Pain","Second Wind","Bottled Lightning","DollysMirror","Dual Wield","Toy Ornithopter"],"campfire_rested":1,"item_purchase_floors":[5,12,12,36,36,36,53,53],"current_hp_per_floor":[80,80,62,46,46,52,58,55,55,61,51,51,46,46,46,46,80,60,60,52,50,38,62,70,64,64,72,60,60,55,55,55,39,90,90,90,90,90,90,64,64,55,55,90,90,79,90,90,90,90,90,90,90,90,84],"gold":28,"neow_bonus":"THREE_ENEMY_KILL","is_prod":false,"is_daily":false,"chose_seed":false,"campfire_upgraded":5,"win_rate":0,"timestamp":1556025756,"path_taken":["M","M","?","?","$","E","M","E","T","M","E","?","M","E","R","BOSS","M","M","?","?","M","R","M","E","T","M","E","R","E","E","R","BOSS","M","$","M","M","M","E","R","E","T","?","M","E","E","?","R","BOSS","R","$","E","BOSS"],"build_version":"2019-04-21","purchased_purges":2,"victory":true,"max_hp_per_floor":[80,80,80,80,80,80,80,80,80,80,80,80,80,80,80,80,80,82,82,82,82,82,82,84,86,86,88,90,90,90,90,90,90,90,90,90,90,90,90,90,90,90,90,90,90,90,90,90,90,90,90,90,90,90,90],"card_choices":[{"not_picked":["Headbutt","Anger"],"picked":"Uppercut","floor":1},{"not_picked":["Rupture","Sword Boomerang"],"picked":"Carnage","floor":2},{"not_picked":["Pummel","Cleave"],"picked":"Thunderclap","floor":6},{"not_picked":["Havoc","Corruption"],"picked":"True Grit","floor":7},{"not_picked":["Sword Boomerang","Bloodletting"],"picked":"Iron Wave","floor":8},{"not_picked":["True Grit","Wild Strike"],"picked":"Barricade","floor":10},{"not_picked":["Carnage","Feed"],"picked":"Offering","floor":11},{"not_picked":["Burning Pact","Whirlwind"],"picked":"Iron Wave","floor":13},{"not_picked":["Shrug It Off","Rampage"],"picked":"Demon Form","floor":14},{"not_picked":["Offering","Dark Embrace"],"picked":"Impervious","floor":16},{"not_picked":["Second Wind","Cleave","Searing Blow"],"picked":"Singing Bowl","floor":18},{"not_picked":["Rupture","Searing Blow"],"picked":"Power Through","floor":19},{"not_picked":["Metallicize","Whirlwind+1"],"picked":"Entrench+1","floor":21},{"not_picked":["Rampage","Sever Soul"],"picked":"Shrug It Off+1","floor":22},{"not_picked":["Clothesline","Havoc","Second Wind"],"picked":"Singing Bowl","floor":24},{"not_picked":["Rampage+1","Clash+1","Shrug It Off"],"picked":"Singing Bowl","floor":25},{"not_picked":["Pommel Strike","Twin Strike","Uppercut"],"picked":"Singing Bowl","floor":27},{"not_picked":["Dark Embrace","Seeing Red+1","Cleave"],"picked":"Singing Bowl","floor":28},{"not_picked":["Twin Strike","Clothesline"],"picked":"Iron Wave+1","floor":30},{"not_picked":["Uppercut","Iron Wave"],"picked":"Corruption","floor":31},{"not_picked":["Limit Break","Dark Embrace"],"picked":"Reaper","floor":33},{"not_picked":["Evolve","Pommel Strike+1"],"picked":"Havoc+1","floor":35},{"not_picked":["Anger","Wild Strike"],"picked":"Armaments+1","floor":37},{"not_picked":["Pommel Strike","Feel No Pain"],"picked":"Rage+1","floor":38},{"not_picked":["Flex","Flame Barrier+1"],"picked":"Seeing Red+1","floor":39},{"not_picked":["Twin Strike+1","Searing Blow+1"],"picked":"Pummel+1","floor":40},{"not_picked":["Clothesline+1","Iron Wave"],"picked":"Immolate","floor":42},{"not_picked":["Headbutt+1","Havoc+1"],"picked":"Metallicize+1","floor":45},{"not_picked":["Cleave+1","Bloodletting+1"],"picked":"Intimidate","floor":46},{"not_picked":["Fiend Fire","Thunderclap"],"picked":"Anger+1","floor":47},{"not_picked":["Perfected Strike","Flex+1"],"picked":"Warcry+1","floor":48},{"not_picked":["Thunderclap","Fire Breathing"],"picked":"Dark Embrace","floor":54}],"player_experience":5452289,"relics_obtained":[{"floor":6,"key":"Singing Bowl"},{"floor":8,"key":"Nunchaku"},{"floor":11,"key":"Ancient Tea Set"},{"floor":14,"key":"Red Skull"},{"floor":26,"key":"Omamori"},{"floor":28,"key":"Meat on the Bone"},{"floor":30,"key":"WingedGreaves"},{"floor":31,"key":"Lantern"},{"floor":40,"key":"Bag of Marbles"},{"floor":42,"key":"Smiling Mask"},{"floor":43,"key":"Bronze Scales"},{"floor":46,"key":"Mummified Hand"},{"floor":47,"key":"Art of War"},{"floor":54,"key":"Ornamental Fan"}],"event_choices":[{"damage_healed":0,"gold_gain":0,"player_choice":"Success","damage_taken":18,"relics_obtained":["Bag of Preparation"],"max_hp_gain":0,"max_hp_loss":0,"event_name":"Scrap Ooze","floor":3,"gold_loss":0},{"damage_healed":0,"gold_gain":0,"player_choice":"Entered Light","damage_taken":16,"max_hp_gain":0,"max_hp_loss":0,"event_name":"Shining Light","floor":4,"gold_loss":0,"cards_upgraded":["Defend_R","Strike_R"]},{"damage_healed":0,"gold_gain":75,"player_choice":"Touch","damage_taken":8,"max_hp_gain":0,"max_hp_loss":0,"event_name":"FaceTrader","floor":20,"gold_loss":0},{"cards_removed":["Carnage"],"damage_healed":35,"gold_gain":0,"player_choice":"Offered Uncommon","damage_taken":0,"max_hp_gain":0,"max_hp_loss":0,"event_name":"Bonfire Elementals","floor":44,"gold_loss":0}],"is_beta":true,"boss_relics":[{"not_picked":["Black Blood","Pandora\u0027s Box"],"picked":"Sozu"},{"not_picked":["Tiny House","Astrolabe"],"picked":"Runic Pyramid"}],"items_purged_floors":[5,53],"is_endless":false,"potions_floor_spawned":[1,7,8,13,16,21,22,27,28,33,37,39,46,48],"ascension_level":1}