{"gold_per_floor":[112,112,123,123,147,147,181,181,181,200,244,244,282,300,300,423,423,447,397,417,438,463,498,498,536,536,579,598,641,666,791,791,920,920,945,966,1041,500,514,514,555,555,609,609,640,640,653,986,986,986,986,986,65,93,93],"floor_reached":56,"playtime":3339,"items_purged":["Strike_R","Strike_R"],"score":1382,"play_id":"f06696ea-1031-46ca-afdd-66be4b25e58b","local_time":"20190429124654","is_ascension_mode":true,"campfire_choices":[{"data":"Spot Weakness","floor":6,"key":"SMITH"},{"data":"Sword Boomerang","floor":8,"key":"SMITH"},{"data":"Spot Weakness","floor":12,"key":"SMITH"},{"data":"True Grit","floor":15,"key":"SMITH"},{"data":"Armaments","floor":24,"key":"SMITH"},{"data":"Shockwave","floor":32,"key":"SMITH"},{"floor":40,"key":"RECALL"},{"data":"Inflame","floor":44,"key":"SMITH"},{"data":"Offering","floor":49,"key":"SMITH"},{"data":"Rage","floor":52,"key":"SMITH"}],"neow_cost":"TEN_PERCENT_HP_LOSS","seed_source_timestamp":4209225976301198,"circlet_count":0,"master_deck":["Strike_R","Strike_R","Defend_R","Defend_R","Defend_R","Defend_R","Bash","Offering+1","Spot Weakness+1","Sword Boomerang+1","Iron Wave","Spot Weakness+1","Clothesline","Clash","True Grit+1","Reaper","Inflame+1","Shockwave+1","Armaments+1","Rage+1","Thunderclap","Cleave+1","True Grit+1","Impervious","Evolve+1","Shrug It Off+1","Mayhem+1","Shrug It Off","Pommel Strike+1","Mayhem+1","Headbutt+1","Reaper+1","Shrug It Off+1"],"relics":["Burning Blood","Question Card","Oddly Smooth Stone","Ginger","Centennial Puzzle","Busted Crown","Peace Pipe","Mercury Hourglass","Letter Opener","Pear","Thread and Needle","Frozen Egg 2","Coffee Dripper","Molten Egg 2","Darkstone Periapt","Ancient Tea Set","Bag of Marbles","Frozen Eye","Red Skull","Vajra"],"potions_floor_usage":[7,11,27,28,33,33,41,50,55,55,55],"damage_taken":[{"damage":7,"enemies":"2 Louse","floor":1,"turns":3},{"damage":6,"enemies":"Jaw Worm","floor":3,"turns":4},{"damage":1,"enemies":"Cultist","floor":5,"turns":4},{"damage":33,"enemies":"3 Sentries","floor":7,"turns":6},{"damage":9,"enemies":"Exordium Wildlife","floor":10,"turns":3},{"damage":6,"enemies":"Gremlin Nob","floor":11,"turns":3},{"damage":18,"enemies":"3 Sentries","floor":13,"turns":5},{"damage":4,"enemies":"Looter","floor":14,"turns":2},{"damage":18,"enemies":"Hexaghost","floor":16,"turns":7},{"damage":13,"enemies":"3 Byrds","floor":18,"turns":4},{"damage":10,"enemies":"Spheric Guardian","floor":20,"turns":3},{"damage":4,"enemies":"Snecko","floor":21,"turns":4},{"damage":8,"enemies":"Centurion and Healer","floor":22,"turns":3},{"damage":49,"enemies":"Slavers","floor":23,"turns":6},{"damage":24,"enemies":"Book of Stabbing","floor":25,"turns":5},{"damage":42,"enemies":"Slavers","floor":27,"turns":5},{"damage":7,"enemies":"Sentry and Sphere","floor":28,"turns":3},{"damage":12,"enemies":"Book of Stabbing","floor":29,"turns":3},{"damage":6,"enemies":"3 Cultists","floor":30,"turns":3},{"damage":25,"enemies":"Colosseum Slavers","floor":31,"turns":2},{"damage":38,"enemies":"Colosseum Nobs","floor":31,"turns":5},{"damage":22,"enemies":"Collector","floor":33,"turns":7},{"damage":6,"enemies":"Orb Walker","floor":35,"turns":3},{"damage":1,"enemies":"3 Shapes","floor":36,"turns":6},{"damage":7,"enemies":"Transient","floor":39,"turns":5},{"damage":22,"enemies":"Reptomancer","floor":41,"turns":6},{"damage":6,"enemies":"Giant Head","floor":45,"turns":6},{"damage":8,"enemies":"Sphere and 2 Shapes","floor":47,"turns":4},{"damage":14,"enemies":"Awakened One","floor":50,"turns":9},{"damage":17,"enemies":"Shield and Spear","floor":54,"turns":5},{"damage":52,"enemies":"The Heart","floor":55,"turns":9}],"seed_played":"-3659849228510165411","potions_obtained":[{"floor":1,"key":"Regen Potion"},{"floor":3,"key":"BloodPotion"},{"floor":5,"key":"Poison Potion"},{"floor":10,"key":"Regen Potion"},{"floor":16,"key":"PowerPotion"},{"floor":22,"key":"Regen Potion"},{"floor":27,"key":"Block Potion"},{"floor":31,"key":"AttackPotion"},{"floor":36,"key":"Fire Potion"},{"floor":41,"key":"SteroidPotion"},{"floor":45,"key":"FairyPotion"},{"floor":47,"key":"Swift Potion"},{"floor":54,"key":"PowerPotion"}],"is_trial":false,"path_per_floor":["M","?","M","?","M","R","E","R","T","M","E","R","E","M","R","B",null,"M","?","M","M","M","E","R","E","T","E","M","E","M","?","R","B",null,"M","M","?","$","M","R","E","?","T","R","E","?","M","?","R","B",null,"R","$","E","B",null],"character_chosen":"IRONCLAD","items_purchased":["Mayhem+1","Molten Egg 2","Shrug It Off","Ancient Potion","Mayhem+1","Headbutt+1","Reaper+1","Frozen Eye","Red Skull"],"campfire_rested":0,"item_purchase_floors":[38,38,38,53,53,53,53,53,53],"current_hp_per_floor":[71,64,64,46,51,51,39,39,39,36,36,36,24,26,26,14,72,72,72,68,70,72,57,57,60,60,36,47,59,69,49,49,77,82,82,82,74,74,82,82,82,82,82,82,82,82,80,80,80,80,82,82,82,82,54],"gold":93,"neow_bonus":"THREE_RARE_CARDS","is_prod":false,"is_daily":false,"chose_seed":false,"campfire_upgraded":9,"win_rate":0,"timestamp":1556556414,"path_taken":["M","?","M","?","M","R","E","R","T","M","E","R","E","M","R","BOSS","M","?","M","M","M","E","R","E","T","E","?","E","M","?","R","BOSS","M","M","?","$","?","R","E","?","T","R","E","?","M","?","R","BOSS","R","$","E","BOSS"],"build_version":"2019-04-23","purchased_purges":2,"victory":true,"max_hp_per_floor":[72,72,72,72,72,72,72,72,72,72,72,72,72,72,72,72,72,72,72,72,72,72,72,72,72,72,72,72,82,82,82,82,82,82,82,82,82,82,82,82,82,82,82,82,82,82,82,82,82,82,82,82,82,82,82],"card_choices":[{"not_picked":["Barricade","Brutality"],"picked":"Offering","floor":0},{"not_picked":["Rampage","Hemokinesis"],"picked":"Spot Weakness","floor":1},{"not_picked":["Pommel Strike","Clothesline"],"picked":"Sword Boomerang","floor":3},{"not_picked":["Havoc","Cleave"],"picked":"Iron Wave","floor":5},{"not_picked":["Entrench","Blood for Blood","Seeing Red"],"picked":"SKIP","floor":7},{"not_picked":["Armaments","Clash","Pummel"],"picked":"Spot Weakness","floor":10},{"not_picked":["Rupture","Combust","Entrench"],"picked":"Clothesline","floor":11},{"not_picked":["Rupture","Dual Wield","Feel No Pain"],"picked":"Clash","floor":13},{"not_picked":["Berserk","Feel No Pain","Flex"],"picked":"True Grit","floor":14},{"not_picked":["Feed","Juggernaut","Berserk"],"picked":"Reaper","floor":16},{"not_picked":["Heavy Blade"],"picked":"Inflame","floor":18},{"not_picked":["Anger"],"picked":"Shockwave","floor":20},{"not_picked":["Wild Strike","Sentinel"],"picked":"SKIP","floor":21},{"not_picked":["Reckless Charge"],"picked":"Armaments","floor":22},{"not_picked":["Clothesline+1"],"picked":"Rage","floor":23},{"not_picked":["Anger"],"picked":"Thunderclap","floor":25},{"not_picked":["Clash","Flex"],"picked":"SKIP","floor":27},{"not_picked":["Anger+1","Burning Pact"],"picked":"SKIP","floor":28},{"not_picked":["Perfected Strike+1"],"picked":"Cleave+1","floor":29},{"not_picked":["Double Tap"],"picked":"True Grit+1","floor":30},{"not_picked":["Dark Embrace+1"],"picked":"Impervious","floor":33},{"not_picked":["Twin Strike+1"],"picked":"Evolve+1","floor":35},{"not_picked":["Clash+1"],"picked":"Shrug It Off+1","floor":36},{"not_picked":["Iron Wave+1"],"picked":"Headbutt+1","floor":39},{"not_picked":["Evolve+1"],"picked":"Pommel Strike+1","floor":41},{"not_picked":["Thunderclap+1","Combust+1"],"picked":"SKIP","floor":45},{"not_picked":["Wild Strike+1","Clothesline+1"],"picked":"SKIP","floor":47},{"not_picked":["Clothesline+1"],"picked":"Shrug It Off+1","floor":54}],"player_experience":5545981,"relics_obtained":[{"floor":7,"key":"Question Card"},{"floor":9,"key":"Oddly Smooth Stone"},{"floor":11,"key":"Ginger"},{"floor":13,"key":"Centennial Puzzle"},{"floor":23,"key":"Peace Pipe"},{"floor":25,"key":"Mercury Hourglass"},{"floor":27,"key":"Letter Opener"},{"floor":29,"key":"Pear"},{"floor":31,"key":"Thread and Needle"},{"floor":31,"key":"Frozen Egg 2"},{"floor":41,"key":"Darkstone Periapt"},{"floor":43,"key":"Ancient Tea Set"},{"floor":45,"key":"Bag of Marbles"},{"floor":54,"key":"Vajra"}],"event_choices":[{"cards_removed":["Strike_R"],"damage_healed":0,"gold_gain":0,"player_choice":"Card Removal","damage_taken":7,"max_hp_gain":0,"max_hp_loss":0,"event_name":"Golden Wing","floor":2,"gold_loss":0},{"damage_healed":0,"gold_gain":0,"player_choice":"Take Damage","damage_taken":18,"relics_obtained":["Golden Idol"],"max_hp_gain":0,"max_hp_loss":0,"event_name":"Golden Idol","floor":4,"gold_loss":0},{"damage_healed":0,"gold_gain":0,"player_choice":"Bet on Murderer","damage_taken":0,"max_hp_gain":0,"max_hp_loss":0,"event_name":"The Joust","floor":19,"gold_loss":50},{"damage_healed":0,"gold_gain":0,"player_choice":"Fight","damage_taken":0,"max_hp_gain":0,"max_hp_loss":0,"event_name":"Colosseum","floor":31,"gold_loss":0},{"damage_healed":0,"gold_gain":0,"player_choice":"Fought Nobs","damage_taken":0,"max_hp_gain":0,"max_hp_loss":0,"event_name":"Colosseum","floor":31,"gold_loss":0},{"damage_healed":0,"gold_gain":75,"player_choice":"Touch","damage_taken":8,"max_hp_gain":0,"max_hp_loss":0,"event_name":"FaceTrader","floor":37,"gold_loss":0},{"cards_removed":["Headbutt"],"damage_healed":0,"gold_gain":0,"player_choice":"Removed Attack","damage_taken":0,"max_hp_gain":0,"max_hp_loss":0,"event_name":"Falling","floor":42,"gold_loss":0},{"damage_healed":0,"gold_gain":0,"player_choice":"Ignored","damage_taken":0,"max_hp_gain":0,"max_hp_loss":0,"event_name":"Tomb of Lord Red Mask","floor":46,"gold_loss":0},{"damage_healed":0,"gold_gain":333,"player_choice":"Gave Idol","damage_taken":0,"max_hp_gain":0,"max_hp_loss":0,"event_name":"The Moai Head","floor":48,"relics_lost":["Golden Idol"],"gold_loss":0}],"is_beta":true,"boss_relics":[{"not_picked":["Calling Bell","Eternal Feather"],"picked":"Busted Crown"},{"not_picked":["Runic Cube","Lizard Tail"],"picked":"Coffee Dripper"}],"items_purged_floors":[38,53],"is_endless":false,"potions_floor_spawned":[1,3,5,10,16,18,22,25,27,31,31,36,41,45,47,54],"ascension_level":1}