{"gold_per_floor":[116,116,4,4,14,28,68,68,68,68],"floor_reached":10,"playtime":268,"items_purged":["hubris:Despair"],"score":58,"play_id":"71dd3248-c044-466a-9b23-748aca69fcbd","local_time":"20190503180835","is_ascension_mode":false,"campfire_choices":[{"data":"vexMod:ChaoticReactor","floor":8,"key":"SMITH"}],"neow_cost":"CURSE","seed_source_timestamp":1916680212882374,"circlet_count":0,"master_deck":["Strike_B","Strike_B","Strike_B","Strike_B+1","Defend_B+1","Defend_B","Defend_B","Defend_B","Zap","Dualcast","vexMod:ChaoticReactor+1","Hologram","Leap","Leap","Go for the Eyes","Sweeping Beam","Redo"],"relics":["Cracked Core","trackpad:HandOfMidas","Frozen Egg 2"],"potions_floor_usage":[],"damage_taken":[{"damage":6,"enemies":"2 Louse","floor":1,"turns":3},{"damage":6,"enemies":"Jaw Worm","floor":5,"turns":4},{"damage":1,"enemies":"Cultist","floor":6,"turns":4},{"damage":2,"enemies":"Large Slime","floor":7,"turns":5},{"damage":48,"enemies":"Gremlin Nob","floor":10,"turns":4}],"seed_played":"770627172944450873","potions_obtained":[{"floor":1,"key":"Ancient Potion"}],"is_trial":false,"path_per_floor":["M","?","$","?","M","M","M","R","T","E"],"character_chosen":"DEFECT","items_purchased":["Leap"],"campfire_rested":0,"item_purchase_floors":[3],"current_hp_per_floor":[69,54,54,54,48,47,45,45,45,0],"gold":68,"neow_bonus":"THREE_RARE_CARDS","is_prod":false,"is_daily":false,"chose_seed":false,"campfire_upgraded":1,"win_rate":0,"timestamp":1556917715,"path_taken":["M","?","$","?","M","M","M","R","T","E"],"build_version":"2019-01-23","purchased_purges":1,"victory":false,"max_hp_per_floor":[75,75,75,65,65,65,65,65,65,65],"card_choices":[{"not_picked":["All For One","ReplayTheSpireMod:Omega Cannon"],"picked":"vexMod:ChaoticReactor","floor":0},{"not_picked":["Beam Cell","Sweeping Beam"],"picked":"Hologram","floor":1},{"not_picked":["vexMod:OrbBoomerang","Compile Driver"],"picked":"Go for the Eyes","floor":5},{"not_picked":["vexMod:ChargeBeam","Turbo"],"picked":"Sweeping Beam","floor":6},{"not_picked":["Sweeping Beam","Panic Button"],"picked":"Redo","floor":7}],"player_experience":1286473,"relics_obtained":[{"floor":9,"key":"Frozen Egg 2"}],"event_choices":[{"damage_healed":0,"gold_gain":0,"player_choice":"Entered Light","damage_taken":15,"max_hp_gain":0,"max_hp_loss":0,"event_name":"Shining Light","floor":2,"gold_loss":0,"cards_upgraded":["Defend_B","Strike_B"]}],"is_beta":false,"boss_relics":[],"items_purged_floors":[3],"is_endless":false,"potions_floor_spawned":[1],"killed_by":"Gremlin Nob","ascension_level":0}