{"gold_per_floor":[112,78,78,353,370,396,416,416,416,416,433,451,461,481,481,481],"floor_reached":16,"playtime":386,"items_purged":[],"score":174,"play_id":"a42a598a-9f41-4f1d-9882-19e4f4b505ff","local_time":"20181231024901","is_ascension_mode":true,"campfire_choices":[{"data":"Loop","floor":8,"key":"SMITH"},{"data":"Genetic Algorithm","floor":10,"key":"SMITH"},{"floor":15,"key":"REST"}],"neow_cost":"NONE","seed_source_timestamp":800745398909702,"circlet_count":0,"master_deck":["Strike_B","Strike_B","Strike_B","Strike_B","Defend_B","Defend_B","Defend_B","Defend_B","Zap","Dualcast","Genetic Algorithm+1","Capacitor","Regret","Loop+1","Conserve Battery+1","White Noise+1","Turbo+1","Coolheaded+1","Creative AI","Chill+1"],"relics":["Cracked Core","NeowsBlessing","Toxic Egg 2","Matryoshka"],"potions_floor_usage":[11,16,16],"damage_taken":[{"damage":0,"enemies":"2 Louse","floor":1,"turns":1},{"damage":0,"enemies":"Cultist","floor":5,"turns":1},{"damage":0,"enemies":"3 Sentries","floor":6,"turns":1},{"damage":9,"enemies":"Small Slimes","floor":7,"turns":4},{"damage":15,"enemies":"Gremlin Gang","floor":11,"turns":5},{"damage":31,"enemies":"Lots of Slimes","floor":12,"turns":6},{"damage":3,"enemies":"Blue Slaver","floor":13,"turns":4},{"damage":2,"enemies":"Exordium Wildlife","floor":14,"turns":4},{"damage":40,"enemies":"Slime Boss","floor":16,"turns":6}],"seed_played":"-6763927060850413347","potions_obtained":[{"floor":1,"key":"Swift Potion"},{"floor":5,"key":"PowerPotion"},{"floor":6,"key":"LiquidBronze"},{"floor":11,"key":"Weak Potion"}],"is_trial":false,"path_per_floor":["M","$","?","?","M","E","M","R","T","R","M","M","M","M","R","B"],"character_chosen":"DEFECT","items_purchased":["Capacitor"],"campfire_rested":1,"item_purchase_floors":[2],"current_hp_per_floor":[68,68,68,68,68,68,59,59,59,59,44,13,10,8,30,0],"gold":481,"neow_bonus":"THREE_ENEMY_KILL","is_prod":false,"is_daily":false,"chose_seed":false,"campfire_upgraded":2,"win_rate":0,"timestamp":1546235341,"path_taken":["M","$","?","?","M","E","M","R","T","R","?","M","M","M","R","BOSS"],"build_version":"2018-12-20","purchased_purges":0,"victory":false,"max_hp_per_floor":[75,75,75,75,75,75,75,75,75,75,75,75,75,75,75,75],"card_choices":[{"not_picked":["Force Field","Compile Driver"],"picked":"Genetic Algorithm","floor":1},{"not_picked":["Stack","Go for the Eyes"],"picked":"Loop","floor":5},{"not_picked":["Go for the Eyes","Static Discharge"],"picked":"Conserve Battery","floor":6},{"not_picked":["Rebound","Redo+1"],"picked":"White Noise+1","floor":7},{"not_picked":["Ball Lightning","Hologram+1"],"picked":"Turbo+1","floor":11},{"not_picked":["Barrage","Doom and Gloom"],"picked":"Coolheaded+1","floor":12},{"not_picked":["Hologram+1","Consume+1"],"picked":"Creative AI","floor":13},{"not_picked":["Sweeping Beam","Gash"],"picked":"Chill+1","floor":14}],"player_experience":583792,"relics_obtained":[{"floor":6,"key":"Toxic Egg 2"},{"floor":9,"key":"Matryoshka"}],"event_choices":[{"damage_healed":0,"gold_gain":0,"player_choice":"Ignored","damage_taken":0,"max_hp_gain":0,"max_hp_loss":0,"event_name":"Golden Wing","floor":3,"gold_loss":0},{"damage_healed":0,"gold_gain":275,"player_choice":"Desecrate","damage_taken":0,"max_hp_gain":0,"max_hp_loss":0,"event_name":"Golden Shrine","floor":4,"gold_loss":0,"cards_obtained":["Regret"]}],"is_beta":false,"boss_relics":[],"items_purged_floors":[],"is_endless":false,"potions_floor_spawned":[1,5,6,11],"killed_by":"Slime Boss","ascension_level":7}