{"gold_per_floor":[114,114,162,162,176,176,234,234,234,269,269,269,296,80,80,179,179,191,210,210,224,224],"floor_reached":22,"playtime":658,"items_purged":[],"score":228,"play_id":"e50d3dd4-7a41-4c08-81d0-01e14b7dc2f8","local_time":"20190115155946","is_ascension_mode":true,"campfire_choices":[{"data":"Underhanded Strike","floor":6,"key":"SMITH"},{"floor":8,"key":"REST"},{"data":"Underhanded Strike","floor":15,"key":"SMITH"}],"neow_cost":"NONE","seed_source_timestamp":187608999545026,"circlet_count":0,"master_deck":["Defend_G+1","Defend_G","Defend_G","Defend_G+1","Defend_G","Strike_G","Strike_G","Survivor","Neutralize","Riddle With Holes+1","Underhanded Strike+1","Underhanded Strike+1","Backstab","All Out Attack","Glass Knife","Quick Slash+1","Accuracy+1","Calculated Gamble"],"relics":["Ring of the Snake","Smiling Mask","Omamori","Tiny Chest","Thread and Needle","Dodecahedron","Bird Faced Urn","Bag of Preparation","War Paint","Empty Cage"],"potions_floor_usage":[7,10,19],"damage_taken":[{"damage":0,"enemies":"2 Louse","floor":1,"turns":3},{"damage":1,"enemies":"Jaw Worm","floor":5,"turns":3},{"damage":22,"enemies":"3 Sentries","floor":7,"turns":7},{"damage":26,"enemies":"Lagavulin","floor":10,"turns":5},{"damage":37,"enemies":"The Guardian","floor":16,"turns":14},{"damage":7,"enemies":"2 Thieves","floor":18,"turns":3},{"damage":0,"enemies":"Shell Parasite","floor":19,"turns":5},{"damage":38,"enemies":"Centurion and Healer","floor":21,"turns":4},{"damage":34,"enemies":"Chosen and Byrds","floor":22,"turns":7}],"seed_played":"8250994787916576130","potions_obtained":[{"floor":1,"key":"AttackPotion"},{"floor":7,"key":"Dexterity Potion"},{"floor":18,"key":"GhostInAJar"}],"is_trial":false,"path_per_floor":["M","?","T","?","M","R","E","R","T","E","?","?","T","$","R","B",null,"M","M","?","M","M"],"character_chosen":"THE_SILENT","items_purchased":["All Out Attack","War Paint"],"campfire_rested":1,"item_purchase_floors":[14,14],"current_hp_per_floor":[70,63,63,63,62,62,40,61,61,35,52,52,52,52,52,15,70,63,63,63,25,0],"gold":224,"neow_bonus":"RANDOM_COMMON_RELIC","is_prod":false,"is_daily":false,"chose_seed":false,"campfire_upgraded":2,"win_rate":0,"timestamp":1547578786,"path_taken":["M","?","?","?","?","R","E","R","T","E","?","?","?","$","R","BOSS","M","?","?","M","M"],"build_version":"2019-01-10","purchased_purges":0,"victory":false,"max_hp_per_floor":[70,70,70,70,70,70,70,70,70,70,70,70,70,70,70,70,70,70,70,70,70,70],"card_choices":[{"not_picked":["Reflex","PiercingWail"],"picked":"Riddle With Holes","floor":1},{"not_picked":["Choke","Catalyst"],"picked":"Underhanded Strike","floor":5},{"not_picked":["Outmaneuver","Bane"],"picked":"Underhanded Strike","floor":7},{"not_picked":["Leg Sweep","Setup"],"picked":"Backstab","floor":10},{"not_picked":["Storm of Steel","Phantasmal Killer"],"picked":"Glass Knife","floor":16},{"not_picked":["PiercingWail","Dagger Throw"],"picked":"Quick Slash+1","floor":18},{"not_picked":["Slice","Bane"],"picked":"Accuracy+1","floor":19},{"not_picked":["Dodge and Roll","Dagger Throw"],"picked":"Calculated Gamble","floor":21}],"player_experience":630993,"relics_obtained":[{"floor":3,"key":"Omamori"},{"floor":7,"key":"Tiny Chest"},{"floor":9,"key":"Thread and Needle"},{"floor":10,"key":"Dodecahedron"},{"floor":13,"key":"Bag of Preparation"}],"event_choices":[{"cards_removed":["Strike_G"],"damage_healed":0,"gold_gain":0,"player_choice":"Card Removal","damage_taken":7,"max_hp_gain":0,"max_hp_loss":0,"event_name":"Golden Wing","floor":2,"gold_loss":0},{"damage_healed":0,"gold_gain":0,"player_choice":"Grow","damage_taken":0,"max_hp_gain":0,"max_hp_loss":0,"event_name":"Living Wall","floor":4,"gold_loss":0,"cards_upgraded":["Riddle With Holes"]},{"damage_healed":17,"gold_gain":0,"player_choice":"Healed and dodged fight","damage_taken":0,"max_hp_gain":0,"max_hp_loss":0,"event_name":"Mushrooms","floor":11,"gold_loss":0,"cards_obtained":["Parasite"]},{"damage_healed":0,"gold_gain":0,"player_choice":"Box","damage_taken":0,"relics_obtained":["Bird Faced Urn"],"max_hp_gain":0,"max_hp_loss":0,"event_name":"Big Fish","floor":12,"gold_loss":0,"cards_obtained":["Regret"]},{"damage_healed":0,"gold_gain":0,"player_choice":"Ignored","damage_taken":0,"max_hp_gain":0,"max_hp_loss":0,"event_name":"Ghosts","floor":20,"gold_loss":0}],"is_beta":false,"boss_relics":[{"not_picked":["Eternal Feather","Fusion Hammer"],"picked":"Empty Cage"}],"items_purged_floors":[],"is_endless":false,"potions_floor_spawned":[1,7,18],"killed_by":"Chosen and Byrds","ascension_level":4}