{"gold_per_floor":[110,110,110,110,123,123,166,182,206,9,42,61,74,94,94,214,214,232,245,245],"floor_reached":20,"playtime":4250,"items_purged":[],"score":253,"play_id":"39b82eb0-fcf6-44c6-8abc-f06683ed5609","local_time":"20181230140319","is_ascension_mode":true,"campfire_choices":[{"data":"All Out Attack","floor":6,"key":"SMITH"},{"floor":15,"key":"REST"}],"neow_cost":"NONE","seed_source_timestamp":750937740975073,"circlet_count":0,"master_deck":["Defend_G+1","Defend_G+1","Defend_G","Defend_G","Defend_G","Strike_G","Strike_G","Strike_G","Strike_G","Strike_G","Survivor","Neutralize","Terror+1","All Out Attack+1","Glass Knife","Masterful Stab","Magnetism","Cloak And Dagger","Terror+1","Footwork","Acrobatics+1","Infinite Blades","Night Terror+1","Terror+1","Blade Dance+1"],"relics":["Ring of the Snake","NeowsBlessing","Golden Idol","Bag of Preparation","War Paint","Toxic Egg 2","Eternal Feather"],"potions_floor_usage":[11,18,18,18],"damage_taken":[{"damage":0,"enemies":"2 Louse","floor":1,"turns":1},{"damage":0,"enemies":"Jaw Worm","floor":5,"turns":1},{"damage":0,"enemies":"Gremlin Nob","floor":7,"turns":1},{"damage":0,"enemies":"Cultist","floor":8,"turns":2},{"damage":10,"enemies":"3 Sentries","floor":11,"turns":4},{"damage":0,"enemies":"Lots of Slimes","floor":12,"turns":1},{"damage":0,"enemies":"Large Slime","floor":13,"turns":4},{"damage":0,"enemies":"Exordium Wildlife","floor":14,"turns":1},{"damage":24,"enemies":"Hexaghost","floor":16,"turns":8},{"damage":28,"enemies":"Spheric Guardian","floor":18,"turns":5},{"damage":9,"enemies":"3 Byrds","floor":19,"turns":5},{"damage":36,"enemies":"Centurion and Healer","floor":20,"turns":3}],"seed_played":"-1786437022199191755","potions_obtained":[{"floor":5,"key":"Poison Potion"},{"floor":7,"key":"Block Potion"},{"floor":8,"key":"SpeedPotion"},{"floor":11,"key":"SpeedPotion"},{"floor":16,"key":"Poison Potion"}],"is_trial":false,"path_per_floor":["M","?","?","?","M","R","E","M","T","$","E","M","M","M","R","B",null,"M","M","M"],"character_chosen":"THE_SILENT","items_purchased":["Magnetism","Cloak And Dagger"],"campfire_rested":1,"item_purchase_floors":[10,10],"current_hp_per_floor":[70,53,53,53,53,53,53,53,53,53,43,43,43,43,64,40,70,42,33,0],"gold":245,"neow_bonus":"THREE_ENEMY_KILL","is_prod":false,"is_daily":false,"chose_seed":false,"campfire_upgraded":1,"win_rate":0,"timestamp":1546189399,"path_taken":["M","?","?","?","?","R","E","M","T","$","E","M","M","M","R","BOSS","M","M","M"],"build_version":"2018-12-20","purchased_purges":0,"victory":false,"max_hp_per_floor":[70,70,70,70,70,70,70,70,70,70,70,70,70,70,70,70,70,70,70,70],"card_choices":[{"not_picked":["Underhanded Strike","Tactician"],"picked":"Terror","floor":1},{"not_picked":["PiercingWail","Quick Slash"],"picked":"All Out Attack","floor":5},{"not_picked":["Escape Plan","Blur"],"picked":"Glass Knife","floor":7},{"not_picked":["Outmaneuver","Dodge and Roll"],"picked":"Masterful Stab","floor":8},{"not_picked":["Calculated Gamble","Distraction"],"picked":"Terror","floor":11},{"not_picked":["Blur+1","Bane"],"picked":"Footwork","floor":12},{"not_picked":["Deadly Poison+1","Slice"],"picked":"Acrobatics+1","floor":13},{"not_picked":["Caltrops","Sucker Punch"],"picked":"Infinite Blades","floor":14},{"not_picked":["Grand Finale","Wraith Form v2"],"picked":"Night Terror+1","floor":16},{"not_picked":["PiercingWail+1","Poisoned Stab"],"picked":"Terror+1","floor":18},{"not_picked":["Quick Slash+1","Cloak And Dagger+1"],"picked":"Blade Dance+1","floor":19}],"player_experience":572728,"relics_obtained":[{"floor":7,"key":"Bag of Preparation"},{"floor":9,"key":"War Paint"},{"floor":11,"key":"Toxic Egg 2"}],"event_choices":[{"damage_healed":0,"gold_gain":0,"player_choice":"Take Damage","damage_taken":17,"relics_obtained":["Golden Idol"],"max_hp_gain":0,"max_hp_loss":0,"event_name":"Golden Idol","floor":2,"gold_loss":0},{"damage_healed":0,"gold_gain":0,"player_choice":"Ignored","damage_taken":0,"max_hp_gain":0,"max_hp_loss":0,"event_name":"Golden Wing","floor":3,"gold_loss":0},{"damage_healed":0,"gold_gain":0,"player_choice":"Forge","damage_taken":0,"max_hp_gain":0,"max_hp_loss":0,"event_name":"Accursed Blacksmith","floor":4,"gold_loss":0,"cards_upgraded":["Terror"]}],"is_beta":false,"boss_relics":[{"not_picked":["Orrery","Velvet Choker"],"picked":"Eternal Feather"}],"items_purged_floors":[],"is_endless":false,"potions_floor_spawned":[5,7,8,11,16],"killed_by":"Centurion and Healer","ascension_level":4}