{"gold_per_floor":[112,112,130,32,32,32,66,66,118,118,132,149,178,192,192,296,296,309,68,68,5,24,53,53,152,152,172,122,122,140,6,6,104,104,121,132,143,157,32,64,64,81,81,6,35,114,114,114,114,114,114,114,6,31,31],"floor_reached":55,"playtime":2633,"items_purged":["Strike_R","Strike_R","Strike_R","Defend_R","Defend_R"],"score":728,"play_id":"6c768099-bbcf-4bef-85a7-b17cae57a5b3","local_time":"20190104134229","is_ascension_mode":false,"campfire_choices":[{"data":"Carnage","floor":6,"key":"SMITH"},{"data":"Uppercut","floor":8,"key":"SMITH"},{"data":"Cleave","floor":10,"key":"SMITH"},{"data":"True Grit","floor":15,"key":"SMITH"},{"data":"Flame Barrier","floor":29,"key":"SMITH"},{"floor":32,"key":"REST"},{"data":"Demon Form","floor":41,"key":"SMITH"},{"data":"Offering","floor":47,"key":"SMITH"},{"floor":49,"key":"RECALL"},{"data":"Battle Trance","floor":52,"key":"SMITH"}],"neow_cost":"NONE","seed_source_timestamp":494081171512443,"circlet_count":0,"master_deck":["Defend_R+1","Defend_R","Bash","Impatience","Carnage+1","Cleave+1","Shrug It Off","Uppercut+1","Flame Barrier+1","True Grit+1","Spot Weakness","Limit Break+1","Battle Trance+1","Demon Form+1","Reaper","Flex+1","Offering+1","Disarm"],"relics":["Burning Blood","Pen Nib","Regal Pillow","Paper Frog","Philosopher\u0027s Stone","Membership Card","The Courier","MutagenicStrength","Mummified Hand","Medical Kit","Eternal Feather","War Paint","Shuriken","Bottled Lightning","Darkstone Periapt","Nunchaku"],"potions_floor_usage":[14,22,23,33,36,42,50,54,55,55],"damage_taken":[{"damage":3,"enemies":"Jaw Worm","floor":1,"turns":4},{"damage":1,"enemies":"Cultist","floor":3,"turns":3},{"damage":14,"enemies":"3 Sentries","floor":7,"turns":6},{"damage":0,"enemies":"Small Slimes","floor":11,"turns":2},{"damage":0,"enemies":"3 Louse","floor":12,"turns":2},{"damage":11,"enemies":"Lagavulin","floor":13,"turns":5},{"damage":4,"enemies":"Lots of Slimes","floor":14,"turns":3},{"damage":8,"enemies":"The Guardian","floor":16,"turns":10},{"damage":0,"enemies":"Chosen","floor":18,"turns":3},{"damage":6,"enemies":"2 Thieves","floor":22,"turns":3},{"damage":38,"enemies":"Slavers","floor":23,"turns":7},{"damage":0,"enemies":"Centurion and Healer","floor":27,"turns":4},{"damage":25,"enemies":"Snake Plant","floor":30,"turns":5},{"damage":51,"enemies":"Collector","floor":33,"turns":10},{"damage":2,"enemies":"Orb Walker","floor":35,"turns":3},{"damage":36,"enemies":"3 Darklings","floor":36,"turns":7},{"damage":16,"enemies":"Jaw Worm Horde","floor":37,"turns":4},{"damage":9,"enemies":"Maw","floor":38,"turns":6},{"damage":56,"enemies":"Nemesis","floor":40,"turns":9},{"damage":26,"enemies":"Writhing Mass","floor":42,"turns":4},{"damage":31,"enemies":"Giant Head","floor":45,"turns":7},{"damage":32,"enemies":"Time Eater","floor":50,"turns":9},{"damage":92,"enemies":"Shield and Spear","floor":54,"turns":6},{"damage":81,"enemies":"The Heart","floor":55,"turns":5}],"seed_played":"6916026577476804495","potions_obtained":[{"floor":1,"key":"Fire Potion"},{"floor":3,"key":"Swift Potion"},{"floor":7,"key":"SpeedPotion"},{"floor":14,"key":"Fruit Juice"},{"floor":18,"key":"PowerPotion"},{"floor":27,"key":"AttackPotion"},{"floor":30,"key":"Dexterity Potion"},{"floor":36,"key":"SteroidPotion"},{"floor":38,"key":"Strength Potion"},{"floor":45,"key":"Weak Potion"}],"is_trial":false,"path_per_floor":["M","?","M","$","?","R","E","R","T","R","M","M","E","M","R","B",null,"M","$","?","$","M","E","?","?","T","M","?","R","M","$","R","B",null,"M","M","M","M","$","E","R","M","T","$","E","T","R","?","R","B",null,"R","$","E","B"],"character_chosen":"IRONCLAD","items_purchased":["Shrug It Off","Membership Card","Demon Form","Medical Kit","War Paint","Offering","AttackPotion"],"campfire_rested":1,"item_purchase_floors":[4,19,31,31,39,39,53],"current_hp_per_floor":[80,73,78,78,78,78,70,70,70,70,76,80,75,82,82,80,85,85,85,85,85,85,53,53,53,53,59,59,59,40,40,80,35,85,85,59,75,85,85,35,44,80,80,80,66,66,75,75,84,85,85,85,85,45,0],"gold":31,"neow_bonus":"RANDOM_COLORLESS","is_prod":false,"is_daily":false,"chose_seed":false,"campfire_upgraded":8,"win_rate":0,"timestamp":1546609349,"path_taken":["M","?","M","$","?","R","E","R","T","R","M","M","E","M","R","BOSS","M","?","?","$","M","E","?","?","T","M","?","R","M","$","R","BOSS","M","?","M","M","$","E","R","M","T","$","E","?","R","?","R","BOSS","R","$","E","BOSS"],"build_version":"2019-01-03v3","purchased_purges":5,"victory":false,"max_hp_per_floor":[80,80,80,80,80,80,80,80,80,80,80,80,80,85,85,85,85,85,85,85,85,85,85,85,85,85,85,85,85,85,85,85,85,85,85,85,85,85,85,85,85,85,85,85,85,85,85,85,85,85,85,85,85,85,85],"card_choices":[{"not_picked":["True Grit","Rupture"],"picked":"Carnage","floor":1},{"not_picked":["Clothesline","Anger"],"picked":"Cleave","floor":3},{"not_picked":["Double Tap","Headbutt"],"picked":"Uppercut","floor":7},{"not_picked":["Blood for Blood","Armaments"],"picked":"Flame Barrier","floor":11},{"not_picked":["Pommel Strike","Thunderclap"],"picked":"True Grit","floor":12},{"not_picked":["Heavy Blade","Sword Boomerang"],"picked":"Spot Weakness","floor":13},{"not_picked":["Havoc","Armaments","Twin Strike"],"picked":"SKIP","floor":14},{"not_picked":["Bludgeon","Exhume"],"picked":"Limit Break","floor":16},{"not_picked":["Heavy Blade","Clash+1"],"picked":"Battle Trance","floor":18},{"not_picked":["Body Slam","True Grit","Battle Trance"],"picked":"SKIP","floor":22},{"not_picked":["Reckless Charge","Flex","Anger"],"picked":"SKIP","floor":23},{"not_picked":["Reckless Charge","Shrug It Off","Warcry"],"picked":"SKIP","floor":27},{"not_picked":["Body Slam","Iron Wave","Warcry"],"picked":"SKIP","floor":30},{"not_picked":["Fiend Fire","Barricade"],"picked":"Reaper","floor":33},{"not_picked":["Cleave","Twin Strike+1"],"picked":"Flex+1","floor":35},{"not_picked":["Perfected Strike","Sword Boomerang","Pommel Strike"],"picked":"SKIP","floor":36},{"not_picked":["Twin Strike+1","Rage","True Grit"],"picked":"SKIP","floor":37},{"not_picked":["Iron Wave","Clash+1","Wild Strike+1"],"picked":"SKIP","floor":38},{"not_picked":["Brutality","Clothesline+1","Thunderclap"],"picked":"SKIP","floor":40},{"not_picked":["Clash+1","Sever Soul+1","Hemokinesis+1"],"picked":"SKIP","floor":42},{"not_picked":["Heavy Blade","Exhume"],"picked":"Whirlwind+1","floor":45},{"not_picked":["Searing Blow+1","Flex"],"picked":"Disarm","floor":54}],"player_experience":729899,"relics_obtained":[{"floor":7,"key":"Pen Nib"},{"floor":9,"key":"Regal Pillow"},{"floor":13,"key":"Paper Frog"},{"floor":23,"key":"The Courier"},{"floor":26,"key":"Mummified Hand"},{"floor":40,"key":"Shuriken"},{"floor":45,"key":"Bottled Lightning"},{"floor":46,"key":"Darkstone Periapt"},{"floor":54,"key":"Nunchaku"}],"event_choices":[{"cards_removed":["Strike_R"],"damage_healed":0,"gold_gain":0,"player_choice":"Card Removal","damage_taken":7,"max_hp_gain":0,"max_hp_loss":0,"event_name":"Golden Wing","floor":2,"gold_loss":0},{"cards_removed":["Strike_R"],"damage_healed":0,"gold_gain":0,"player_choice":"Purged","damage_taken":0,"max_hp_gain":0,"max_hp_loss":0,"event_name":"Purifier","floor":5,"gold_loss":0},{"damage_healed":0,"gold_gain":0,"player_choice":"Ignored","damage_taken":0,"max_hp_gain":0,"max_hp_loss":0,"event_name":"Beggar","floor":20,"gold_loss":0},{"damage_healed":0,"gold_gain":0,"player_choice":"Inject Mutagens","damage_taken":0,"relics_obtained":["MutagenicStrength"],"max_hp_gain":0,"max_hp_loss":0,"event_name":"Drug Dealer","floor":24,"gold_loss":0},{"damage_healed":0,"gold_gain":99,"player_choice":"Stole From Cult","damage_taken":0,"max_hp_gain":0,"max_hp_loss":0,"event_name":"Nest","floor":25,"gold_loss":0},{"damage_healed":0,"gold_gain":0,"player_choice":"Bet on Owner","damage_taken":0,"max_hp_gain":0,"max_hp_loss":0,"event_name":"The Joust","floor":28,"gold_loss":50},{"cards_removed":["Whirlwind"],"damage_healed":0,"gold_gain":0,"player_choice":"Removed Attack","damage_taken":0,"max_hp_gain":0,"max_hp_loss":0,"event_name":"Falling","floor":48,"gold_loss":0}],"is_beta":true,"boss_relics":[{"not_picked":["Coffee Dripper","Pandora\u0027s Box"],"picked":"Philosopher\u0027s Stone"},{"not_picked":["Velvet Choker","Runic Dome"],"picked":"Eternal Feather"}],"items_purged_floors":[4,19,21,44,53],"is_endless":false,"potions_floor_spawned":[1,3,7,14,18,27,30,36,38,45],"killed_by":"The Heart","ascension_level":0}