{"gold_per_floor":[114,74,84,99,113,113,128,162,189,223,223,256,275,8,8,103,103,121,140,67,78,78,78,107,107,107,136,136,136,150,185,185,287,287,304,304,304,317,317,346,346,380,380,391,491,15,49,0,0,0,0,0,0,29,29],"floor_reached":56,"playtime":3430,"items_purged":["Strike_R","Strike_R"],"score":1814,"play_id":"4e33f7d3-86a9-4412-af84-781b88562a96","local_time":"20190426162408","is_ascension_mode":true,"campfire_choices":[{"data":"Whirlwind","floor":6,"key":"SMITH"},{"data":"Disarm","floor":15,"key":"SMITH"},{"data":"Flame Barrier","floor":23,"key":"SMITH"},{"data":"Flame Barrier","floor":25,"key":"SMITH"},{"data":"Metallicize","floor":32,"key":"SMITH"},{"data":"Rampage","floor":41,"key":"SMITH"},{"floor":49,"key":"RECALL"},{"data":"1","floor":52,"key":"LIFT"}],"neow_cost":"NONE","seed_source_timestamp":487566008798974,"circlet_count":0,"master_deck":["Defend_R","Defend_R","Defend_R","Defend_R","Bash+1","Whirlwind+1","Disarm+1","Rampage+1","Flame Barrier+1","Immolate","Feed","Headbutt","Flame Barrier+1","Offering","Shrug It Off","Barricade","Metallicize+1","Ghostly","Ghostly","Ghostly","Ghostly","Ghostly","Impervious","Double Tap","Feel No Pain","Evolve","Apotheosis","Shrug It Off+1"],"relics":["Burning Blood","Juzu Bracelet","Regal Pillow","Strawberry","Orichalcum","Busted Crown","Ancient Tea Set","Mummified Hand","Anchor","Prayer Wheel","Snecko Eye","Girya","Gremlin Horn","Ginger","Medical Kit","Boot","Red Mask","Pen Nib"],"potions_floor_usage":[8,10,12,16,21,27,31,55,55],"damage_taken":[{"damage":3,"enemies":"Small Slimes","floor":1,"turns":4},{"damage":1,"enemies":"Cultist","floor":3,"turns":4},{"damage":9,"enemies":"Jaw Worm","floor":4,"turns":3},{"damage":8,"enemies":"Gremlin Gang","floor":5,"turns":2},{"damage":3,"enemies":"Looter","floor":7,"turns":5},{"damage":21,"enemies":"Gremlin Nob","floor":8,"turns":4},{"damage":23,"enemies":"Lagavulin","floor":10,"turns":7},{"damage":10,"enemies":"3 Sentries","floor":12,"turns":4},{"damage":0,"enemies":"2 Fungi Beasts","floor":13,"turns":2},{"damage":32,"enemies":"The Guardian","floor":16,"turns":12},{"damage":21,"enemies":"2 Thieves","floor":18,"turns":3},{"damage":0,"enemies":"3 Byrds","floor":19,"turns":4},{"damage":16,"enemies":"Centurion and Healer","floor":21,"turns":11},{"damage":6,"enemies":"Gremlin Leader","floor":24,"turns":6},{"damage":6,"enemies":"Book of Stabbing","floor":27,"turns":5},{"damage":6,"enemies":"Snake Plant","floor":30,"turns":5},{"damage":6,"enemies":"Gremlin Leader","floor":31,"turns":9},{"damage":13,"enemies":"Collector","floor":33,"turns":16},{"damage":0,"enemies":"Orb Walker","floor":35,"turns":3},{"damage":1,"enemies":"3 Shapes","floor":38,"turns":5},{"damage":0,"enemies":"Nemesis","floor":40,"turns":11},{"damage":11,"enemies":"Reptomancer","floor":42,"turns":8},{"damage":0,"enemies":"Writhing Mass","floor":44,"turns":8},{"damage":1,"enemies":"Mind Bloom Boss Battle","floor":45,"turns":7},{"damage":6,"enemies":"Giant Head","floor":47,"turns":9},{"damage":1,"enemies":"Awakened One","floor":50,"turns":14},{"damage":0,"enemies":"Shield and Spear","floor":54,"turns":9},{"damage":7,"enemies":"The Heart","floor":55,"turns":9}],"seed_played":"-2949353538245474523","potions_obtained":[{"floor":1,"key":"SpeedPotion"},{"floor":2,"key":"SpeedPotion"},{"floor":2,"key":"FairyPotion"},{"floor":7,"key":"Strength Potion"},{"floor":8,"key":"Energy Potion"},{"floor":13,"key":"PowerPotion"},{"floor":16,"key":"Poison Potion"},{"floor":18,"key":"SneckoOil"},{"floor":21,"key":"Explosive Potion"},{"floor":31,"key":"Energy Potion"},{"floor":38,"key":"Strength Potion"},{"floor":45,"key":"Fire Potion"},{"floor":47,"key":"Dexterity Potion"}],"is_trial":false,"path_per_floor":["M","?","M","M","M","R","M","E","T","E","?","E","M","$","R","B",null,"M","M","$","M","?","R","E","R","T","E","?","?","M","E","R","B",null,"M","?","?","M","?","E","R","E","T","M","?","$","E","?","R","B",null,"R","$","E","B",null],"character_chosen":"IRONCLAD","items_purchased":["Offering","Shrug It Off","Metallicize","Apotheosis","Medical Kit"],"campfire_rested":0,"item_purchase_floors":[14,14,20,46,46],"current_hp_per_floor":[80,80,80,77,75,75,78,63,63,53,46,45,54,54,54,31,80,68,77,77,67,67,67,70,70,70,73,54,54,57,57,57,53,58,63,63,63,66,63,66,66,64,64,72,75,75,79,79,79,83,83,83,83,87,86],"gold":29,"neow_bonus":"UPGRADE_CARD","is_prod":false,"is_daily":false,"chose_seed":false,"campfire_upgraded":6,"win_rate":0,"timestamp":1556292248,"path_taken":["M","?","M","M","M","R","M","E","T","E","?","E","M","$","R","BOSS","M","M","$","M","?","R","E","R","T","E","?","?","M","E","R","BOSS","M","?","?","M","?","E","R","E","T","M","?","$","E","?","R","BOSS","R","$","E","BOSS"],"build_version":"2019-04-23","purchased_purges":2,"victory":true,"max_hp_per_floor":[80,80,80,80,80,80,80,80,80,87,87,90,93,93,93,96,96,99,102,102,102,102,102,105,105,105,108,54,54,57,57,57,60,60,63,63,63,66,63,66,66,69,69,72,75,75,79,79,79,83,83,83,83,87,87],"card_choices":[{"not_picked":["Rampage","Battle Trance"],"picked":"Whirlwind","floor":1},{"not_picked":["Carnage","Headbutt"],"picked":"Disarm","floor":3},{"not_picked":["Twin Strike","Clothesline"],"picked":"Rampage","floor":4},{"not_picked":["Fire Breathing","Body Slam"],"picked":"Flame Barrier","floor":5},{"not_picked":["Thunderclap","Sever Soul","Heavy Blade"],"picked":"SKIP","floor":7},{"not_picked":["Twin Strike","Body Slam"],"picked":"Immolate","floor":8},{"not_picked":["Intimidate","Warcry"],"picked":"Feed","floor":10},{"not_picked":["Sentinel","Entrench"],"picked":"Headbutt","floor":12},{"not_picked":["Burning Pact","Havoc"],"picked":"Flame Barrier","floor":13},{"not_picked":["Bludgeon","Limit Break"],"picked":"Barricade","floor":16},{"not_picked":["Sword Boomerang"],"picked":"SKIP","floor":18},{"not_picked":["Iron Wave"],"picked":"SKIP","floor":19},{"not_picked":["Uppercut"],"picked":"SKIP","floor":21},{"not_picked":["Rupture+1"],"picked":"SKIP","floor":24},{"not_picked":["Perfected Strike+1"],"picked":"SKIP","floor":27},{"not_picked":["Intimidate+1"],"picked":"SKIP","floor":30},{"not_picked":[],"picked":"Impervious","floor":31},{"not_picked":[],"picked":"Double Tap","floor":33},{"not_picked":[],"picked":"Feel No Pain","floor":35},{"not_picked":["Pommel Strike"],"picked":"SKIP","floor":35},{"not_picked":["Rage+1"],"picked":"SKIP","floor":38},{"not_picked":["Pommel Strike+1"],"picked":"SKIP","floor":38},{"not_picked":["Thunderclap"],"picked":"SKIP","floor":40},{"not_picked":[],"picked":"Evolve","floor":42},{"not_picked":["Power Through+1"],"picked":"SKIP","floor":44},{"not_picked":["Power Through"],"picked":"SKIP","floor":44},{"not_picked":[],"picked":"Shrug It Off+1","floor":47},{"not_picked":["Headbutt+1"],"picked":"SKIP","floor":54}],"player_experience":49100,"relics_obtained":[{"floor":8,"key":"Juzu Bracelet"},{"floor":9,"key":"Regal Pillow"},{"floor":10,"key":"Strawberry"},{"floor":12,"key":"Orichalcum"},{"floor":24,"key":"Ancient Tea Set"},{"floor":26,"key":"Mummified Hand"},{"floor":27,"key":"Anchor"},{"floor":31,"key":"Prayer Wheel"},{"floor":40,"key":"Girya"},{"floor":42,"key":"Gremlin Horn"},{"floor":45,"key":"Ginger"},{"floor":47,"key":"Boot"},{"floor":54,"key":"Pen Nib"}],"event_choices":[{"damage_healed":0,"gold_gain":0,"player_choice":"Bought 3 Potions","damage_taken":0,"max_hp_gain":0,"max_hp_loss":0,"event_name":"The Woman in Blue","floor":2,"gold_loss":0},{"cards_removed":["Strike_R"],"damage_healed":0,"gold_gain":0,"player_choice":"Card Removal","damage_taken":7,"max_hp_gain":0,"max_hp_loss":0,"event_name":"Golden Wing","floor":11,"gold_loss":0},{"damage_healed":0,"gold_gain":0,"player_choice":"0 cards matched","damage_taken":0,"max_hp_gain":0,"max_hp_loss":0,"event_name":"Match and Keep!","floor":22,"gold_loss":0,"cards_obtained":[]},{"damage_healed":0,"gold_gain":0,"player_choice":"Became a Ghost","damage_taken":0,"max_hp_gain":0,"max_hp_loss":54,"event_name":"Ghosts","floor":28,"gold_loss":0,"cards_obtained":["Ghostly","Ghostly","Ghostly","Ghostly","Ghostly"]},{"cards_removed":["Strike_R"],"damage_healed":0,"gold_gain":0,"player_choice":"Purged","damage_taken":0,"max_hp_gain":0,"max_hp_loss":0,"event_name":"Purifier","floor":29,"gold_loss":0},{"damage_healed":0,"gold_gain":0,"player_choice":"Memory 1","damage_taken":0,"max_hp_gain":0,"max_hp_loss":0,"event_name":"SensoryStone","floor":36,"gold_loss":0},{"cards_removed":["Strike_R"],"damage_healed":0,"gold_gain":0,"player_choice":"Removed Attack","damage_taken":0,"max_hp_gain":0,"max_hp_loss":0,"event_name":"Falling","floor":37,"gold_loss":0},{"damage_healed":0,"gold_gain":0,"player_choice":"Max HP","damage_taken":0,"max_hp_gain":0,"max_hp_loss":3,"event_name":"Winding Halls","floor":39,"gold_loss":0},{"damage_healed":0,"gold_gain":0,"player_choice":"Fight","damage_taken":0,"max_hp_gain":0,"max_hp_loss":0,"event_name":"MindBloom","floor":45,"gold_loss":0},{"damage_healed":0,"gold_gain":0,"player_choice":"Paid","damage_taken":0,"relics_obtained":["Red Mask"],"max_hp_gain":0,"max_hp_loss":0,"event_name":"Tomb of Lord Red Mask","floor":48,"gold_loss":49}],"is_beta":true,"boss_relics":[{"not_picked":["Fusion Hammer","Lizard Tail"],"picked":"Busted Crown"},{"not_picked":["Coffee Dripper","Pandora\u0027s Box"],"picked":"Snecko Eye"}],"items_purged_floors":[14,46],"is_endless":false,"potions_floor_spawned":[1,7,8,13,16,18,21,31,38,45,47],"ascension_level":5}