{"gold_per_floor":[16,31,31,50,65,90,90,90,90,2,2,12,38,54,54,158,158,175,194,194,1,12,45,59,59,59,59,59,69,69,80,80,178,178,195,213,193,207,207,269,269,302,302,302,335,348,364,364,364,364],"floor_reached":51,"playtime":2553,"items_purged":["Carnage"],"score":869,"play_id":"9cb30fe7-411b-4846-85fb-bb5b2064ec47","local_time":"20190320231231","is_ascension_mode":false,"campfire_choices":[{"data":"Bash","floor":8,"key":"SMITH"},{"data":"Pommel Strike","floor":11,"key":"SMITH"},{"data":"Dropkick","floor":15,"key":"SMITH"},{"data":"Fire Breathing","floor":25,"key":"SMITH"},{"floor":27,"key":"REST"},{"data":"Iron Wave","floor":32,"key":"SMITH"},{"floor":41,"key":"REST"},{"floor":44,"key":"RECALL"},{"floor":49,"key":"REST"}],"neow_cost":"NO_GOLD","seed_source_timestamp":374562847785091,"circlet_count":0,"master_deck":["Defend_R","Defend_R","Defend_R","Bash+1","Cleave","Pommel Strike+1","Anger","Dropkick+1","Trip","Iron Wave+1","Fire Breathing+1","Feed","Second Wind+1","Pummel+1","Wild Strike+1","Brutality","Iron Wave+1","Thunderclap","Havoc+1","Offering","Burning Pact","Feel No Pain+1","Dropkick+1","Evolve+1","Panache","Flash of Steel"],"relics":["Burning Blood","Nunchaku","Kunai","Shuriken","Smiling Mask","Astrolabe","Lantern","Mummified Hand","Fusion Hammer","Tiny Chest","Pear","Bottled Tornado","Blood Vial"],"potions_floor_usage":[19,22,22,24,33,38,42,42,45,50],"damage_taken":[{"damage":2,"enemies":"Small Slimes","floor":1,"turns":5},{"damage":0,"enemies":"Cultist","floor":2,"turns":2},{"damage":8,"enemies":"Jaw Worm","floor":4,"turns":3},{"damage":26,"enemies":"Exordium Thugs","floor":5,"turns":5},{"damage":26,"enemies":"Lagavulin","floor":6,"turns":6},{"damage":2,"enemies":"Blue Slaver","floor":12,"turns":2},{"damage":8,"enemies":"Gremlin Nob","floor":13,"turns":3},{"damage":0,"enemies":"2 Fungi Beasts","floor":14,"turns":2},{"damage":0,"enemies":"Slime Boss","floor":16,"turns":6},{"damage":4,"enemies":"3 Byrds","floor":18,"turns":4},{"damage":5,"enemies":"Spheric Guardian","floor":19,"turns":4},{"damage":18,"enemies":"Chosen and Byrds","floor":22,"turns":4},{"damage":33,"enemies":"Gremlin Leader","floor":23,"turns":5},{"damage":14,"enemies":"Snecko","floor":24,"turns":4},{"damage":5,"enemies":"Centurion and Healer","floor":29,"turns":4},{"damage":8,"enemies":"3 Cultists","floor":31,"turns":4},{"damage":35,"enemies":"Collector","floor":33,"turns":5},{"damage":6,"enemies":"Orb Walker","floor":35,"turns":2},{"damage":1,"enemies":"3 Shapes","floor":36,"turns":3},{"damage":31,"enemies":"Maw","floor":38,"turns":5},{"damage":18,"enemies":"Giant Head","floor":40,"turns":5},{"damage":19,"enemies":"Nemesis","floor":42,"turns":5},{"damage":31,"enemies":"Reptomancer","floor":45,"turns":4},{"damage":11,"enemies":"4 Shapes","floor":46,"turns":6},{"damage":8,"enemies":"Sphere and 2 Shapes","floor":47,"turns":3},{"damage":44,"enemies":"Donu and Deca","floor":50,"turns":6}],"seed_played":"6863236593928777310","potions_obtained":[{"floor":4,"key":"Ancient Potion"},{"floor":6,"key":"Block Potion"},{"floor":16,"key":"Swift Potion"},{"floor":22,"key":"Fire Potion"},{"floor":23,"key":"SteroidPotion"},{"floor":31,"key":"BloodPotion"},{"floor":35,"key":"PowerPotion"},{"floor":37,"key":"Explosive Potion"},{"floor":38,"key":"Weak Potion"},{"floor":40,"key":"SpeedPotion"},{"floor":42,"key":"Strength Potion"},{"floor":45,"key":"PowerPotion"},{"floor":47,"key":"SmokeBomb"}],"is_trial":false,"path_per_floor":["M","M","?","M","M","E","?","R","T","$","R","M","E","M","R","B",null,"M","M","?","$","M","E","M","R","T","R","?","M","?","M","R","B",null,"M","M","?","M","?","E","R","E","T","R","E","M","M","?","R","B",null],"character_chosen":"IRONCLAD","items_purchased":["Trip","Brutality"],"campfire_rested":3,"item_purchase_floors":[10,21],"current_hp_per_floor":[80,80,80,78,58,38,64,64,64,64,64,68,66,72,72,78,80,83,83,83,83,74,47,39,39,39,64,47,48,48,49,49,29,94,97,100,100,78,78,66,96,93,93,93,68,68,71,61,96,63],"gold":364,"neow_bonus":"REMOVE_TWO","is_prod":false,"is_daily":false,"chose_seed":false,"campfire_upgraded":5,"win_rate":0,"timestamp":1553123551,"path_taken":["M","M","?","M","?","E","?","R","T","?","R","M","E","M","R","BOSS","M","M","?","$","M","E","M","R","T","R","?","M","?","M","R","BOSS","M","M","?","?","?","E","R","E","T","R","E","M","?","?","R","BOSS"],"build_version":"2019-03-15","purchased_purges":1,"victory":true,"max_hp_per_floor":[80,80,80,80,80,80,80,80,80,80,80,80,80,80,80,80,80,83,83,83,83,86,86,86,86,86,86,91,91,91,94,94,94,94,97,100,100,103,103,103,103,113,113,113,113,116,119,119,119,122],"card_choices":[{"not_picked":["Thunderclap","Anger"],"picked":"Carnage","floor":1},{"not_picked":["Metallicize","Entrench"],"picked":"Cleave","floor":2},{"not_picked":["Exhume","Twin Strike"],"picked":"Pommel Strike","floor":4},{"not_picked":["Searing Blow","Iron Wave"],"picked":"Anger","floor":5},{"not_picked":["Sword Boomerang","Reckless Charge"],"picked":"Dropkick","floor":6},{"not_picked":["Heavy Blade","Anger"],"picked":"Iron Wave","floor":12},{"not_picked":["Spot Weakness","Iron Wave"],"picked":"Fire Breathing","floor":13},{"not_picked":["Clash","Reckless Charge","Clothesline"],"picked":"SKIP","floor":14},{"not_picked":["Berserk","Demon Form"],"picked":"Feed","floor":16},{"not_picked":["Sword Boomerang","Clash+1","Flex"],"picked":"SKIP","floor":18},{"not_picked":["Flex","Heavy Blade","Clothesline+1"],"picked":"SKIP","floor":19},{"not_picked":["Armaments","Clothesline+1","Fire Breathing+1"],"picked":"SKIP","floor":22},{"not_picked":["Shrug It Off","Wild Strike"],"picked":"Iron Wave+1","floor":23},{"not_picked":["Inflame","Wild Strike"],"picked":"Thunderclap","floor":24},{"not_picked":["Rage","Infernal Blade"],"picked":"Havoc+1","floor":29},{"not_picked":["Clash","Spot Weakness","Heavy Blade"],"picked":"SKIP","floor":31},{"not_picked":["Limit Break","Demon Form"],"picked":"Offering","floor":33},{"not_picked":["Intimidate","Thunderclap+1","Armaments"],"picked":"SKIP","floor":35},{"not_picked":["Twin Strike","Feel No Pain"],"picked":"Burning Pact","floor":36},{"not_picked":["Exhume","Havoc+1"],"picked":"Feel No Pain+1","floor":38},{"not_picked":["Burning Pact","Twin Strike+1","Wild Strike+1"],"picked":"SKIP","floor":40},{"not_picked":["Uppercut+1","Sever Soul+1","Body Slam+1"],"picked":"SKIP","floor":42},{"not_picked":["Combust+1","Heavy Blade","Juggernaut"],"picked":"SKIP","floor":45},{"not_picked":["Twin Strike+1","Wild Strike"],"picked":"Evolve+1","floor":46},{"not_picked":["Entrench","Pummel","Heavy Blade"],"picked":"SKIP","floor":47},{"not_picked":["HandOfGreed","Mind Blast"],"picked":"Panache","floor":48},{"not_picked":["Transmutation","Forethought"],"picked":"Flash of Steel","floor":48}],"player_experience":1122122,"relics_obtained":[{"floor":3,"key":"Nunchaku"},{"floor":6,"key":"Kunai"},{"floor":9,"key":"Shuriken"},{"floor":13,"key":"Smiling Mask"},{"floor":23,"key":"Lantern"},{"floor":26,"key":"Mummified Hand"},{"floor":40,"key":"Tiny Chest"},{"floor":42,"key":"Pear"},{"floor":43,"key":"Bottled Tornado"},{"floor":45,"key":"Blood Vial"}],"event_choices":[{"damage_healed":0,"gold_gain":0,"player_choice":"Relic","damage_taken":0,"max_hp_gain":0,"max_hp_loss":0,"event_name":"Wheel of Change","floor":3,"gold_loss":0},{"damage_healed":26,"gold_gain":0,"player_choice":"Banana","damage_taken":0,"max_hp_gain":0,"max_hp_loss":0,"event_name":"Big Fish","floor":7,"gold_loss":0},{"damage_healed":0,"gold_gain":0,"player_choice":"Ignored","damage_taken":0,"max_hp_gain":0,"max_hp_loss":0,"event_name":"Vampires","floor":20,"gold_loss":0},{"damage_healed":0,"gold_gain":0,"player_choice":"Shed Blood","damage_taken":22,"max_hp_gain":5,"max_hp_loss":0,"event_name":"Forgotten Altar","floor":28,"gold_loss":0},{"cards_removed":["Defend_R"],"damage_healed":0,"gold_gain":0,"player_choice":"Elegance","damage_taken":0,"max_hp_gain":0,"max_hp_loss":0,"event_name":"Back to Basics","floor":30,"gold_loss":0},{"damage_healed":0,"gold_gain":0,"player_choice":"Bought 1 Potion","damage_taken":0,"max_hp_gain":0,"max_hp_loss":0,"event_name":"The Woman in Blue","floor":37,"gold_loss":0},{"damage_healed":0,"gold_gain":0,"player_choice":"Copied","damage_taken":0,"max_hp_gain":0,"max_hp_loss":0,"event_name":"Duplicator","floor":39,"gold_loss":0,"cards_obtained":["Dropkick"]},{"damage_healed":0,"gold_gain":0,"player_choice":"Memory 3","damage_taken":10,"max_hp_gain":0,"max_hp_loss":0,"event_name":"SensoryStone","floor":48,"gold_loss":0}],"is_beta":true,"boss_relics":[{"not_picked":["Orrery","Coffee Dripper"],"picked":"Astrolabe"},{"not_picked":["Pandora\u0027s Box","Black Star"],"picked":"Fusion Hammer"}],"items_purged_floors":[21],"is_endless":false,"potions_floor_spawned":[4,6,16,22,23,31,35,38,40,42,45,47],"ascension_level":0}