{"gold_per_floor":[118,138,138,153,166,166,179,179,179,209,225,225,225,254,254,328,328,345,364,381,395,406,406,420,449,449,483,483,483,517,529,529,605,605,625,645,645,690,706,706,706],"floor_reached":41,"playtime":4109,"items_purged":[],"score":984,"play_id":"fd1736bb-52c5-4abc-b9c4-073619398216","local_time":"20190512222025","is_ascension_mode":true,"campfire_choices":[{"data":"Glass Knife","floor":6,"key":"SMITH"},{"data":"Footwork","floor":8,"key":"SMITH"},{"data":"Bouncing Flask","floor":12,"key":"SMITH"},{"data":"Leg Sweep","floor":15,"key":"SMITH"},{"data":"Wraith Form v2","floor":23,"key":"SMITH"},{"data":"Catalyst","floor":28,"key":"SMITH"},{"data":"Calculated Gamble","floor":32,"key":"SMITH"},{"floor":40,"key":"REST"}],"neow_cost":"NONE","seed_source_timestamp":1246578534700046,"circlet_count":0,"master_deck":["AscendersBane","Defend_G","Defend_G","Defend_G","Defend_G","Defend_G+1","Strike_G","Survivor","Neutralize+1","Poisoned Stab","Footwork+1","Glass Knife+1","Leg Sweep+1","Bouncing Flask+1","Dodge and Roll","Wraith Form v2+1","Crippling Poison+1","Backflip+1","Backflip","Footwork","Calculated Gamble+1","Bouncing Flask","Catalyst+1","Dodge and Roll+1","Night Terror","Catalyst","Parasite"],"relics":["Ring of the Snake","Boot","Lantern","Ginger","Cursed Key","War Paint","Molten Egg 2","Orichalcum","Empty Cage","Calipers"],"potions_floor_usage":[5,10,14,16,19,24,27,30,33,38],"damage_taken":[{"damage":0,"enemies":"Small Slimes","floor":1,"turns":4},{"damage":0,"enemies":"Cultist","floor":2,"turns":3},{"damage":6,"enemies":"2 Louse","floor":4,"turns":3},{"damage":1,"enemies":"Lots of Slimes","floor":5,"turns":3},{"damage":0,"enemies":"Exordium Thugs","floor":7,"turns":4},{"damage":12,"enemies":"3 Sentries","floor":10,"turns":12},{"damage":0,"enemies":"3 Louse","floor":11,"turns":4},{"damage":17,"enemies":"Gremlin Nob","floor":14,"turns":5},{"damage":1,"enemies":"Hexaghost","floor":16,"turns":9},{"damage":9,"enemies":"Shell Parasite","floor":18,"turns":5},{"damage":0,"enemies":"Chosen","floor":19,"turns":5},{"damage":1,"enemies":"Shelled Parasite and Fungi","floor":20,"turns":8},{"damage":0,"enemies":"Centurion and Healer","floor":21,"turns":8},{"damage":6,"enemies":"Cultist and Chosen","floor":22,"turns":9},{"damage":4,"enemies":"Snake Plant","floor":24,"turns":7},{"damage":2,"enemies":"Gremlin Leader","floor":25,"turns":7},{"damage":2,"enemies":"Slavers","floor":27,"turns":6},{"damage":5,"enemies":"Gremlin Leader","floor":30,"turns":5},{"damage":1,"enemies":"Shelled Parasite and Fungi","floor":31,"turns":5},{"damage":6,"enemies":"Champ","floor":33,"turns":14},{"damage":0,"enemies":"Orb Walker","floor":35,"turns":5},{"damage":3,"enemies":"3 Shapes","floor":36,"turns":6},{"damage":39,"enemies":"2 Orb Walkers","floor":38,"turns":7},{"damage":0,"enemies":"Writhing Mass","floor":39,"turns":3},{"damage":42,"enemies":"Reptomancer","floor":41,"turns":2}],"seed_played":"-2085105425304519213","potions_obtained":[{"floor":2,"key":"Explosive Potion"},{"floor":5,"key":"GamblersBrew"},{"floor":7,"key":"LiquidBronze"},{"floor":11,"key":"Block Potion"},{"floor":16,"key":"Ancient Potion"},{"floor":18,"key":"Block Potion"},{"floor":21,"key":"PowerPotion"},{"floor":22,"key":"Regen Potion"},{"floor":25,"key":"Block Potion"},{"floor":30,"key":"Swift Potion"},{"floor":35,"key":"Explosive Potion"},{"floor":36,"key":"Ancient Potion"}],"is_trial":false,"path_per_floor":["M","M","?","M","M","R","M","R","T","E","M","R","?","E","R","B",null,"M","M","M","M","M","R","M","E","T","E","R","?","E","M","R","B",null,"M","M","?","?","M","R","E"],"character_chosen":"THE_SILENT","items_purchased":[],"campfire_rested":1,"item_purchase_floors":[],"current_hp_per_floor":[59,59,59,53,52,52,52,52,52,40,40,40,40,23,23,22,55,46,46,45,45,39,39,50,48,48,46,46,46,41,40,40,34,58,58,55,55,16,16,35,0],"gold":706,"neow_bonus":"RANDOM_COMMON_RELIC","is_prod":false,"is_daily":false,"chose_seed":false,"campfire_upgraded":7,"win_rate":0,"timestamp":1557696025,"path_taken":["M","M","?","?","M","R","M","R","T","E","M","R","?","E","R","BOSS","M","?","M","M","M","R","M","E","T","E","R","?","E","M","R","BOSS","M","M","?","?","M","R","E"],"build_version":"2019-05-07","purchased_purges":0,"victory":false,"max_hp_per_floor":[66,66,66,66,66,66,66,66,66,66,66,66,66,66,66,66,66,66,66,66,66,66,66,66,66,66,66,66,66,66,66,66,66,66,66,66,66,66,66,66,66],"card_choices":[{"not_picked":["Flying Knee","Prepared"],"picked":"Poisoned Stab","floor":1},{"not_picked":["Flying Knee","Sucker Punch"],"picked":"Footwork","floor":2},{"not_picked":["Bouncing Flask","Eviscerate"],"picked":"Glass Knife","floor":4},{"not_picked":["Reflex","Sucker Punch"],"picked":"Leg Sweep","floor":5},{"not_picked":["Riddle With Holes","Flying Knee","Dagger Throw"],"picked":"SKIP","floor":7},{"not_picked":["Infinite Blades","Concentrate"],"picked":"Bouncing Flask","floor":10},{"not_picked":["Acrobatics","Outmaneuver","Dagger Throw"],"picked":"SKIP","floor":11},{"not_picked":["Dagger Throw","Poisoned Stab"],"picked":"Dodge and Roll","floor":14},{"not_picked":["Night Terror","Burst"],"picked":"Wraith Form v2","floor":16},{"not_picked":["Blade Dance","Dodge and Roll"],"picked":"Crippling Poison","floor":18},{"not_picked":["Noxious Fumes","Dash"],"picked":"Backflip+1","floor":19},{"not_picked":["Underhanded Strike","Flying Knee"],"picked":"Backflip","floor":20},{"not_picked":["Concentrate","Dodge and Roll","Poisoned Stab"],"picked":"SKIP","floor":21},{"not_picked":["Flying Knee","PiercingWail"],"picked":"Footwork","floor":22},{"not_picked":["A Thousand Cuts","Dodge and Roll"],"picked":"Calculated Gamble","floor":24},{"not_picked":["Calculated Gamble","Blade Dance"],"picked":"Bouncing Flask","floor":25},{"not_picked":["Deadly Poison","Terror"],"picked":"Catalyst","floor":27},{"not_picked":["Deadly Poison","Prepared"],"picked":"Dodge and Roll+1","floor":30},{"not_picked":["Calculated Gamble","Infinite Blades","Flechettes+1"],"picked":"SKIP","floor":31},{"not_picked":["Calculated Gamble","Infinite Blades","Flechettes+1"],"picked":"SKIP","floor":31},{"not_picked":["A Thousand Cuts","Grand Finale+1"],"picked":"Night Terror","floor":33},{"not_picked":["Dash+1","Prepared"],"picked":"Backflip","floor":35},{"not_picked":["Blade Dance","Tactician","Poisoned Stab+1"],"picked":"SKIP","floor":36},{"not_picked":["Slice+1","Flying Knee+1"],"picked":"Catalyst","floor":38},{"not_picked":["Cloak And Dagger","Finisher+1","Deflect"],"picked":"SKIP","floor":39}],"player_experience":1397116,"relics_obtained":[{"floor":10,"key":"Lantern"},{"floor":14,"key":"Ginger"},{"floor":25,"key":"War Paint"},{"floor":27,"key":"Molten Egg 2"},{"floor":30,"key":"Orichalcum"},{"floor":38,"key":"Calipers"}],"event_choices":[{"damage_healed":0,"gold_gain":0,"player_choice":"Forge","damage_taken":0,"max_hp_gain":0,"max_hp_loss":0,"event_name":"Accursed Blacksmith","floor":3,"gold_loss":0,"cards_upgraded":["Neutralize"]},{"cards_removed":["Strike_G"],"damage_healed":0,"gold_gain":0,"player_choice":"Purged","damage_taken":0,"max_hp_gain":0,"max_hp_loss":0,"event_name":"Purifier","floor":13,"gold_loss":0},{"cards_removed":["Strike_G"],"damage_healed":0,"gold_gain":0,"player_choice":"Purged","damage_taken":0,"max_hp_gain":0,"max_hp_loss":0,"event_name":"Purifier","floor":29,"gold_loss":0},{"cards_removed":["Backflip"],"damage_healed":0,"gold_gain":0,"player_choice":"Removed Skill","damage_taken":0,"max_hp_gain":0,"max_hp_loss":0,"event_name":"Falling","floor":37,"gold_loss":0},{"damage_healed":0,"gold_gain":0,"player_choice":"Fight","damage_taken":0,"max_hp_gain":0,"max_hp_loss":0,"event_name":"Mysterious Sphere","floor":38,"gold_loss":0}],"is_beta":true,"boss_relics":[{"not_picked":["White Beast Statue","WristBlade"],"picked":"Cursed Key"},{"not_picked":["Black Star","Runic Dome"],"picked":"Empty Cage"}],"items_purged_floors":[],"is_endless":false,"potions_floor_spawned":[2,5,7,11,16,18,21,22,25,30,35,36],"killed_by":"Reptomancer","ascension_level":20}