{"gold_per_floor":[115,125,125,125,137,137,137,137,164,217,236,236,256,256,256,351,351,368,386,386],"floor_reached":20,"playtime":472,"items_purged":[],"score":238,"play_id":"b7cb5c2e-de66-45c9-a19d-f22ab14c85e7","local_time":"20190304030933","is_ascension_mode":true,"campfire_choices":[{"data":"Darkness","floor":6,"key":"SMITH"},{"data":"Barrage","floor":8,"key":"SMITH"},{"data":"Ball Lightning","floor":12,"key":"SMITH"},{"floor":15,"key":"REST"}],"neow_cost":"NONE","seed_source_timestamp":1517691229271666,"circlet_count":0,"master_deck":["Strike_B","Strike_B","Strike_B+1","Strike_B","Defend_B","Defend_B","Defend_B","Defend_B","Zap+1","Dualcast","Chaos+1","Darkness+1","Barrage+1","Ball Lightning+1","Self Repair+1","Echo Form","Barrage"],"relics":["Inserter","Ancient Tea Set","DataDisk","Cursed Key"],"potions_floor_usage":[11,16],"damage_taken":[{"damage":8,"enemies":"Small Slimes","floor":1,"turns":4},{"damage":4,"enemies":"Cultist","floor":2,"turns":4},{"damage":19,"enemies":"2 Louse","floor":5,"turns":4},{"damage":13,"enemies":"Exordium Wildlife","floor":11,"turns":4},{"damage":8,"enemies":"Lots of Slimes","floor":13,"turns":3},{"damage":9,"enemies":"Slime Boss","floor":16,"turns":6},{"damage":30,"enemies":"Chosen","floor":18,"turns":5},{"damage":37,"enemies":"Spheric Guardian","floor":19,"turns":6},{"damage":32,"enemies":"Snecko","floor":20,"turns":3}],"seed_played":"1774579224308611153","potions_obtained":[{"floor":1,"key":"Regen Potion"},{"floor":2,"key":"Poison Potion"},{"floor":19,"key":"Poison Potion"}],"is_trial":false,"path_per_floor":["M","M","$","?","M","R","?","R","T","T","M","R","M","?","R","B",null,"M","M","M"],"character_chosen":"DEFECT","items_purchased":[],"campfire_rested":1,"item_purchase_floors":[],"current_hp_per_floor":[60,56,56,56,37,37,22,22,22,22,21,21,13,13,35,36,65,55,28,0],"gold":386,"neow_bonus":"BOSS_RELIC","is_prod":false,"is_daily":false,"chose_seed":false,"campfire_upgraded":3,"win_rate":0,"timestamp":1551679773,"path_taken":["M","M","$","?","?","R","?","R","T","?","?","R","M","?","R","BOSS","M","M","M"],"build_version":"2019-01-23","purchased_purges":0,"victory":false,"max_hp_per_floor":[75,75,75,75,75,75,75,75,75,75,75,75,75,75,75,75,75,75,75,75],"card_choices":[{"not_picked":["Recycle","Force Field"],"picked":"Chaos","floor":1},{"not_picked":["Skim","Double Energy"],"picked":"Darkness","floor":2},{"not_picked":["Skim","Leap"],"picked":"Barrage","floor":5},{"not_picked":["Gash","Go for the Eyes"],"picked":"Ball Lightning","floor":11},{"not_picked":["Blizzard","Leap"],"picked":"Self Repair","floor":13},{"not_picked":["Buffer","Fission"],"picked":"Echo Form","floor":16},{"not_picked":["Chill","Gash"],"picked":"Barrage","floor":18},{"not_picked":["Reprogram","Undo","Streamline"],"picked":"SKIP","floor":19}],"player_experience":890308,"relics_obtained":[{"floor":9,"key":"Ancient Tea Set"},{"floor":10,"key":"DataDisk"}],"event_choices":[{"damage_healed":0,"gold_gain":0,"player_choice":"Upgraded","damage_taken":0,"max_hp_gain":0,"max_hp_loss":0,"event_name":"Upgrade Shrine","floor":4,"gold_loss":0,"cards_upgraded":["Chaos"]},{"damage_healed":0,"gold_gain":0,"player_choice":"Entered Light","damage_taken":15,"max_hp_gain":0,"max_hp_loss":0,"event_name":"Shining Light","floor":7,"gold_loss":0,"cards_upgraded":["Zap","Strike_B"]},{"damage_healed":0,"gold_gain":0,"player_choice":"Forge","damage_taken":0,"max_hp_gain":0,"max_hp_loss":0,"event_name":"Accursed Blacksmith","floor":14,"gold_loss":0,"cards_upgraded":["Self Repair"]}],"is_beta":false,"boss_relics":[{"not_picked":["Eternal Feather","Pandora\u0027s Box"],"picked":"Cursed Key"}],"items_purged_floors":[],"is_endless":false,"potions_floor_spawned":[1,2,19],"killed_by":"Snecko","ascension_level":9}