{"gold_per_floor":[118,39,13,13,33,65,81,98,98,98,98,98,163,181,181,278,278,297,70,82,82,96,96,121,132,132,166,166,201,221,236,236,335,385,396,415,415,21,38,67,67,67,92,104,121,121,121,131,131,131,131,131,31,31],"floor_reached":54,"playtime":3020,"items_purged":["Strike_B","Writhe"],"score":764,"play_id":"a0d3679d-54d3-4e19-8ba3-c39f92b6ae80","local_time":"20190306001202","is_ascension_mode":false,"campfire_choices":[{"data":"Streamline","floor":10,"key":"SMITH"},{"data":"Coolheaded","floor":15,"key":"SMITH"},{"data":"Capacitor","floor":23,"key":"SMITH"},{"floor":32,"key":"REST"},{"data":"Seek","floor":42,"key":"SMITH"},{"floor":46,"key":"REST"},{"floor":49,"key":"RECALL"},{"data":"Apotheosis","floor":52,"key":"SMITH"}],"neow_cost":"NONE","seed_source_timestamp":512875550016613,"circlet_count":0,"master_deck":["Strike_B","Strike_B","Strike_B","Defend_B","Defend_B+1","Defend_B","Defend_B+1","Zap+1","Dualcast","Streamline+1","Coolheaded+1","Genetic Algorithm","FTL","Genetic Algorithm","Sweeping Beam","Creative AI","Seek+1","Heatsinks","Capacitor+1","Dark Shackles","Sweeping Beam+1","Fusion","Ball Lightning","Loop+1","Compile Driver","Apotheosis+1","Glacier","Consume+1"],"relics":["Cracked Core","NeowsBlessing","War Paint","Question Card","Tiny Chest","Busted Crown","Shovel","Cables","Bottled Lightning","Frozen Egg 2","Centennial Puzzle","Tiny House","Lee\u0027s Waffle","Darkstone Periapt","Art of War"],"potions_floor_usage":[16,20,22,24,29,35,44,45],"damage_taken":[{"damage":0,"enemies":"Small Slimes","floor":1,"turns":1},{"damage":0,"enemies":"Cultist","floor":5,"turns":1},{"damage":0,"enemies":"3 Sentries","floor":6,"turns":1},{"damage":6,"enemies":"Jaw Worm","floor":7,"turns":3},{"damage":2,"enemies":"Large Slime","floor":8,"turns":5},{"damage":20,"enemies":"Gremlin Nob","floor":13,"turns":4},{"damage":3,"enemies":"Looter","floor":14,"turns":2},{"damage":22,"enemies":"Slime Boss","floor":16,"turns":9},{"damage":2,"enemies":"Shell Parasite","floor":18,"turns":4},{"damage":0,"enemies":"3 Byrds","floor":20,"turns":3},{"damage":2,"enemies":"Snecko","floor":22,"turns":7},{"damage":8,"enemies":"Slavers","floor":24,"turns":7},{"damage":6,"enemies":"Centurion and Healer","floor":25,"turns":5},{"damage":23,"enemies":"Book of Stabbing","floor":27,"turns":6},{"damage":12,"enemies":"Gremlin Leader","floor":29,"turns":7},{"damage":0,"enemies":"Snake Plant","floor":30,"turns":3},{"damage":3,"enemies":"Chosen and Byrds","floor":31,"turns":5},{"damage":32,"enemies":"Automaton","floor":33,"turns":8},{"damage":0,"enemies":"3 Shapes","floor":35,"turns":4},{"damage":34,"enemies":"3 Darklings","floor":36,"turns":6},{"damage":0,"enemies":"Maw","floor":39,"turns":7},{"damage":13,"enemies":"Giant Head","floor":40,"turns":9},{"damage":30,"enemies":"Transient","floor":44,"turns":5},{"damage":10,"enemies":"Writhing Mass","floor":45,"turns":9},{"damage":5,"enemies":"Jaw Worm Horde","floor":48,"turns":5},{"damage":13,"enemies":"Awakened One","floor":50,"turns":14},{"damage":102,"enemies":"Shield and Spear","floor":54,"turns":8}],"seed_played":"3462957902337716745","potions_obtained":[{"floor":7,"key":"LiquidBronze"},{"floor":8,"key":"FairyPotion"},{"floor":13,"key":"SneckoOil"},{"floor":14,"key":"AttackPotion"},{"floor":20,"key":"Fire Potion"},{"floor":22,"key":"SpeedPotion"},{"floor":24,"key":"Explosive Potion"},{"floor":25,"key":"Poison Potion"},{"floor":34,"key":"Regen Potion"},{"floor":40,"key":"Dexterity Potion"},{"floor":44,"key":"Ancient Potion"},{"floor":47,"key":"Strength Potion"}],"is_trial":false,"path_per_floor":["M","?","$","?","M","E","M","M","T","R","?","?","E","M","R","B",null,"M","$","M","?","M","R","E","M","T","E","?","E","M","M","R","B",null,"M","M","?","$","M","E","$","R","T","M","M","R","?","M","R","B",null,"R","$","E"],"character_chosen":"DEFECT","items_purchased":["Coolheaded","Capacitor","Dark Shackles","Lee\u0027s Waffle","Apotheosis"],"campfire_rested":2,"item_purchase_floors":[3,19,19,38,38],"current_hp_per_floor":[75,75,75,75,75,75,69,67,67,67,72,64,44,41,41,19,80,78,78,78,78,76,76,68,62,62,39,39,27,27,24,48,16,85,85,51,51,92,92,79,79,79,79,49,54,81,81,76,76,63,92,92,92,0],"gold":31,"neow_bonus":"THREE_ENEMY_KILL","is_prod":false,"is_daily":false,"chose_seed":false,"campfire_upgraded":5,"win_rate":0,"timestamp":1551831122,"path_taken":["M","?","?","?","M","E","?","M","T","R","?","?","E","M","R","BOSS","M","$","?","?","M","R","E","M","T","E","?","E","M","M","R","BOSS","M","M","?","$","M","E","$","R","T","M","M","R","?","M","R","BOSS","R","$","E"],"build_version":"2019-02-06","purchased_purges":2,"victory":false,"max_hp_per_floor":[75,75,75,75,75,75,75,75,75,75,80,80,80,80,80,80,80,80,80,80,80,80,80,80,80,80,80,80,80,80,80,80,80,85,85,85,85,92,92,92,92,92,92,92,92,92,92,92,92,92,92,92,92,92],"card_choices":[{"not_picked":["Beam Cell","Turbo"],"picked":"Streamline","floor":1},{"not_picked":["Sunder","Recycle"],"picked":"Genetic Algorithm","floor":5},{"not_picked":["Beam Cell","Reboot"],"picked":"FTL","floor":6},{"not_picked":["Go for the Eyes","Steam","Coolheaded"],"picked":"Genetic Algorithm","floor":7},{"not_picked":["Storm","Sunder","Hologram"],"picked":"Sweeping Beam","floor":8},{"not_picked":["Compile Driver","Sweeping Beam","Hologram"],"picked":"Creative AI","floor":13},{"not_picked":["Beam Cell","Scrape","Leap","Turbo"],"picked":"SKIP","floor":14},{"not_picked":["Buffer","Echo Form","Thunder Strike"],"picked":"Seek","floor":16},{"not_picked":["Cold Snap"],"picked":"Heatsinks","floor":18},{"not_picked":["Beam Cell","Redo+1"],"picked":"SKIP","floor":20},{"not_picked":["Rebound","Beam Cell+1"],"picked":"SKIP","floor":22},{"not_picked":["Redo"],"picked":"Sweeping Beam+1","floor":24},{"not_picked":["Compile Driver"],"picked":"Fusion","floor":25},{"not_picked":["Sweeping Beam","Hologram"],"picked":"SKIP","floor":27},{"not_picked":["Cold Snap","Hello World+1"],"picked":"SKIP","floor":29},{"not_picked":["Hello World+1"],"picked":"Ball Lightning","floor":30},{"not_picked":["Sweeping Beam","FTL+1"],"picked":"SKIP","floor":31},{"not_picked":["Rip and Tear"],"picked":"Loop+1","floor":34},{"not_picked":["Ball Lightning+1"],"picked":"Compile Driver","floor":35},{"not_picked":["Stack","Tempest+1"],"picked":"SKIP","floor":36},{"not_picked":["Recycle"],"picked":"Glacier","floor":39},{"not_picked":["Coolheaded","Barrage"],"picked":"SKIP","floor":40},{"not_picked":["Stack+1","Barrage"],"picked":"SKIP","floor":44},{"not_picked":["Barrage","Go for the Eyes"],"picked":"SKIP","floor":45},{"not_picked":["Beam Cell"],"picked":"Consume+1","floor":48}],"player_experience":1030147,"relics_obtained":[{"floor":6,"key":"Question Card"},{"floor":13,"key":"Tiny Chest"},{"floor":24,"key":"Shovel"},{"floor":26,"key":"Cables"},{"floor":27,"key":"Bottled Lightning"},{"floor":29,"key":"Centennial Puzzle"},{"floor":40,"key":"Darkstone Periapt"},{"floor":43,"key":"Art of War"}],"event_choices":[{"damage_healed":0,"gold_gain":0,"player_choice":"Paid Gold","damage_taken":0,"relics_obtained":["War Paint"],"max_hp_gain":0,"max_hp_loss":0,"event_name":"WeMeetAgain","floor":2,"gold_loss":79},{"damage_healed":0,"gold_gain":0,"player_choice":"Leave","damage_taken":0,"max_hp_gain":0,"max_hp_loss":0,"event_name":"The Cleric","floor":4,"gold_loss":0},{"damage_healed":0,"gold_gain":0,"player_choice":"Donut","damage_taken":0,"max_hp_gain":5,"max_hp_loss":0,"event_name":"Big Fish","floor":11,"gold_loss":0},{"damage_healed":0,"gold_gain":0,"player_choice":"Damaged","damage_taken":8,"max_hp_gain":0,"max_hp_loss":0,"event_name":"Wheel of Change","floor":12,"gold_loss":0},{"damage_healed":0,"gold_gain":0,"player_choice":"Ignored","damage_taken":0,"max_hp_gain":0,"max_hp_loss":0,"event_name":"Ghosts","floor":21,"gold_loss":0},{"damage_healed":0,"gold_gain":0,"player_choice":"Opened","damage_taken":0,"relics_obtained":["Frozen Egg 2"],"max_hp_gain":0,"max_hp_loss":0,"event_name":"The Mausoleum","floor":28,"gold_loss":0,"cards_obtained":["Writhe"]},{"damage_healed":0,"gold_gain":0,"player_choice":"Ignored","damage_taken":0,"max_hp_gain":0,"max_hp_loss":0,"event_name":"Tomb of Lord Red Mask","floor":37,"gold_loss":0},{"damage_healed":0,"gold_gain":0,"player_choice":"Got Potions","damage_taken":0,"max_hp_gain":0,"max_hp_loss":0,"event_name":"Lab","floor":47,"gold_loss":0}],"is_beta":true,"boss_relics":[{"not_picked":["FrozenCore","Orrery"],"picked":"Busted Crown"},{"not_picked":["Runic Dome","Velvet Choker"],"picked":"Tiny House"}],"items_purged_floors":[19,53],"is_endless":false,"potions_floor_spawned":[7,8,13,14,20,22,24,25,40,44],"killed_by":"Shield and Spear","ascension_level":0}