{"gold_per_floor":[113,132,132,207,43,71,246,276,276,276,292,319,319,330,330,427,427,440,457,457,14,14,41,41,58,58,83,83,108,47,74,74,172,172,184,459,472,485,33,66,66,76,76,76,76,111,29,55,55,55,55,55,13,46,46],"floor_reached":55,"playtime":3244,"items_purged":["Doubt","Strike_G"],"score":1173,"play_id":"abfcfcf0-cb55-4b6e-a5f4-8bc5797a3517","local_time":"20190406202949","is_ascension_mode":true,"campfire_choices":[{"data":"Apotheosis","floor":10,"key":"SMITH"},{"data":"Neutralize","floor":13,"key":"SMITH"},{"data":"Corpse Explosion","floor":15,"key":"SMITH"},{"data":"Envenom","floor":28,"key":"SMITH"},{"data":"After Image","floor":32,"key":"SMITH"},{"floor":45,"key":"RECALL"},{"data":"Infinite Blades","floor":49,"key":"SMITH"},{"data":"Footwork","floor":52,"key":"SMITH"}],"neow_cost":"NONE","seed_source_timestamp":2249918470404616,"circlet_count":0,"master_deck":["Defend_G+1","Defend_G","Defend_G","Defend_G","Defend_G","Strike_G","Strike_G","Strike_G","Strike_G","Survivor","Neutralize+1","Dagger Throw","Noxious Fumes+1","Apotheosis+1","Backflip","Dagger Spray","Escape Plan","Corpse Explosion+1","Blur","Envenom+1","PiercingWail+1","Dodge and Roll","Well Laid Plans","Footwork","Well Laid Plans","Backflip","Crippling Poison","Deadly Poison","Shame","Sucker Punch","Caltrops","Dodge and Roll+1","Deflect","After Image+1","PiercingWail","Burst","Blur","Regret","Footwork+1","Blur","Infinite Blades+1","Deflect","Riddle With Holes","Bane","Parasite","Decay","Deflect+1","Poisoned Stab+1","Prepared","Terror+1"],"relics":["Ring of the Snake","NeowsBlessing","The Courier","Du-Vu Doll","Mummified Hand","Bag of Preparation","Runic Dome","PreservedInsect","Blood Vial","Happy Flower","Snake Skull","Vajra","Orichalcum","Lantern","Cursed Key","Blue Candle","Ornamental Fan","Mango","War Paint","FossilizedHelix","Bottled Flame"],"potions_floor_usage":[12,23,27,46,47,50,50,55,55,55],"damage_taken":[{"damage":0,"enemies":"Small Slimes","floor":1,"turns":1},{"damage":0,"enemies":"2 Louse","floor":2,"turns":1},{"damage":0,"enemies":"3 Sentries","floor":6,"turns":1},{"damage":0,"enemies":"Lagavulin","floor":8,"turns":7},{"damage":0,"enemies":"Cultist","floor":11,"turns":2},{"damage":9,"enemies":"Gremlin Nob","floor":12,"turns":4},{"damage":0,"enemies":"2 Fungi Beasts","floor":14,"turns":2},{"damage":13,"enemies":"The Guardian","floor":16,"turns":9},{"damage":5,"enemies":"3 Byrds","floor":18,"turns":3},{"damage":0,"enemies":"Chosen","floor":19,"turns":4},{"damage":4,"enemies":"Gremlin Leader","floor":23,"turns":6},{"damage":0,"enemies":"Snake Plant","floor":25,"turns":3},{"damage":1,"enemies":"Slavers","floor":27,"turns":4},{"damage":0,"enemies":"Book of Stabbing","floor":29,"turns":4},{"damage":5,"enemies":"Gremlin Leader","floor":31,"turns":4},{"damage":0,"enemies":"Champ","floor":33,"turns":9},{"damage":0,"enemies":"Orb Walker","floor":35,"turns":3},{"damage":0,"enemies":"3 Shapes","floor":37,"turns":3},{"damage":1,"enemies":"Jaw Worm Horde","floor":38,"turns":3},{"damage":2,"enemies":"Giant Head","floor":40,"turns":8},{"damage":4,"enemies":"Sphere and 2 Shapes","floor":42,"turns":5},{"damage":8,"enemies":"Reptomancer","floor":46,"turns":8},{"damage":2,"enemies":"Giant Head","floor":48,"turns":7},{"damage":15,"enemies":"Donu and Deca","floor":50,"turns":6},{"damage":1,"enemies":"Shield and Spear","floor":54,"turns":6},{"damage":116,"enemies":"The Heart","floor":55,"turns":9}],"seed_played":"-5041436452907200471","potions_obtained":[{"floor":2,"key":"Weak Potion"},{"floor":11,"key":"EssenceOfSteel"},{"floor":18,"key":"Dexterity Potion"},{"floor":24,"key":"Block Potion"},{"floor":29,"key":"Swift Potion"}],"is_trial":false,"path_per_floor":["M","M","?","?","$","E","?","E","T","R","M","E","R","M","R","B",null,"M","M","?","$","?","E","?","M","T","E","R","E","$","E","R","B",null,"M","?","M","M","$","E","?","M","T","T","R","E","$","E","R","B",null,"R","$","E","B"],"character_chosen":"THE_SILENT","items_purchased":["Apotheosis","Well Laid Plans","Footwork","Well Laid Plans","Backflip","Crippling Poison","Deadly Poison","GhostInAJar","After Image","Blue Candle","Infinite Blades","Deflect","EntropicBrew","Fruit Juice","Prepared"],"campfire_rested":0,"item_purchase_floors":[5,21,21,21,21,21,21,21,30,39,39,39,39,47,53],"current_hp_per_floor":[70,70,70,59,59,59,59,59,59,59,59,50,50,50,50,37,70,65,65,65,65,65,63,63,65,65,66,66,68,68,65,65,67,70,70,70,70,69,69,68,70,66,66,80,80,74,79,79,79,66,89,89,89,88,0],"gold":46,"neow_bonus":"THREE_ENEMY_KILL","is_prod":false,"is_daily":false,"chose_seed":false,"campfire_upgraded":7,"win_rate":0,"timestamp":1554596989,"path_taken":["M","M","?","?","$","E","?","E","T","R","M","E","R","M","R","BOSS","M","M","?","$","?","E","?","?","T","E","R","E","$","E","R","BOSS","M","?","?","?","$","E","?","?","T","?","R","E","?","E","R","BOSS","R","$","E","BOSS"],"build_version":"2019-04-04","purchased_purges":2,"victory":false,"max_hp_per_floor":[70,70,70,70,70,70,70,70,70,70,70,70,70,70,70,70,70,70,70,70,70,70,70,70,70,70,70,70,70,70,70,70,70,70,70,70,70,70,70,70,70,70,70,84,84,84,89,89,89,89,89,89,89,89,89],"card_choices":[{"not_picked":["Bane","Deflect"],"picked":"Dagger Throw","floor":1},{"not_picked":["Blur","Quick Slash"],"picked":"Noxious Fumes","floor":2},{"not_picked":["Tactician","Prepared"],"picked":"Backflip","floor":6},{"not_picked":["Prepared","Expertise"],"picked":"Dagger Spray","floor":8},{"not_picked":["PiercingWail","Deflect"],"picked":"Escape Plan","floor":11},{"not_picked":["Backflip","Eviscerate"],"picked":"Corpse Explosion","floor":12},{"not_picked":["Sucker Punch","Quick Slash"],"picked":"Blur","floor":14},{"not_picked":["Venomology","Grand Finale"],"picked":"Envenom","floor":16},{"not_picked":["Backflip","Sucker Punch"],"picked":"PiercingWail+1","floor":18},{"not_picked":["Dagger Spray","Expertise"],"picked":"Dodge and Roll","floor":19},{"not_picked":["Deadly Poison","Blade Dance"],"picked":"Sucker Punch","floor":23},{"not_picked":["Dagger Throw","Poisoned Stab"],"picked":"Caltrops","floor":25},{"not_picked":["Finisher+1","Bane"],"picked":"Dodge and Roll","floor":27},{"not_picked":["Concentrate","PiercingWail"],"picked":"Deflect","floor":29},{"not_picked":["Poisoned Stab","Reflex"],"picked":"PiercingWail","floor":31},{"not_picked":["Storm of Steel","Wraith Form v2"],"picked":"Burst","floor":33},{"not_picked":["Dagger Spray","Prepared"],"picked":"Blur","floor":35},{"not_picked":["Choke","Blade Dance"],"picked":"Footwork","floor":37},{"not_picked":["Flying Knee+1","Underhanded Strike+1"],"picked":"Blur","floor":38},{"not_picked":["Dagger Throw","Well Laid Plans+1"],"picked":"Riddle With Holes","floor":40},{"not_picked":["Quick Slash","Poisoned Stab+1"],"picked":"Bane","floor":42},{"not_picked":["Envenom","PiercingWail+1"],"picked":"Deflect+1","floor":46},{"not_picked":["Blade Dance","Underhanded Strike+1"],"picked":"Poisoned Stab+1","floor":48},{"not_picked":["Slice+1","Skewer"],"picked":"Terror+1","floor":54}],"player_experience":5182715,"relics_obtained":[{"floor":6,"key":"The Courier"},{"floor":8,"key":"Du-Vu Doll"},{"floor":9,"key":"Mummified Hand"},{"floor":12,"key":"Bag of Preparation"},{"floor":23,"key":"Happy Flower"},{"floor":26,"key":"Snake Skull"},{"floor":27,"key":"Vajra"},{"floor":29,"key":"Orichalcum"},{"floor":31,"key":"Lantern"},{"floor":40,"key":"Ornamental Fan"},{"floor":44,"key":"Mango"},{"floor":46,"key":"War Paint"},{"floor":48,"key":"FossilizedHelix"},{"floor":54,"key":"Bottled Flame"}],"event_choices":[{"damage_healed":0,"gold_gain":0,"player_choice":"Grow","damage_taken":0,"max_hp_gain":0,"max_hp_loss":0,"event_name":"Living Wall","floor":3,"gold_loss":0,"cards_upgraded":["Noxious Fumes"]},{"damage_healed":0,"gold_gain":75,"player_choice":"Gather Gold","damage_taken":11,"max_hp_gain":0,"max_hp_loss":0,"event_name":"World of Goop","floor":4,"gold_loss":0},{"damage_healed":0,"gold_gain":175,"player_choice":"AGREE","damage_taken":0,"max_hp_gain":0,"max_hp_loss":0,"event_name":"Liars Game","floor":7,"gold_loss":0,"cards_obtained":["Doubt"]},{"damage_healed":0,"gold_gain":0,"player_choice":"Opened","damage_taken":0,"relics_obtained":["PreservedInsect"],"max_hp_gain":0,"max_hp_loss":0,"event_name":"The Mausoleum","floor":20,"gold_loss":0},{"damage_healed":0,"gold_gain":0,"player_choice":"Stole Relic","damage_taken":0,"relics_obtained":["Blood Vial"],"max_hp_gain":0,"max_hp_loss":0,"event_name":"Addict","floor":22,"gold_loss":0,"cards_obtained":["Shame"]},{"damage_healed":0,"gold_gain":0,"player_choice":"Got Potions","damage_taken":0,"max_hp_gain":0,"max_hp_loss":0,"event_name":"Lab","floor":24,"gold_loss":0},{"damage_healed":0,"gold_gain":275,"player_choice":"Desecrate","damage_taken":0,"max_hp_gain":0,"max_hp_loss":0,"event_name":"Golden Shrine","floor":36,"gold_loss":0,"cards_obtained":["Regret"]},{"damage_healed":2,"gold_gain":0,"player_choice":"Full Heal","damage_taken":0,"max_hp_gain":0,"max_hp_loss":0,"event_name":"Wheel of Change","floor":41,"gold_loss":0}],"is_beta":true,"boss_relics":[{"not_picked":["Ectoplasm","Philosopher\u0027s Stone"],"picked":"Runic Dome"},{"not_picked":["Eternal Feather","Lizard Tail"],"picked":"Cursed Key"}],"items_purged_floors":[21,39],"is_endless":false,"potions_floor_spawned":[2,11,18,25,29,31,38,42],"killed_by":"The Heart","ascension_level":1}