{"gold_per_floor":[109,184,184,6,6,47,61,86,158,158],"floor_reached":10,"playtime":323,"items_purged":["Injury"],"score":76,"play_id":"743b62e9-6137-4114-a857-07823fe0acff","local_time":"20190515142336","is_ascension_mode":true,"campfire_choices":[],"neow_cost":"NONE","seed_source_timestamp":425930837395300,"circlet_count":0,"master_deck":["Strike_B","Strike_B","Strike_B","Strike_B","Defend_B","Defend_B","Defend_B","Defend_B","Zap","Dualcast","Echo Form","Defragment","Gash","Steam","FTL","Ball Lightning","Cold Snap"],"relics":["Cracked Core","Golden Idol","Centennial Puzzle","Pear"],"potions_floor_usage":[6],"damage_taken":[{"damage":6,"enemies":"2 Louse","floor":1,"turns":3},{"damage":44,"enemies":"3 Sentries","floor":6,"turns":9},{"damage":7,"enemies":"Jaw Worm","floor":7,"turns":2},{"damage":11,"enemies":"Small Slimes","floor":8,"turns":3},{"damage":24,"enemies":"Lagavulin","floor":10,"turns":3}],"seed_played":"-6776053862613582230","potions_obtained":[{"floor":1,"key":"Regen Potion"},{"floor":7,"key":"GamblersBrew"}],"is_trial":false,"path_per_floor":["M","?","?","$","?","E","M","M","T","E"],"character_chosen":"DEFECT","items_purchased":["Gash","Steam"],"campfire_rested":0,"item_purchase_floors":[4,4],"current_hp_per_floor":[69,58,58,58,58,29,22,11,21,0],"gold":158,"neow_bonus":"ONE_RANDOM_RARE_CARD","is_prod":false,"is_daily":false,"chose_seed":false,"campfire_upgraded":0,"win_rate":0,"timestamp":1557944616,"path_taken":["M","?","?","$","?","E","M","M","T","E"],"build_version":"2019-01-23","purchased_purges":1,"victory":false,"max_hp_per_floor":[75,75,75,75,75,75,75,75,85,85],"card_choices":[{"not_picked":["Go for the Eyes","Ball Lightning"],"picked":"Defragment","floor":1},{"not_picked":["Reprogram","Blizzard"],"picked":"FTL","floor":6},{"not_picked":["Sweeping Beam","Go for the Eyes"],"picked":"Ball Lightning","floor":7},{"not_picked":["Redo","Compile Driver"],"picked":"Cold Snap","floor":8}],"player_experience":180530,"relics_obtained":[{"floor":6,"key":"Centennial Puzzle"},{"floor":9,"key":"Pear"}],"event_choices":[{"damage_healed":0,"gold_gain":75,"player_choice":"Gather Gold","damage_taken":11,"max_hp_gain":0,"max_hp_loss":0,"event_name":"World of Goop","floor":2,"gold_loss":0},{"damage_healed":0,"gold_gain":0,"player_choice":"Take Wound","damage_taken":0,"relics_obtained":["Golden Idol"],"max_hp_gain":0,"max_hp_loss":0,"event_name":"Golden Idol","floor":3,"gold_loss":0,"cards_obtained":["Injury"]},{"damage_healed":0,"gold_gain":0,"player_choice":"Ignored","damage_taken":0,"max_hp_gain":0,"max_hp_loss":0,"event_name":"Golden Wing","floor":5,"gold_loss":0}],"is_beta":false,"boss_relics":[],"items_purged_floors":[4],"is_endless":false,"potions_floor_spawned":[1,7],"killed_by":"Lagavulin","ascension_level":3}