{"gold_per_floor":[119,119,137,237,46,46,59,73,125,141,153,122,192,204,204,204],"floor_reached":16,"playtime":868,"items_purged":[],"score":94,"play_id":"4df4baa5-8be5-4051-8207-a2b253af1745","local_time":"20190328074507","is_ascension_mode":false,"campfire_choices":[{"data":"Echo Form","floor":6,"key":"SMITH"},{"floor":15,"key":"REST"}],"neow_cost":"NONE","seed_source_timestamp":424653457831600,"circlet_count":0,"master_deck":["Strike_B","Strike_B","Strike_B","Defend_B","Defend_B","Defend_B","Defend_B","Zap","Dualcast","Echo Form+1","Undo","Steam Power","Consume","Capacitor","White Noise","Stack","Redo","Hologram","Steam Power","White Noise","Leap"],"relics":["Cracked Core","Oddly Smooth Stone","Sundial"],"potions_floor_usage":[8,16],"damage_taken":[{"damage":17,"enemies":"Small Slimes","floor":1,"turns":3},{"damage":0,"enemies":"Cultist","floor":3,"turns":4},{"damage":12,"enemies":"Jaw Worm","floor":7,"turns":6},{"damage":14,"enemies":"Exordium Wildlife","floor":8,"turns":5},{"damage":19,"enemies":"Lots of Slimes","floor":10,"turns":5},{"damage":0,"enemies":"Large Slime","floor":11,"turns":7},{"damage":11,"enemies":"Blue Slaver","floor":14,"turns":5},{"damage":49,"enemies":"Slime Boss","floor":16,"turns":8}],"seed_played":"9073814087422061218","potions_obtained":[{"floor":3,"key":"Block Potion"},{"floor":10,"key":"SteroidPotion"},{"floor":11,"key":"Weak Potion"},{"floor":14,"key":"Regen Potion"}],"is_trial":false,"path_per_floor":["M","?","M","?","$","R","M","M","T","M","M","?","T","M","R","B"],"character_chosen":"DEFECT","items_purchased":["Capacitor","White Noise","Stack"],"campfire_rested":1,"item_purchase_floors":[5,5,5],"current_hp_per_floor":[58,58,58,58,58,58,46,32,32,13,13,13,13,2,24,0],"gold":204,"neow_bonus":"ONE_RANDOM_RARE_CARD","is_prod":false,"is_daily":false,"chose_seed":false,"campfire_upgraded":1,"win_rate":0.0,"timestamp":1553773507,"path_taken":["M","?","M","?","$","R","M","M","T","?","M","?","?","M","R","BOSS"],"build_version":"2019-01-23","purchased_purges":0,"victory":false,"max_hp_per_floor":[75,75,75,75,75,75,75,75,75,75,75,75,75,75,75,75],"card_choices":[{"not_picked":["Ball Lightning","Sweeping Beam"],"picked":"Undo","floor":1},{"not_picked":["Blizzard","Barrage"],"picked":"Consume","floor":3},{"not_picked":["Hologram","Storm"],"picked":"Redo","floor":7},{"not_picked":["Lockon","Leap"],"picked":"Hologram","floor":8},{"not_picked":["Hologram","Steam"],"picked":"Steam Power","floor":10},{"not_picked":["Streamline","Undo"],"picked":"White Noise","floor":11},{"not_picked":["Creative AI","Redo"],"picked":"Leap","floor":14}],"player_experience":16098,"relics_obtained":[{"floor":9,"key":"Oddly Smooth Stone"},{"floor":13,"key":"Sundial"}],"event_choices":[{"damage_healed":0,"gold_gain":0,"cards_transformed":["Strike_B"],"player_choice":"Change","damage_taken":0,"max_hp_gain":0,"max_hp_loss":0,"event_name":"Living Wall","floor":2,"gold_loss":0,"cards_obtained":["Steam Power"]},{"damage_healed":0,"gold_gain":100,"player_choice":"Pray","damage_taken":0,"max_hp_gain":0,"max_hp_loss":0,"event_name":"Golden Shrine","floor":4,"gold_loss":0},{"damage_healed":0,"gold_gain":0,"player_choice":"Left Gold","damage_taken":0,"max_hp_gain":0,"max_hp_loss":0,"event_name":"World of Goop","floor":12,"gold_loss":31}],"is_beta":false,"boss_relics":[],"items_purged_floors":[],"is_endless":false,"potions_floor_spawned":[3,10,11,14],"killed_by":"Slime Boss","ascension_level":0}