{"gold_per_floor":[116,134,134,145,115,147,147,167,167,200,200,200,200,220,220,319,319,333,333,333,347,24,51,51,84,108,108,123,149,163,176,176,271,271,287,287,304,304,304,304,304,332,382,401,10,40,58,76,76,76,76,76,27,61,61],"floor_reached":56,"playtime":4138,"items_purged":["Pain","Pain"],"score":1378,"play_id":"cbc6d129-68c3-444e-b21c-47a1933a0449","local_time":"20190428155639","is_ascension_mode":true,"campfire_choices":[{"floor":7,"key":"REST"},{"data":"Noxious Fumes","floor":11,"key":"SMITH"},{"floor":15,"key":"REST"},{"data":"Wraith Form v2","floor":24,"key":"SMITH"},{"floor":27,"key":"REST"},{"data":"Catalyst","floor":32,"key":"SMITH"},{"floor":40,"key":"RECALL"},{"data":"Infinite Blades","floor":49,"key":"SMITH"},{"data":"Noxious Fumes","floor":52,"key":"SMITH"}],"neow_cost":"NONE","seed_source_timestamp":4133413395734778,"circlet_count":0,"master_deck":["Defend_G+1","Defend_G","Defend_G","Defend_G","Strike_G","Strike_G","Strike_G","Strike_G","Strike_G","Survivor","Neutralize+1","Noxious Fumes+1","Catalyst+1","PiercingWail+1","Dash","Leg Sweep","Distraction","Decay","Catalyst+1","Wraith Form v2+1","Corpse Explosion","Noxious Fumes+1","Endless Agony","Infinite Blades+1","Shame","Expertise+1","PiercingWail","Distraction+1","Backstab","Tools of the Trade","Backflip","Footwork+1","Leg Sweep+1","Clumsy","Distraction","Infinite Blades+1","Dash+1","Backflip+1"],"relics":["Ring of the Snake","WarpedTongs","Tingsha","Ice Cream","Dead Branch","Cursed Key","Lantern","Mercury Hourglass","Blood Vial","HoveringKite","Molten Egg 2","Juzu Bracelet","War Paint","FossilizedHelix","Pen Nib","Vajra"],"potions_floor_usage":[6,10,10,16,16,16,21,33,50,54,55,55,55],"damage_taken":[{"damage":0,"enemies":"Cultist","floor":1,"turns":3},{"damage":0,"enemies":"2 Louse","floor":2,"turns":3},{"damage":4,"enemies":"Small Slimes","floor":4,"turns":4},{"damage":5,"enemies":"Looter","floor":5,"turns":4},{"damage":21,"enemies":"3 Sentries","floor":6,"turns":10},{"damage":3,"enemies":"Large Slime","floor":8,"turns":6},{"damage":23,"enemies":"Gremlin Nob","floor":10,"turns":5},{"damage":7,"enemies":"Exordium Thugs","floor":14,"turns":6},{"damage":28,"enemies":"Slime Boss","floor":16,"turns":8},{"damage":9,"enemies":"Chosen","floor":18,"turns":6},{"damage":0,"enemies":"Spheric Guardian","floor":21,"turns":5},{"damage":20,"enemies":"Slavers","floor":23,"turns":3},{"damage":6,"enemies":"Book of Stabbing","floor":25,"turns":6},{"damage":0,"enemies":"Cultist and Chosen","floor":28,"turns":3},{"damage":8,"enemies":"Slavers","floor":29,"turns":3},{"damage":1,"enemies":"Centurion and Healer","floor":30,"turns":5},{"damage":4,"enemies":"Snake Plant","floor":31,"turns":4},{"damage":0,"enemies":"Collector","floor":33,"turns":6},{"damage":0,"enemies":"3 Darklings","floor":35,"turns":1},{"damage":0,"enemies":"3 Shapes","floor":37,"turns":3},{"damage":2,"enemies":"Giant Head","floor":42,"turns":6},{"damage":0,"enemies":"Sphere and 2 Shapes","floor":44,"turns":4},{"damage":11,"enemies":"Nemesis","floor":46,"turns":7},{"damage":0,"enemies":"Writhing Mass","floor":47,"turns":3},{"damage":0,"enemies":"Transient","floor":48,"turns":5},{"damage":29,"enemies":"Donu and Deca","floor":50,"turns":8},{"damage":6,"enemies":"Shield and Spear","floor":54,"turns":5},{"damage":4,"enemies":"The Heart","floor":55,"turns":10}],"seed_played":"1085658954854948418","potions_obtained":[{"floor":2,"key":"Block Potion"},{"floor":8,"key":"Swift Potion"},{"floor":10,"key":"SkillPotion"},{"floor":14,"key":"Poison Potion"},{"floor":16,"key":"Ancient Potion"},{"floor":25,"key":"GamblersBrew"},{"floor":30,"key":"Swift Potion"},{"floor":35,"key":"Explosive Potion"},{"floor":48,"key":"SkillPotion"}],"is_trial":false,"path_per_floor":["M","M","?","M","M","E","R","M","T","E","R","?","?","M","R","B",null,"M","?","?","M","$","E","R","E","T","R","M","E","M","M","R","B",null,"M","?","M","?","T","R","?","E","T","M","$","E","M","M","R","B",null,"R","$","E","B",null],"character_chosen":"THE_SILENT","items_purchased":["Corpse Explosion","Noxious Fumes","EntropicBrew","FossilizedHelix","AttackPotion"],"campfire_rested":3,"item_purchase_floors":[22,22,22,45,53],"current_hp_per_floor":[70,70,70,66,61,40,61,58,58,35,35,21,21,14,35,7,70,61,48,85,85,85,65,65,59,59,84,84,76,77,75,75,77,85,85,85,85,85,85,85,81,79,79,81,81,70,72,74,74,47,81,81,81,75,73],"gold":61,"neow_bonus":"UPGRADE_CARD","is_prod":false,"is_daily":false,"chose_seed":false,"campfire_upgraded":5,"win_rate":0,"timestamp":1556481399,"path_taken":["M","M","?","M","?","E","R","M","T","E","R","?","?","?","R","BOSS","M","?","?","?","?","E","R","E","T","R","M","E","?","M","R","BOSS","M","?","M","?","?","R","?","E","T","M","$","E","M","M","R","BOSS","R","$","E","BOSS"],"build_version":"2019-04-23","purchased_purges":2,"victory":true,"max_hp_per_floor":[70,70,70,70,70,70,70,70,70,70,70,70,70,70,70,70,70,70,75,85,85,85,85,85,85,85,85,85,85,85,85,85,85,85,85,85,85,85,85,85,81,81,81,81,81,81,81,81,81,81,81,81,81,81,81],"card_choices":[{"not_picked":["Underhanded Strike","Quick Slash"],"picked":"Noxious Fumes","floor":1},{"not_picked":["Heel Hook","All Out Attack"],"picked":"Catalyst","floor":2},{"not_picked":["Blade Dance","Bane"],"picked":"PiercingWail","floor":4},{"not_picked":["Cloak And Dagger","Catalyst"],"picked":"Dash","floor":5},{"not_picked":["Slice","Dash"],"picked":"Leg Sweep","floor":6},{"not_picked":["Acrobatics","Slice"],"picked":"Venomology","floor":8},{"not_picked":["Underhanded Strike","Bullet Time"],"picked":"Distraction","floor":10},{"not_picked":["PiercingWail","All Out Attack"],"picked":"Catalyst","floor":14},{"not_picked":["Glass Knife","A Thousand Cuts"],"picked":"Wraith Form v2","floor":16},{"not_picked":["Dagger Spray","Calculated Gamble+1","Slice"],"picked":"SKIP","floor":18},{"not_picked":["Setup","Outmaneuver+1","Dodge and Roll"],"picked":"SKIP","floor":21},{"not_picked":["PiercingWail","Dagger Spray"],"picked":"Endless Agony","floor":23},{"not_picked":["Crippling Poison","Caltrops"],"picked":"Infinite Blades","floor":25},{"not_picked":["Infinite Blades","Underhanded Strike+1"],"picked":"Expertise+1","floor":28},{"not_picked":["Blade Dance","Slice"],"picked":"PiercingWail","floor":29},{"not_picked":["Glass Knife","Dagger Spray+1"],"picked":"Distraction","floor":30},{"not_picked":["Slice","Masterful Stab"],"picked":"Backstab","floor":31},{"not_picked":["Burst","Unload"],"picked":"Tools of the Trade","floor":33},{"not_picked":["Dodge and Roll+1","Deflect+1"],"picked":"Backflip","floor":35},{"not_picked":["Prepared","Dagger Throw"],"picked":"Footwork+1","floor":37},{"not_picked":["Slice+1","Expertise"],"picked":"Leg Sweep+1","floor":42},{"not_picked":["Caltrops+1","Sucker Punch+1"],"picked":"Distraction","floor":44},{"not_picked":["Acrobatics+1","Predator+1"],"picked":"Infinite Blades+1","floor":46},{"not_picked":["Grand Finale+1","Underhanded Strike+1","Skewer+1"],"picked":"SKIP","floor":47},{"not_picked":["Riddle With Holes+1","Underhanded Strike+1"],"picked":"Dash+1","floor":48},{"not_picked":["Riddle With Holes+1","Dodge and Roll"],"picked":"Backflip+1","floor":54}],"player_experience":5533888,"relics_obtained":[{"floor":6,"key":"Tingsha"},{"floor":9,"key":"Ice Cream"},{"floor":10,"key":"Dead Branch"},{"floor":23,"key":"Lantern"},{"floor":25,"key":"Mercury Hourglass"},{"floor":29,"key":"Blood Vial"},{"floor":39,"key":"Molten Egg 2"},{"floor":42,"key":"Juzu Bracelet"},{"floor":43,"key":"War Paint"},{"floor":46,"key":"Pen Nib"},{"floor":54,"key":"Vajra"}],"event_choices":[{"damage_healed":0,"gold_gain":0,"player_choice":"Rummage","damage_taken":0,"relics_obtained":["WarpedTongs"],"max_hp_gain":0,"max_hp_loss":0,"event_name":"Accursed Blacksmith","floor":3,"gold_loss":0,"cards_obtained":["Pain"]},{"damage_healed":0,"gold_gain":0,"player_choice":"Entered Light","damage_taken":14,"max_hp_gain":0,"max_hp_loss":0,"event_name":"Shining Light","floor":12,"gold_loss":0,"cards_upgraded":["PiercingWail","Defend_G"]},{"damage_healed":0,"gold_gain":0,"player_choice":"Cursed","damage_taken":0,"max_hp_gain":0,"max_hp_loss":0,"event_name":"Wheel of Change","floor":13,"gold_loss":0,"cards_obtained":["Decay"]},{"damage_healed":0,"gold_gain":0,"player_choice":"Shed Blood","damage_taken":18,"max_hp_gain":5,"max_hp_loss":0,"event_name":"Forgotten Altar","floor":19,"gold_loss":0},{"cards_removed":["Venomology"],"damage_healed":27,"gold_gain":0,"player_choice":"Offered Rare","damage_taken":0,"max_hp_gain":10,"max_hp_loss":0,"event_name":"Bonfire Elementals","floor":20,"gold_loss":0},{"damage_healed":0,"gold_gain":0,"player_choice":"Ignored","damage_taken":0,"max_hp_gain":0,"max_hp_loss":0,"event_name":"Tomb of Lord Red Mask","floor":36,"gold_loss":0},{"cards_removed":["Defend_G"],"damage_healed":0,"gold_gain":0,"player_choice":"Removed Skill","damage_taken":0,"max_hp_gain":0,"max_hp_loss":0,"event_name":"Falling","floor":38,"gold_loss":0},{"damage_healed":0,"gold_gain":0,"player_choice":"Max HP","damage_taken":0,"max_hp_gain":0,"max_hp_loss":4,"event_name":"Winding Halls","floor":41,"gold_loss":0}],"is_beta":true,"boss_relics":[{"not_picked":["Orrery","Astrolabe"],"picked":"Cursed Key"},{"not_picked":["Empty Cage","Calling Bell"],"picked":"HoveringKite"}],"items_purged_floors":[22,45],"is_endless":false,"potions_floor_spawned":[2,8,10,14,16,23,25,30,31,35,37,48],"ascension_level":1}