{"gold_per_floor":[215,195,206,206,206,206,239,295,368,383,98,114,12,31,31,129,129,145,245,263,280,300,328,348,377,404,404,333,366,366,396,396,498,498,510,560,578,593,593,593,626,626,626,659,676,710,710,738,738,738,738,738,241,270,270],"floor_reached":56,"playtime":5030,"items_purged":[],"score":1733,"play_id":"e4958a3b-97a2-4408-8fb6-405ba626e455","local_time":"20190221064834","is_ascension_mode":true,"campfire_choices":[{"data":"Zap","floor":6,"key":"SMITH"},{"data":"Fission","floor":15,"key":"SMITH"},{"data":"Buffer","floor":32,"key":"SMITH"},{"floor":40,"key":"RECALL"},{"data":"Consume","floor":47,"key":"SMITH"},{"data":"Capacitor","floor":49,"key":"SMITH"},{"data":"Biased Cognition","floor":52,"key":"SMITH"}],"neow_cost":"NONE","seed_source_timestamp":5767754197298960,"circlet_count":0,"master_deck":["Zap+1","Dualcast+1","Ball Lightning+1","Hologram","Cold Snap","Capacitor+1","Fission+1","Leap","Buffer+1","Cold Snap","Biased Cognition+1","Doom and Gloom","Chill","Recycle","Heatsinks","Hologram","Aggregate","Undo","Chill+1","Reinforced Body+1","Coolheaded","White Noise+1","Steam+1","Sunder","Doom and Gloom+1","Electrodynamics+1","Storm+1","Glacier+1","Auto Shields","FTL","Hello World+1","Tempest+1","Leap","Loop+1","Tempest","Consume+1","Loop+1","Steam","Chill","Dark Shackles","Hello World+1"],"relics":["Cracked Core","Singing Bowl","Turnip","Mercury Hourglass","Membership Card","Happy Flower","Chemical X","Pandora\u0027s Box","Frozen Egg 2","Juzu Bracelet","War Paint","WarpedTongs","Dream Catcher","Blue Candle","Smiling Mask","Orrery","Gremlin Horn","Kunai","PreservedInsect","Dodecahedron","Regal Pillow","Runic Capacitor","Sundial","Bottled Lightning","Centennial Puzzle"],"potions_floor_usage":[14,16,23,25,31,37,50,55,55,55],"damage_taken":[{"damage":3,"enemies":"Small Slimes","floor":1,"turns":3},{"damage":1,"enemies":"Cultist","floor":3,"turns":3},{"damage":25,"enemies":"Lagavulin","floor":7,"turns":8},{"damage":24,"enemies":"Lagavulin Event","floor":8,"turns":4},{"damage":0,"enemies":"2 Louse","floor":10,"turns":2},{"damage":3,"enemies":"Large Slime","floor":12,"turns":3},{"damage":0,"enemies":"3 Louse","floor":14,"turns":3},{"damage":0,"enemies":"Slime Boss","floor":16,"turns":6},{"damage":0,"enemies":"Chosen","floor":18,"turns":4},{"damage":6,"enemies":"Shell Parasite","floor":20,"turns":3},{"damage":3,"enemies":"Snake Plant","floor":21,"turns":4},{"damage":0,"enemies":"Snecko","floor":22,"turns":5},{"damage":0,"enemies":"Gremlin Leader","floor":23,"turns":7},{"damage":8,"enemies":"Cultist and Chosen","floor":24,"turns":5},{"damage":6,"enemies":"Book of Stabbing","floor":25,"turns":6},{"damage":8,"enemies":"Gremlin Leader","floor":29,"turns":5},{"damage":0,"enemies":"Slavers","floor":31,"turns":4},{"damage":0,"enemies":"Automaton","floor":33,"turns":10},{"damage":0,"enemies":"3 Shapes","floor":35,"turns":3},{"damage":0,"enemies":"Orb Walker","floor":37,"turns":3},{"damage":0,"enemies":"3 Darklings","floor":38,"turns":4},{"damage":0,"enemies":"Reptomancer","floor":41,"turns":5},{"damage":0,"enemies":"Giant Head","floor":44,"turns":11},{"damage":3,"enemies":"Writhing Mass","floor":45,"turns":5},{"damage":0,"enemies":"Nemesis","floor":46,"turns":6},{"damage":0,"enemies":"Reptomancer","floor":48,"turns":4},{"damage":21,"enemies":"Awakened One","floor":50,"turns":15},{"damage":28,"enemies":"Shield and Spear","floor":54,"turns":4},{"damage":46,"enemies":"The Heart","floor":55,"turns":12}],"seed_played":"-7499645809495492356","potions_obtained":[{"floor":2,"key":"Energy Potion"},{"floor":3,"key":"GamblersBrew"},{"floor":12,"key":"SkillPotion"},{"floor":14,"key":"SteroidPotion"},{"floor":16,"key":"Regen Potion"},{"floor":18,"key":"SkillPotion"},{"floor":25,"key":"Fire Potion"},{"floor":31,"key":"SteroidPotion"},{"floor":33,"key":"Dexterity Potion"},{"floor":35,"key":"Swift Potion"},{"floor":37,"key":"Block Potion"},{"floor":46,"key":"Regen Potion"}],"is_trial":false,"path_per_floor":["M","?","M","?","?","R","E","?","T","M","$","M","$","M","R","B",null,"M","?","M","M","M","E","M","E","T","?","?","E","?","E","R","B",null,"M","T","M","M","?","R","E","?","T","E","M","E","R","E","R","B",null,"R","$","E","B",null],"character_chosen":"DEFECT","items_purchased":["Membership Card","Happy Flower","Capacitor","Chemical X","Runic Capacitor","Loop+1","Steam","Sundial","Bottled Lightning","SpeedPotion","Chill","Dark Shackles"],"campfire_rested":0,"item_purchase_floors":[11,11,11,13,53,53,53,53,53,53,53,53],"current_hp_per_floor":[72,72,71,76,60,60,35,11,11,13,13,10,10,10,10,10,82,82,82,76,73,73,75,67,76,76,76,76,68,68,68,68,68,86,88,88,90,90,90,90,90,90,90,90,87,87,87,89,89,68,92,92,92,64,33],"gold":270,"neow_bonus":"HUNDRED_GOLD","is_prod":false,"is_daily":false,"chose_seed":false,"campfire_upgraded":6,"win_rate":0,"timestamp":1550749714,"path_taken":["M","?","?","?","?","R","E","?","T","M","$","?","$","M","R","BOSS","M","?","M","M","M","E","?","E","T","?","?","E","?","E","R","BOSS","M","?","M","M","?","R","E","?","T","E","M","E","R","E","R","BOSS","R","$","E","BOSS"],"build_version":"2019-02-06","purchased_purges":0,"victory":true,"max_hp_per_floor":[75,75,75,80,80,80,80,80,80,82,82,82,82,82,82,82,82,82,82,82,82,82,84,84,84,84,84,84,84,84,84,84,84,86,88,88,90,90,90,90,90,90,90,90,90,90,90,92,92,92,92,92,92,92,92],"card_choices":[{"not_picked":["Rebound","Melter"],"picked":"Ball Lightning","floor":1},{"not_picked":["Sweeping Beam","Beam Cell"],"picked":"Go for the Eyes","floor":3},{"not_picked":["Gash","Blizzard"],"picked":"Hologram","floor":7},{"not_picked":["Redo","BootSequence"],"picked":"Cold Snap","floor":8},{"not_picked":["Gash","Heatsinks","Lockon"],"picked":"Singing Bowl","floor":10},{"not_picked":["Stack","Genetic Algorithm"],"picked":"Fission","floor":12},{"not_picked":["Beam Cell","Stack"],"picked":"Leap","floor":14},{"not_picked":["Thunder Strike","Seek"],"picked":"Buffer","floor":16},{"not_picked":["Coolheaded","Heatsinks+1"],"picked":"Undo","floor":18},{"not_picked":["Beam Cell+1","Hello World"],"picked":"Chill+1","floor":20},{"not_picked":["Loop","Ball Lightning"],"picked":"Reinforced Body","floor":21},{"not_picked":["Chill+1","Sweeping Beam"],"picked":"Coolheaded","floor":22},{"not_picked":["Compile Driver","Undo","Gash+1"],"picked":"Singing Bowl","floor":23},{"not_picked":["Scrape","Hologram"],"picked":"White Noise+1","floor":24},{"not_picked":["Leap","Buffer+1"],"picked":"Steam+1","floor":25},{"not_picked":["Compile Driver","Gash"],"picked":"Sunder","floor":29},{"not_picked":["Gash","Scrape+1"],"picked":"Doom and Gloom+1","floor":31},{"not_picked":["Biased Cognition+1","Thunder Strike"],"picked":"Electrodynamics+1","floor":33},{"not_picked":["Auto Shields+1","Compile Driver"],"picked":"Storm+1","floor":34},{"not_picked":["Genetic Algorithm","Ball Lightning+1"],"picked":"Glacier+1","floor":34},{"not_picked":["Hologram","Turbo"],"picked":"Auto Shields","floor":34},{"not_picked":["Blizzard","Leap","Gash+1"],"picked":"Singing Bowl","floor":34},{"not_picked":["Streamline+1","Cold Snap"],"picked":"FTL","floor":34},{"not_picked":["Ball Lightning","Streamline","Gash"],"picked":"Singing Bowl","floor":35},{"not_picked":["Sunder+1","Gash+1","Amplify"],"picked":"Singing Bowl","floor":37},{"not_picked":["Beam Cell+1","Turbo+1"],"picked":"Hello World+1","floor":38},{"not_picked":["Seek","White Noise"],"picked":"Tempest+1","floor":41},{"not_picked":["Stack+1","Beam Cell"],"picked":"Loop+1","floor":44},{"not_picked":["Cold Snap+1","Hologram+1"],"picked":"Tempest","floor":45},{"not_picked":["Ball Lightning","Beam Cell"],"picked":"Consume","floor":46},{"not_picked":["Hyperbeam","Genetic Algorithm+1","Streamline"],"picked":"Singing Bowl","floor":48},{"not_picked":["Barrage+1","Skim+1"],"picked":"Hello World+1","floor":54}],"player_experience":4626455,"relics_obtained":[{"floor":7,"key":"Singing Bowl"},{"floor":8,"key":"Turnip"},{"floor":9,"key":"Mercury Hourglass"},{"floor":23,"key":"Frozen Egg 2"},{"floor":25,"key":"Juzu Bracelet"},{"floor":26,"key":"War Paint"},{"floor":29,"key":"Blue Candle"},{"floor":31,"key":"Smiling Mask"},{"floor":41,"key":"Gremlin Horn"},{"floor":43,"key":"Kunai"},{"floor":44,"key":"PreservedInsect"},{"floor":46,"key":"Dodecahedron"},{"floor":48,"key":"Regal Pillow"},{"floor":54,"key":"Centennial Puzzle"}],"event_choices":[{"damage_healed":0,"gold_gain":0,"player_choice":"Bought 1 Potion","damage_taken":0,"max_hp_gain":0,"max_hp_loss":0,"event_name":"The Woman in Blue","floor":2,"gold_loss":0},{"damage_healed":0,"gold_gain":0,"player_choice":"Donut","damage_taken":0,"max_hp_gain":5,"max_hp_loss":0,"event_name":"Big Fish","floor":4,"gold_loss":0},{"damage_healed":0,"gold_gain":0,"player_choice":"Entered Light","damage_taken":16,"max_hp_gain":0,"max_hp_loss":0,"event_name":"Shining Light","floor":5,"gold_loss":0,"cards_upgraded":["Strike_B","Ball Lightning"]},{"damage_healed":0,"gold_gain":0,"player_choice":"Searched \u00271\u0027 times","damage_taken":0,"max_hp_gain":0,"max_hp_loss":0,"event_name":"Dead Adventurer","floor":8,"gold_loss":0},{"damage_healed":0,"gold_gain":100,"player_choice":"Pray","damage_taken":0,"max_hp_gain":0,"max_hp_loss":0,"event_name":"Golden Shrine","floor":19,"gold_loss":0},{"damage_healed":0,"gold_gain":0,"player_choice":"Rummage","damage_taken":0,"relics_obtained":["WarpedTongs"],"max_hp_gain":0,"max_hp_loss":0,"event_name":"Accursed Blacksmith","floor":27,"gold_loss":0,"cards_obtained":["Pain"]},{"damage_healed":0,"gold_gain":0,"player_choice":"Paid Gold","damage_taken":0,"relics_obtained":["Dream Catcher"],"max_hp_gain":0,"max_hp_loss":0,"event_name":"WeMeetAgain","floor":28,"gold_loss":71},{"cards_removed":["Pain"],"damage_healed":0,"gold_gain":0,"player_choice":"Card Removal","damage_taken":0,"max_hp_gain":0,"max_hp_loss":0,"event_name":"Wheel of Change","floor":30,"gold_loss":0},{"damage_healed":0,"gold_gain":0,"player_choice":"Ignored","damage_taken":0,"max_hp_gain":0,"max_hp_loss":0,"event_name":"Tomb of Lord Red Mask","floor":39,"gold_loss":0},{"damage_healed":0,"gold_gain":0,"cards_transformed":["Go for the Eyes"],"player_choice":"Transformed","damage_taken":0,"max_hp_gain":0,"max_hp_loss":0,"event_name":"Transmorgrifier","floor":42,"gold_loss":0,"cards_obtained":["Leap"]}],"is_beta":true,"boss_relics":[{"not_picked":["Empty Cage","Calling Bell"],"picked":"Pandora\u0027s Box"},{"not_picked":["Snecko Eye","White Beast Statue"],"picked":"Orrery"}],"items_purged_floors":[],"is_endless":false,"potions_floor_spawned":[3,12,14,16,18,20,25,31,33,35,37,44,46,48,54],"ascension_level":1}