{"gold_per_floor":[115,115,131,154,173,173,212,230,303,343,343,343,387,85,85,208,208,231,245,245,260,260,298,298,318,367,367,381,163,186,209,209,337,337,357,1,126,126,147,147,168,168,193,193,193,211,211,252,252,252,252,252,29,68,68],"floor_reached":56,"playtime":3305,"items_purged":["Strike_R","Strike_R","Defend_R","Strike_R"],"score":1242,"play_id":"847be1bd-b9d8-44b3-a5f0-de360915c9f3","local_time":"20190429203532","is_ascension_mode":false,"campfire_choices":[{"data":"Hemokinesis","floor":6,"key":"SMITH"},{"data":"Rage","floor":12,"key":"SMITH"},{"data":"Immolate","floor":15,"key":"SMITH"},{"data":"Madness","floor":24,"key":"SMITH"},{"data":"Flex","floor":32,"key":"SMITH"},{"data":"Burning Pact","floor":40,"key":"SMITH"},{"data":"Double Tap","floor":42,"key":"SMITH"},{"floor":49,"key":"RECALL"},{"data":"Enlightenment","floor":52,"key":"SMITH"}],"neow_cost":"NONE","seed_source_timestamp":117853680354646,"circlet_count":0,"master_deck":["Defend_R","Defend_R","Defend_R","Bash+1","Headbutt","Anger","Hemokinesis+1","Rage+1","Shrug It Off","Burning Pact+1","Immolate+1","Reaper","Sentinel","Madness+1","Fiend Fire","Battle Trance","Feel No Pain","Flex+1","Flame Barrier","Double Tap+1","Burning Pact+1","Sentinel","Armaments+1","Doubt","Enlightenment+1","Dropkick"],"relics":["Burning Blood","Golden Idol","Vajra","Sundial","Incense Burner","Bag of Marbles","Pen Nib","Runic Pyramid","Art of War","Oddly Smooth Stone","Cursed Key","Medical Kit","Thread and Needle","Gambling Chip","Centennial Puzzle"],"potions_floor_usage":[7,13,50,50,54,54,55],"damage_taken":[{"damage":6,"enemies":"Jaw Worm","floor":1,"turns":4},{"damage":1,"enemies":"Cultist","floor":3,"turns":3},{"damage":0,"enemies":"Small Slimes","floor":4,"turns":3},{"damage":11,"enemies":"Exordium Thugs","floor":5,"turns":5},{"damage":21,"enemies":"Lagavulin","floor":7,"turns":5},{"damage":2,"enemies":"2 Fungi Beasts","floor":8,"turns":2},{"damage":18,"enemies":"Gremlin Nob","floor":10,"turns":3},{"damage":16,"enemies":"3 Sentries","floor":13,"turns":7},{"damage":13,"enemies":"Slime Boss","floor":16,"turns":4},{"damage":6,"enemies":"Shell Parasite","floor":18,"turns":3},{"damage":17,"enemies":"2 Thieves","floor":19,"turns":4},{"damage":13,"enemies":"Shelled Parasite and Fungi","floor":21,"turns":5},{"damage":30,"enemies":"Book of Stabbing","floor":23,"turns":4},{"damage":0,"enemies":"Chosen and Byrds","floor":25,"turns":4},{"damage":17,"enemies":"3 Cultists","floor":28,"turns":4},{"damage":0,"enemies":"Snake Plant","floor":30,"turns":2},{"damage":10,"enemies":"Snecko","floor":31,"turns":3},{"damage":31,"enemies":"Champ","floor":33,"turns":8},{"damage":5,"enemies":"3 Darklings","floor":35,"turns":3},{"damage":0,"enemies":"Mind Bloom Boss Battle","floor":37,"turns":3},{"damage":4,"enemies":"3 Shapes","floor":39,"turns":2},{"damage":0,"enemies":"3 Darklings","floor":41,"turns":3},{"damage":4,"enemies":"Sphere and 2 Shapes","floor":46,"turns":4},{"damage":1,"enemies":"Giant Head","floor":48,"turns":5},{"damage":50,"enemies":"Time Eater","floor":50,"turns":9},{"damage":18,"enemies":"Shield and Spear","floor":54,"turns":5},{"damage":60,"enemies":"The Heart","floor":55,"turns":9}],"seed_played":"-80182190170510671","potions_obtained":[{"floor":1,"key":"Block Potion"},{"floor":5,"key":"LiquidBronze"},{"floor":8,"key":"BloodPotion"},{"floor":10,"key":"EntropicBrew"},{"floor":16,"key":"Weak Potion"},{"floor":18,"key":"FearPotion"},{"floor":54,"key":"Energy Potion"}],"is_trial":false,"path_per_floor":["M","?","M","M","M","R","E","M","T","E","?","R","E","$","R","B",null,"M","M","?","M","?","E","R","M","T","?","M","$","M","M","R","B",null,"M","$","?","?","M","R","M","R","T","?","T","M","?","E","R","B",null,"R","$","E","B",null],"character_chosen":"IRONCLAD","items_purchased":["Immolate","Pen Nib","Feel No Pain","Flex","Medical Kit","Sentinel","Dropkick"],"campfire_rested":0,"item_purchase_floors":[14,14,29,29,36,36,53],"current_hp_per_floor":[80,60,65,71,66,66,51,55,55,43,43,43,41,41,41,34,80,80,79,79,79,79,55,55,80,80,80,69,69,75,80,80,55,80,80,80,80,80,80,80,80,80,80,70,70,72,72,80,80,36,80,80,80,80,37],"gold":68,"neow_bonus":"UPGRADE_CARD","is_prod":false,"is_daily":false,"chose_seed":false,"campfire_upgraded":8,"win_rate":0,"timestamp":1556566532,"path_taken":["M","?","M","M","M","R","E","M","T","E","?","R","E","$","R","BOSS","M","?","?","?","?","E","R","M","T","?","?","$","M","M","R","BOSS","M","$","?","?","M","R","?","R","T","?","?","M","?","E","R","BOSS","R","$","E","BOSS"],"build_version":"2019-04-23","purchased_purges":4,"victory":true,"max_hp_per_floor":[80,80,80,80,80,80,80,80,80,80,80,80,80,80,80,80,80,80,80,80,80,80,80,80,80,80,80,80,80,80,80,80,80,80,80,80,80,80,80,80,80,80,80,80,80,80,80,80,80,80,80,80,80,80,80],"card_choices":[{"not_picked":["Rage","True Grit"],"picked":"Headbutt","floor":1},{"not_picked":["Headbutt","Armaments"],"picked":"Anger","floor":3},{"not_picked":["Sword Boomerang","Body Slam"],"picked":"Hemokinesis","floor":4},{"not_picked":["Infernal Blade","Heavy Blade","Havoc"],"picked":"SKIP","floor":5},{"not_picked":["Evolve","Dark Embrace"],"picked":"Rage","floor":7},{"not_picked":["Blood for Blood","Pommel Strike"],"picked":"Shrug It Off","floor":8},{"not_picked":["Armaments","Flex","Iron Wave"],"picked":"SKIP","floor":10},{"not_picked":["Warcry","Clothesline"],"picked":"Burning Pact","floor":13},{"not_picked":["Fiend Fire","Feed"],"picked":"Reaper","floor":16},{"not_picked":["Clothesline","Heavy Blade","Fire Breathing"],"picked":"SKIP","floor":18},{"not_picked":["Intimidate","Clothesline+1"],"picked":"Sentinel","floor":19},{"not_picked":["Cleave","Warcry"],"picked":"Fiend Fire","floor":21},{"not_picked":["Intimidate","Infernal Blade","Blood for Blood+1"],"picked":"SKIP","floor":23},{"not_picked":["Clothesline","Wild Strike","Body Slam"],"picked":"SKIP","floor":25},{"not_picked":["Sword Boomerang","Anger"],"picked":"Battle Trance","floor":28},{"not_picked":["Clash","Sever Soul+1","Spot Weakness"],"picked":"SKIP","floor":30},{"not_picked":["Perfected Strike","Anger"],"picked":"Flame Barrier","floor":31},{"not_picked":["Exhume","Feed"],"picked":"Double Tap","floor":33},{"not_picked":["Bloodletting","Perfected Strike"],"picked":"Burning Pact+1","floor":35},{"not_picked":["Clash+1","True Grit"],"picked":"Armaments+1","floor":37},{"not_picked":["Headbutt+1","Clash","Wild Strike+1"],"picked":"SKIP","floor":39},{"not_picked":["Berserk","Cleave","Clothesline+1"],"picked":"SKIP","floor":41},{"not_picked":["Panache","Blind"],"picked":"Enlightenment","floor":44},{"not_picked":["True Grit+1","Cleave+1","Burning Pact"],"picked":"SKIP","floor":46},{"not_picked":["Armaments","Shrug It Off","Blood for Blood+1"],"picked":"SKIP","floor":48},{"not_picked":["Anger+1","Fiend Fire","Armaments+1"],"picked":"SKIP","floor":54}],"player_experience":1258784,"relics_obtained":[{"floor":7,"key":"Vajra"},{"floor":9,"key":"Sundial"},{"floor":10,"key":"Incense Burner"},{"floor":13,"key":"Bag of Marbles"},{"floor":23,"key":"Art of War"},{"floor":26,"key":"Oddly Smooth Stone"},{"floor":37,"key":"Thread and Needle"},{"floor":48,"key":"Gambling Chip"},{"floor":54,"key":"Centennial Puzzle"}],"event_choices":[{"damage_healed":0,"gold_gain":0,"player_choice":"Take Damage","damage_taken":20,"relics_obtained":["Golden Idol"],"max_hp_gain":0,"max_hp_loss":0,"event_name":"Golden Idol","floor":2,"gold_loss":0},{"cards_removed":["Strike_R"],"damage_healed":0,"gold_gain":0,"player_choice":"Purged","damage_taken":0,"max_hp_gain":0,"max_hp_loss":0,"event_name":"Purifier","floor":11,"gold_loss":0},{"damage_healed":0,"gold_gain":0,"player_choice":"1 cards matched","damage_taken":0,"max_hp_gain":0,"max_hp_loss":0,"event_name":"Match and Keep!","floor":20,"gold_loss":0,"cards_obtained":["Madness"]},{"cards_removed":["Strike_R"],"damage_healed":0,"gold_gain":0,"player_choice":"Elegance","damage_taken":0,"max_hp_gain":0,"max_hp_loss":0,"event_name":"Back to Basics","floor":22,"gold_loss":0},{"damage_healed":0,"gold_gain":0,"player_choice":"Ignored","damage_taken":0,"max_hp_gain":0,"max_hp_loss":0,"event_name":"Ghosts","floor":27,"gold_loss":0},{"damage_healed":0,"gold_gain":0,"player_choice":"Fight","damage_taken":0,"max_hp_gain":0,"max_hp_loss":0,"event_name":"MindBloom","floor":37,"gold_loss":0},{"damage_healed":0,"gold_gain":0,"player_choice":"0 cards matched","damage_taken":0,"max_hp_gain":0,"max_hp_loss":0,"event_name":"Match and Keep!","floor":38,"gold_loss":0,"cards_obtained":[]},{"damage_healed":0,"gold_gain":0,"player_choice":"Memory 3","damage_taken":10,"max_hp_gain":0,"max_hp_loss":0,"event_name":"SensoryStone","floor":44,"gold_loss":0},{"damage_healed":0,"gold_gain":0,"player_choice":"Ignored","damage_taken":0,"max_hp_gain":0,"max_hp_loss":0,"event_name":"Tomb of Lord Red Mask","floor":47,"gold_loss":0}],"is_beta":true,"boss_relics":[{"not_picked":["Black Blood","Empty Cage"],"picked":"Runic Pyramid"},{"not_picked":["Runic Cube","Eternal Feather"],"picked":"Cursed Key"}],"items_purged_floors":[14,29,36,53],"is_endless":false,"potions_floor_spawned":[1,5,8,10,16,18,21,28,41,46,48,54],"ascension_level":0}