{"gold_per_floor":[214,214,107,124,139,139,168,168,213,225,237,267,40,40,40,141,141,158,170,182,182,48,65,65],"floor_reached":24,"playtime":874,"items_purged":[],"score":196,"play_id":"bc809dfd-1658-45c1-9644-bb6e52eab8ed","local_time":"20190404114718","is_ascension_mode":false,"campfire_choices":[{"data":"Defragment","floor":6,"key":"SMITH"},{"data":"Zap","floor":8,"key":"SMITH"},{"data":"Static Discharge","floor":10,"key":"SMITH"},{"floor":15,"key":"REST"}],"neow_cost":"NONE","seed_source_timestamp":1043979697077500,"circlet_count":0,"master_deck":["Strike_B","Strike_B","Strike_B","Strike_B","Defend_B","Defend_B","Defend_B","Defend_B","Zap+1","Dualcast","Redo","PanicButton","Defragment+1","Rip and Tear","Static Discharge+1","Conserve Battery","Capacitor","Beam Cell","Defragment","Coolheaded","Decay","Electrodynamics","Static Discharge","Recycle","Turbo+1","Skim","Dramatic Entrance","FTL+1"],"relics":["Cracked Core","Smiling Mask","MawBank","FaceOfCleric","Lantern","Snecko Eye"],"potions_floor_usage":[16,16,21,24],"damage_taken":[{"damage":1,"enemies":"Jaw Worm","floor":1,"turns":3},{"damage":1,"enemies":"Cultist","floor":4,"turns":4},{"damage":10,"enemies":"Small Slimes","floor":5,"turns":3},{"damage":24,"enemies":"Lagavulin","floor":7,"turns":5},{"damage":9,"enemies":"Gremlin Gang","floor":12,"turns":3},{"damage":33,"enemies":"Hexaghost","floor":16,"turns":4},{"damage":26,"enemies":"3 Byrds","floor":18,"turns":4},{"damage":9,"enemies":"Chosen","floor":19,"turns":4},{"damage":11,"enemies":"Centurion and Healer","floor":20,"turns":5},{"damage":15,"enemies":"Colosseum Slavers","floor":21,"turns":2},{"damage":17,"enemies":"Sentry and Sphere","floor":23,"turns":3},{"damage":5,"enemies":"3 Cultists","floor":24,"turns":2}],"seed_played":"3655663684020155591","potions_obtained":[{"floor":1,"key":"PowerPotion"},{"floor":4,"key":"Energy Potion"},{"floor":5,"key":"FearPotion"},{"floor":16,"key":"FocusPotion"},{"floor":18,"key":"Weak Potion"}],"is_trial":false,"path_per_floor":["M","?","$","M","M","R","E","R","T","R","?","M","$","?","R","B",null,"M","M","M","?","$","M","M"],"character_chosen":"DEFECT","items_purchased":["Defragment","Rip and Tear","Lantern","Defragment","Coolheaded","Skim","Dramatic Entrance"],"campfire_rested":1,"item_purchase_floors":[3,3,13,13,13,22,22],"current_hp_per_floor":[74,74,74,73,63,63,39,39,39,39,39,31,31,31,53,21,77,52,44,34,20,20,4,0],"gold":65,"neow_bonus":"HUNDRED_GOLD","is_prod":false,"is_daily":false,"chose_seed":false,"campfire_upgraded":3,"win_rate":0.0,"timestamp":1554392838,"path_taken":["M","?","$","M","?","R","E","R","T","R","?","?","?","?","R","BOSS","M","?","M","?","$","M","M"],"build_version":"2019-01-23","purchased_purges":0,"victory":false,"max_hp_per_floor":[75,75,75,75,75,75,75,75,75,75,75,76,76,76,76,77,77,78,79,80,81,81,82,82],"card_choices":[{"not_picked":["Tempest","Turbo"],"picked":"Redo","floor":1},{"not_picked":["Scrape","Compile Driver"],"picked":"Static Discharge","floor":4},{"not_picked":["Barrage","Loop"],"picked":"Conserve Battery","floor":5},{"not_picked":["Compile Driver","Chaos"],"picked":"Capacitor","floor":7},{"not_picked":["Sweeping Beam","Electrodynamics"],"picked":"Beam Cell","floor":12},{"not_picked":["Multi-Cast","Hyperbeam"],"picked":"Electrodynamics","floor":16},{"not_picked":["Rebound","Gash"],"picked":"Static Discharge","floor":18},{"not_picked":["Compile Driver","Barrage"],"picked":"Recycle","floor":19},{"not_picked":["Chill+1","Undo+1"],"picked":"Turbo+1","floor":20},{"not_picked":["Reprogram+1","Ball Lightning+1"],"picked":"FTL+1","floor":23}],"player_experience":71059,"relics_obtained":[{"floor":7,"key":"Smiling Mask"},{"floor":9,"key":"MawBank"}],"event_choices":[{"damage_healed":0,"gold_gain":0,"player_choice":"1 cards matched","damage_taken":0,"max_hp_gain":0,"max_hp_loss":0,"event_name":"Match and Keep!","floor":2,"gold_loss":0,"cards_obtained":["PanicButton"]},{"damage_healed":0,"gold_gain":0,"player_choice":"Trade","damage_taken":0,"relics_obtained":["FaceOfCleric"],"max_hp_gain":0,"max_hp_loss":0,"event_name":"FaceTrader","floor":11,"gold_loss":0},{"damage_healed":0,"gold_gain":0,"player_choice":"Cursed","damage_taken":0,"max_hp_gain":0,"max_hp_loss":0,"event_name":"Wheel of Change","floor":14,"gold_loss":0,"cards_obtained":["Decay"]},{"damage_healed":0,"gold_gain":0,"player_choice":"Fight","damage_taken":0,"max_hp_gain":0,"max_hp_loss":0,"event_name":"Colosseum","floor":21,"gold_loss":0},{"damage_healed":0,"gold_gain":0,"player_choice":"Fled From Nobs","damage_taken":0,"max_hp_gain":0,"max_hp_loss":0,"event_name":"Colosseum","floor":21,"gold_loss":0}],"is_beta":false,"boss_relics":[{"not_picked":["Nuclear Battery","Inserter"],"picked":"Snecko Eye"}],"items_purged_floors":[],"is_endless":false,"potions_floor_spawned":[1,4,5,16,18,20,21],"killed_by":"3 Cultists","ascension_level":0}