{"gold_per_floor":[109,109,120,150,17,17,42,54,105,125,152,152,77,105,105,176,176,192,210,210,210,210,210,210,210,235,269,288,288,288,56,56,56],"floor_reached":33,"playtime":1480,"items_purged":["Strike_G","Defend_G"],"score":567,"play_id":"95e0a1ba-2cc0-460b-8392-ae169a701645","local_time":"20190504103512","is_ascension_mode":true,"campfire_choices":[{"floor":6,"key":"REST"},{"floor":12,"key":"REST"},{"data":"Neutralize","floor":15,"key":"SMITH"},{"data":"Crippling Poison","floor":23,"key":"SMITH"},{"data":"Predator","floor":25,"key":"SMITH"},{"data":"Deadly Poison","floor":29,"key":"SMITH"},{"data":"Good Instincts","floor":32,"key":"SMITH"}],"neow_cost":"NONE","seed_source_timestamp":515686301788810,"circlet_count":0,"master_deck":["AscendersBane","Defend_G","Defend_G","Defend_G","Defend_G","Survivor","Neutralize+1","Poisoned Stab","Predator+1","Backstab","PiercingWail","Backstab","Adrenaline","Crippling Poison+1","Deflect+1","Bite","Bite","Bite","Bite","Bite","Cloak And Dagger+1","Deadly Poison+1","Good Instincts+1","Dagger Throw"],"relics":["Ring of the Snake","Tiny Chest","Bronze Scales","Omamori","StoneCalendar","Runic Pyramid","Blue Candle","Art of War","Ancient Tea Set","Bottled Lightning"],"potions_floor_usage":[7,14,16,21,28],"damage_taken":[{"damage":4,"enemies":"Jaw Worm","floor":1,"turns":6},{"damage":3,"enemies":"Small Slimes","floor":3,"turns":4},{"damage":14,"enemies":"3 Sentries","floor":7,"turns":9},{"damage":0,"enemies":"2 Louse","floor":8,"turns":2},{"damage":8,"enemies":"Large Slime","floor":10,"turns":6},{"damage":24,"enemies":"Lagavulin","floor":14,"turns":5},{"damage":17,"enemies":"Hexaghost","floor":16,"turns":9},{"damage":8,"enemies":"2 Thieves","floor":18,"turns":4},{"damage":0,"enemies":"3 Byrds","floor":19,"turns":3},{"damage":15,"enemies":"Snecko","floor":21,"turns":5},{"damage":21,"enemies":"Book of Stabbing","floor":27,"turns":6},{"damage":0,"enemies":"Shelled Parasite and Fungi","floor":28,"turns":6},{"damage":65,"enemies":"Collector","floor":33,"turns":8}],"seed_played":"-546198893279683139","potions_obtained":[{"floor":8,"key":"SmokeBomb"},{"floor":10,"key":"EssenceOfSteel"},{"floor":14,"key":"AttackPotion"},{"floor":27,"key":"EssenceOfSteel"}],"is_trial":false,"path_per_floor":["M","?","M","?","$","R","E","M","T","M","T","R","$","E","R","B",null,"M","M","?","M","?","R","T","R","T","E","M","R","T","$","R","B"],"character_chosen":"THE_SILENT","items_purchased":["Backstab","Strength Potion","Good Instincts","Dagger Throw"],"campfire_rested":2,"item_purchase_floors":[5,5,31,31],"current_hp_per_floor":[61,54,51,16,16,37,23,25,25,19,19,40,40,18,18,3,55,49,51,51,38,38,38,38,38,38,31,49,49,49,49,49,0],"gold":56,"neow_bonus":"TEN_PERCENT_HP_BONUS","is_prod":false,"is_daily":false,"chose_seed":false,"campfire_upgraded":5,"win_rate":0,"timestamp":1556962512,"path_taken":["M","?","M","?","$","R","E","M","T","M","?","R","$","E","R","BOSS","M","M","?","M","?","R","?","R","T","E","M","R","?","$","R","BOSS"],"build_version":"2019-04-23","purchased_purges":2,"victory":false,"max_hp_per_floor":[72,72,72,72,72,72,72,72,72,72,72,72,72,72,72,72,72,72,72,72,72,72,72,72,72,72,72,72,72,72,72,72,72],"card_choices":[{"not_picked":["Slice","Underhanded Strike"],"picked":"Poisoned Stab","floor":1},{"not_picked":["Deflect","PiercingWail"],"picked":"Predator","floor":3},{"not_picked":["Outmaneuver","Underhanded Strike","Blade Dance"],"picked":"SKIP","floor":7},{"not_picked":["Quick Slash","Backflip"],"picked":"PiercingWail","floor":8},{"not_picked":["Quick Slash","Dagger Throw"],"picked":"Backstab","floor":10},{"not_picked":["Blade Dance","Unload","Dagger Spray"],"picked":"SKIP","floor":14},{"not_picked":["Corpse Explosion","Wraith Form v2"],"picked":"Adrenaline","floor":16},{"not_picked":["Blade Dance","PiercingWail"],"picked":"Crippling Poison","floor":18},{"not_picked":["Slice","Blade Dance"],"picked":"Deflect+1","floor":19},{"not_picked":["PiercingWail","Infinite Blades"],"picked":"Cloak And Dagger+1","floor":27},{"not_picked":["Backstab","Backflip"],"picked":"Deadly Poison","floor":28}],"player_experience":1292166,"relics_obtained":[{"floor":7,"key":"Blood Vial"},{"floor":9,"key":"Bronze Scales"},{"floor":11,"key":"Omamori"},{"floor":14,"key":"StoneCalendar"},{"floor":24,"key":"Blue Candle"},{"floor":26,"key":"Art of War"},{"floor":27,"key":"Ancient Tea Set"},{"floor":30,"key":"Bottled Lightning"}],"event_choices":[{"cards_removed":["Strike_G"],"damage_healed":0,"gold_gain":0,"player_choice":"Card Removal","damage_taken":7,"max_hp_gain":0,"max_hp_loss":0,"event_name":"Golden Wing","floor":2,"gold_loss":0},{"damage_healed":0,"gold_gain":0,"player_choice":"Success","damage_taken":35,"relics_obtained":["Tiny Chest"],"max_hp_gain":0,"max_hp_loss":0,"event_name":"Scrap Ooze","floor":4,"gold_loss":0},{"damage_healed":0,"gold_gain":0,"player_choice":"Smashed Altar","damage_taken":0,"max_hp_gain":0,"max_hp_loss":0,"event_name":"Forgotten Altar","floor":20,"gold_loss":0,"cards_obtained":["Decay"]},{"damage_healed":0,"gold_gain":0,"player_choice":"Became a vampire (Vial)","damage_taken":0,"max_hp_gain":0,"max_hp_loss":0,"event_name":"Vampires","floor":22,"relics_lost":["Blood Vial"],"gold_loss":0,"cards_obtained":["Bite","Bite","Bite","Bite","Bite"]}],"is_beta":true,"boss_relics":[{"not_picked":["WristBlade","Coffee Dripper"],"picked":"Runic Pyramid"}],"items_purged_floors":[13,31],"is_endless":false,"potions_floor_spawned":[8,10,14,27],"killed_by":"Collector","ascension_level":20}