{"gold_per_floor":[212,229,291,366,48,79,79,96,96,126,153,153,186,247,247,344,344,344,299,224,224,224,224,224,224,224,204,204,204,204,204,204,204,204,204,3,3,3,3,3,3,3,3,3,0,0,0,0,0,0,0,0,0,0,0],"floor_reached":55,"playtime":3835,"items_purged":[],"score":944,"play_id":"8724bf00-6470-416d-929f-5976704044b8","local_time":"20190407071458","is_ascension_mode":true,"campfire_choices":[{"data":"Mayhem","floor":7,"key":"SMITH"},{"data":"Zap","floor":12,"key":"SMITH"},{"data":"Coolheaded","floor":15,"key":"SMITH"},{"data":"Loop","floor":24,"key":"SMITH"},{"data":"Coolheaded","floor":28,"key":"SMITH"},{"data":"Electrodynamics","floor":30,"key":"SMITH"},{"data":"Undo","floor":32,"key":"SMITH"},{"floor":46,"key":"RECALL"},{"data":"Apotheosis","floor":49,"key":"SMITH"},{"data":"Writhe","floor":52,"key":"PURGE"}],"neow_cost":"NONE","seed_source_timestamp":2288038374438126,"circlet_count":0,"master_deck":["Strike_B","Strike_B","Strike_B","Defend_B","Defend_B","Defend_B","Defend_B","Zap+1","Dualcast","BootSequence+1","Melter","Mayhem+1","FTL","Rebound","Coolheaded+1","Ball Lightning","Ball Lightning","Electrodynamics+1","Steam Power+1","Undo+1","Loop+1","Hologram+1","Coolheaded+1","Compile Driver+1","Streamline+1","Rainbow","Conserve Battery","Bandage Up","Finesse","Apotheosis+1","Cold Snap+1","Stack","Leap+1","Redo","Leap"],"relics":["Cracked Core","Blood Vial","Peace Pipe","Gambling Chip","Odd Mushroom","Orichalcum","Anchor","Pear","Ectoplasm","Potion Belt","Ancient Tea Set","Letter Opener","Juzu Bracelet","Black Star","OrangePellets","Nunchaku","Oddly Smooth Stone","Smiling Mask","Frozen Egg 2","War Paint","Red Mask","Pocketwatch","Du-Vu Doll","Bag of Preparation","Strawberry"],"potions_floor_usage":[10,11,18,33,33,55,55,55,55,55],"damage_taken":[{"damage":0,"enemies":"Small Slimes","floor":1,"turns":2},{"damage":0,"enemies":"2 Louse","floor":2,"turns":2},{"damage":26,"enemies":"3 Sentries","floor":6,"turns":7},{"damage":0,"enemies":"Jaw Worm","floor":8,"turns":2},{"damage":1,"enemies":"The Mushroom Lair","floor":10,"turns":2},{"damage":9,"enemies":"Lagavulin","floor":11,"turns":5},{"damage":2,"enemies":"3 Sentries","floor":13,"turns":6},{"damage":0,"enemies":"Gremlin Nob","floor":14,"turns":4},{"damage":21,"enemies":"Hexaghost","floor":16,"turns":8},{"damage":0,"enemies":"3 Byrds","floor":18,"turns":2},{"damage":0,"enemies":"2 Thieves","floor":19,"turns":3},{"damage":1,"enemies":"Snake Plant","floor":21,"turns":3},{"damage":3,"enemies":"Snecko","floor":22,"turns":4},{"damage":12,"enemies":"Book of Stabbing","floor":23,"turns":5},{"damage":0,"enemies":"Sentry and Sphere","floor":25,"turns":3},{"damage":6,"enemies":"Gremlin Leader","floor":29,"turns":6},{"damage":0,"enemies":"Book of Stabbing","floor":31,"turns":4},{"damage":10,"enemies":"Collector","floor":33,"turns":7},{"damage":10,"enemies":"Orb Walker","floor":35,"turns":3},{"damage":0,"enemies":"Mind Bloom Boss Battle","floor":38,"turns":5},{"damage":17,"enemies":"3 Darklings","floor":39,"turns":3},{"damage":15,"enemies":"Nemesis","floor":40,"turns":7},{"damage":11,"enemies":"Maw","floor":41,"turns":8},{"damage":17,"enemies":"Giant Head","floor":42,"turns":11},{"damage":0,"enemies":"4 Shapes","floor":44,"turns":3},{"damage":5,"enemies":"Reptomancer","floor":47,"turns":6},{"damage":18,"enemies":"Awakened One","floor":50,"turns":18},{"damage":23,"enemies":"Shield and Spear","floor":54,"turns":7},{"damage":84,"enemies":"The Heart","floor":55,"turns":12}],"seed_played":"-8857089079859622831","potions_obtained":[{"floor":1,"key":"Block Potion"},{"floor":6,"key":"Explosive Potion"},{"floor":10,"key":"LiquidBronze"},{"floor":14,"key":"Dexterity Potion"},{"floor":19,"key":"Dexterity Potion"},{"floor":21,"key":"GamblersBrew"},{"floor":22,"key":"Ancient Potion"},{"floor":25,"key":"SkillPotion"},{"floor":27,"key":"EssenceOfSteel"},{"floor":38,"key":"GamblersBrew"},{"floor":44,"key":"Weak Potion"},{"floor":47,"key":"SpeedPotion"}],"is_trial":false,"path_per_floor":["M","M","?","?","$","E","R","M","T","?","E","R","E","?","R","B",null,"M","M","?","M","M","E","R","M","T","?","R","E","R","E","R","B",null,"M","$","?","?","M","E","M","E","T","M","?","R","E","?","R","B",null,"R","$","E","B"],"character_chosen":"DEFECT","items_purchased":["Blood Vial","Mayhem","OrangePellets"],"campfire_rested":0,"item_purchase_floors":[5,5,36],"current_hp_per_floor":[75,75,75,64,64,40,40,42,42,43,36,36,36,48,48,29,85,85,85,85,84,82,72,72,74,74,74,74,70,70,72,72,64,85,75,75,65,73,64,55,52,43,43,45,45,45,48,69,69,57,85,85,85,75,0],"gold":0,"neow_bonus":"HUNDRED_GOLD","is_prod":false,"is_daily":false,"chose_seed":false,"campfire_upgraded":8,"win_rate":0,"timestamp":1554635698,"path_taken":["M","M","?","?","$","E","R","M","T","?","E","R","E","?","R","BOSS","M","M","?","M","M","E","R","M","T","?","R","E","R","E","R","BOSS","M","$","?","?","M","E","M","E","T","M","?","R","E","?","R","BOSS","R","$","E","BOSS"],"build_version":"2019-04-04","purchased_purges":0,"victory":false,"max_hp_per_floor":[75,75,75,75,75,75,75,75,75,75,75,75,75,85,85,85,85,85,85,85,85,85,85,85,85,85,85,85,85,85,85,85,85,85,85,85,85,85,85,85,85,85,85,85,85,85,85,85,85,85,85,85,85,92,92],"card_choices":[{"not_picked":["Aggregate","Turbo"],"picked":"BootSequence","floor":1},{"not_picked":["Streamline","Chaos"],"picked":"Melter","floor":2},{"not_picked":["Reprogram","Redo"],"picked":"FTL","floor":6},{"not_picked":["Reinforced Body","Turbo"],"picked":"Rebound","floor":8},{"not_picked":["Conserve Battery","Stack"],"picked":"Coolheaded","floor":11},{"not_picked":["White Noise","Turbo"],"picked":"Ball Lightning","floor":13},{"not_picked":["Fusion","Rebound"],"picked":"Ball Lightning","floor":14},{"not_picked":["Seek","Hyperbeam"],"picked":"Electrodynamics","floor":16},{"not_picked":["Turbo","Beam Cell+1"],"picked":"Steam Power","floor":18},{"not_picked":["Gash+1","Compile Driver","Barrage"],"picked":"SKIP","floor":19},{"not_picked":["Scrape","Beam Cell"],"picked":"Undo","floor":21},{"not_picked":["Scrape","Stack"],"picked":"Loop","floor":22},{"not_picked":["Lockon","Turbo"],"picked":"Hologram+1","floor":23},{"not_picked":["BootSequence","Hologram+1"],"picked":"Coolheaded","floor":25},{"not_picked":["Double Energy+1","Steam Power"],"picked":"Compile Driver+1","floor":29},{"not_picked":["Cold Snap","Barrage"],"picked":"Streamline+1","floor":31},{"not_picked":["Seek","Multi-Cast"],"picked":"Rainbow","floor":33},{"not_picked":["Ball Lightning","Streamline"],"picked":"Conserve Battery","floor":35},{"not_picked":["Jack Of All Trades","Enlightenment"],"picked":"Bandage Up","floor":37},{"not_picked":["Swift Strike","Enlightenment"],"picked":"Finesse","floor":37},{"not_picked":["Discovery","Trip"],"picked":"Apotheosis","floor":37},{"not_picked":["Double Energy+1","Heatsinks","Compile Driver+1"],"picked":"SKIP","floor":39},{"not_picked":["Hologram","Heatsinks+1"],"picked":"Cold Snap+1","floor":40},{"not_picked":["Turbo+1","Scrape"],"picked":"Stack","floor":41},{"not_picked":["Recycle","Undo"],"picked":"Leap+1","floor":42},{"not_picked":["Recycle+1","Hello World+1","Tempest"],"picked":"SKIP","floor":44},{"not_picked":["Force Field","Auto Shields"],"picked":"Redo","floor":47},{"not_picked":["Skim","Streamline+1"],"picked":"Leap","floor":54}],"player_experience":5189237,"relics_obtained":[{"floor":6,"key":"Peace Pipe"},{"floor":9,"key":"Gambling Chip"},{"floor":10,"key":"Odd Mushroom"},{"floor":11,"key":"Orichalcum"},{"floor":13,"key":"Anchor"},{"floor":14,"key":"Pear"},{"floor":23,"key":"Potion Belt"},{"floor":26,"key":"Ancient Tea Set"},{"floor":29,"key":"Letter Opener"},{"floor":31,"key":"Juzu Bracelet"},{"floor":38,"key":"Nunchaku"},{"floor":40,"key":"Oddly Smooth Stone"},{"floor":40,"key":"Smiling Mask"},{"floor":42,"key":"Frozen Egg 2"},{"floor":42,"key":"War Paint"},{"floor":47,"key":"Pocketwatch"},{"floor":47,"key":"Du-Vu Doll"},{"floor":54,"key":"Bag of Preparation"},{"floor":54,"key":"Strawberry"}],"event_choices":[{"damage_healed":0,"gold_gain":62,"player_choice":"Gained Gold","damage_taken":0,"max_hp_gain":0,"max_hp_loss":0,"event_name":"Golden Wing","floor":3,"gold_loss":0},{"damage_healed":0,"gold_gain":75,"player_choice":"Gather Gold","damage_taken":11,"max_hp_gain":0,"max_hp_loss":0,"event_name":"World of Goop","floor":4,"gold_loss":0},{"damage_healed":0,"gold_gain":0,"player_choice":"Fought Mushrooms","damage_taken":0,"max_hp_gain":0,"max_hp_loss":0,"event_name":"Mushrooms","floor":10,"gold_loss":0},{"damage_healed":0,"gold_gain":0,"player_choice":"Searched \u00271\u0027 times","damage_taken":0,"max_hp_gain":0,"max_hp_loss":0,"event_name":"Dead Adventurer","floor":14,"gold_loss":0},{"cards_removed":["Strike_B"],"damage_healed":0,"gold_gain":0,"player_choice":"Gave Gold","damage_taken":0,"max_hp_gain":0,"max_hp_loss":0,"event_name":"Beggar","floor":20,"gold_loss":75},{"damage_healed":0,"gold_gain":0,"player_choice":"Bought 1 Potion","damage_taken":0,"max_hp_gain":0,"max_hp_loss":0,"event_name":"The Woman in Blue","floor":27,"gold_loss":0},{"damage_healed":0,"gold_gain":0,"player_choice":"Memory 3","damage_taken":10,"max_hp_gain":0,"max_hp_loss":0,"event_name":"SensoryStone","floor":37,"gold_loss":0},{"damage_healed":0,"gold_gain":0,"player_choice":"Fight","damage_taken":0,"max_hp_gain":0,"max_hp_loss":0,"event_name":"MindBloom","floor":38,"gold_loss":0},{"damage_healed":0,"gold_gain":0,"player_choice":"Paid","damage_taken":0,"relics_obtained":["Red Mask"],"max_hp_gain":0,"max_hp_loss":0,"event_name":"Tomb of Lord Red Mask","floor":45,"gold_loss":3},{"damage_healed":21,"gold_gain":0,"player_choice":"Writhe","damage_taken":0,"max_hp_gain":0,"max_hp_loss":0,"event_name":"Winding Halls","floor":48,"gold_loss":0,"cards_obtained":["Writhe"]}],"is_beta":true,"boss_relics":[{"not_picked":["White Beast Statue","Nuclear Battery"],"picked":"Ectoplasm"},{"not_picked":["Empty Cage","FrozenCore"],"picked":"Black Star"}],"items_purged_floors":[],"is_endless":false,"potions_floor_spawned":[1,6,10,14,19,21,22,25,38,44,47],"killed_by":"The Heart","ascension_level":1}