{"gold_per_floor":[216,291,291,9,9,9,40,40,40,68,68],"floor_reached":11,"playtime":223,"items_purged":[],"score":134,"play_id":"b426f532-83ce-4037-9ceb-18023b1c780b","local_time":"20190426200620","is_ascension_mode":true,"campfire_choices":[{"floor":6,"key":"REST"},{"data":"Zap","floor":8,"key":"SMITH"}],"neow_cost":"NONE","seed_source_timestamp":303213838429700,"circlet_count":0,"master_deck":["AscendersBane","Strike_B","Strike_B","Strike_B","Defend_B","Defend_B","Defend_B","Defend_B","Zap+1","Dualcast","Sweeping Beam","Conserve Battery"],"relics":["Cracked Core","Matryoshka","Golden Idol","The Courier","Cables","Frozen Egg 2","Odd Mushroom"],"potions_floor_usage":[7],"damage_taken":[{"damage":0,"enemies":"2 Louse","floor":1,"turns":3},{"damage":30,"enemies":"Lagavulin","floor":7,"turns":7},{"damage":22,"enemies":"The Mushroom Lair","floor":10,"turns":4},{"damage":15,"enemies":"3 Sentries","floor":11,"turns":3}],"seed_played":"-5052533317145666817","potions_obtained":[{"floor":1,"key":"Weak Potion"}],"is_trial":false,"path_per_floor":["M","?","?","$","?","R","E","R","T","?","E"],"character_chosen":"DEFECT","items_purchased":["Matryoshka"],"campfire_rested":1,"item_purchase_floors":[4],"current_hp_per_floor":[64,53,46,46,46,64,34,34,34,12,0],"gold":68,"neow_bonus":"HUNDRED_GOLD","is_prod":false,"is_daily":false,"chose_seed":false,"campfire_upgraded":1,"win_rate":0,"timestamp":1556301980,"path_taken":["M","?","?","$","?","R","E","R","T","?","E"],"build_version":"2019-01-23","purchased_purges":0,"victory":false,"max_hp_per_floor":[71,71,71,71,64,64,64,64,64,64,64],"card_choices":[{"not_picked":["BootSequence","Ball Lightning"],"picked":"Sweeping Beam","floor":1},{"not_picked":["Heatsinks","Reinforced Body"],"picked":"Conserve Battery","floor":7}],"player_experience":632981,"relics_obtained":[{"floor":7,"key":"The Courier"},{"floor":9,"key":"Cables"},{"floor":9,"key":"Frozen Egg 2"},{"floor":10,"key":"Odd Mushroom"}],"event_choices":[{"damage_healed":0,"gold_gain":75,"player_choice":"Gather Gold","damage_taken":11,"max_hp_gain":0,"max_hp_loss":0,"event_name":"World of Goop","floor":2,"gold_loss":0},{"cards_removed":["Strike_B"],"damage_healed":0,"gold_gain":0,"player_choice":"Card Removal","damage_taken":7,"max_hp_gain":0,"max_hp_loss":0,"event_name":"Golden Wing","floor":3,"gold_loss":0},{"damage_healed":0,"gold_gain":0,"player_choice":"Lose Max HP","damage_taken":0,"relics_obtained":["Golden Idol"],"max_hp_gain":0,"max_hp_loss":7,"event_name":"Golden Idol","floor":5,"gold_loss":0},{"damage_healed":0,"gold_gain":0,"player_choice":"Fought Mushrooms","damage_taken":0,"max_hp_gain":0,"max_hp_loss":0,"event_name":"Mushrooms","floor":10,"gold_loss":0}],"is_beta":false,"boss_relics":[],"items_purged_floors":[],"is_endless":false,"potions_floor_spawned":[1],"killed_by":"3 Sentries","ascension_level":20}