{"gold_per_floor":[115,132,16,16,16,47,47,58,82,1,11,11,45,61,61,162,162,176,196,207,39,50,69,0,0,26,40,40,40,3,15,15,114,114,133,33,48,0,0],"floor_reached":39,"playtime":3454,"items_purged":["Strike_B","Strike_B"],"score":443,"play_id":"e7be7dca-aa9a-44f4-83bf-cf58e9d4fdfc","local_time":"20190404163759","is_ascension_mode":false,"campfire_choices":[{"floor":12,"key":"REST"},{"floor":15,"key":"REST"},{"floor":29,"key":"REST"},{"floor":32,"key":"REST"}],"neow_cost":"NONE","seed_source_timestamp":747057328563959,"circlet_count":0,"master_deck":["Strike_B","Strike_B","Defend_B","Defend_B","Defend_B","Defend_B","Zap","Dualcast","Sweeping Beam","Sweeping Beam","Bandage Up","Coolheaded","Loop+1","Amplify","Loop","Conserve Battery","Defragment","Electrodynamics","Reprogram+1","Chill","Impatience","Reinforced Body+1","Ghostly","Ghostly","Ghostly","Ghostly","Ghostly","Storm","Storm+1","Reboot","Heatsinks","White Noise","Consume","Multi-Cast"],"relics":["Cracked Core","NeowsBlessing","Pen Nib","Regal Pillow","Symbiotic Virus","Fusion Hammer","Strawberry","Orrery","Red Mask"],"potions_floor_usage":[13,16,20,33,33,33],"damage_taken":[{"damage":0,"enemies":"Jaw Worm","floor":1,"turns":1},{"damage":0,"enemies":"2 Louse","floor":2,"turns":1},{"damage":0,"enemies":"Lagavulin","floor":6,"turns":1},{"damage":0,"enemies":"Small Slimes","floor":8,"turns":2},{"damage":35,"enemies":"Gremlin Gang","floor":11,"turns":4},{"damage":13,"enemies":"3 Sentries","floor":13,"turns":6},{"damage":10,"enemies":"Looter","floor":14,"turns":3},{"damage":20,"enemies":"Slime Boss","floor":16,"turns":5},{"damage":12,"enemies":"Spheric Guardian","floor":18,"turns":4},{"damage":14,"enemies":"Shell Parasite","floor":19,"turns":5},{"damage":10,"enemies":"Snecko","floor":20,"turns":4},{"damage":7,"enemies":"Cultist and Chosen","floor":22,"turns":6},{"damage":28,"enemies":"Snake Plant","floor":23,"turns":3},{"damage":9,"enemies":"3 Cultists","floor":27,"turns":5},{"damage":0,"enemies":"Snecko","floor":31,"turns":6},{"damage":18,"enemies":"Automaton","floor":33,"turns":9},{"damage":3,"enemies":"Orb Walker","floor":35,"turns":3},{"damage":36,"enemies":"3 Darklings","floor":37,"turns":3},{"damage":10,"enemies":"Jaw Worm Horde","floor":39,"turns":1}],"seed_played":"-108412513045635750","potions_obtained":[{"floor":2,"key":"SkillPotion"},{"floor":6,"key":"Energy Potion"},{"floor":8,"key":"Regen Potion"},{"floor":18,"key":"Swift Potion"},{"floor":20,"key":"Block Potion"},{"floor":22,"key":"FearPotion"},{"floor":23,"key":"Dexterity Potion"}],"is_trial":false,"path_per_floor":["M","M","$","?","?","E","?","M","T","$","M","R","E","M","R","B",null,"M","M","M","$","M","M","?","?","T","M","$","R","$","M","R","B",null,"M","$","M","?","M"],"character_chosen":"DEFECT","items_purchased":["Bandage Up","Coolheaded","Loop","Impatience","Storm"],"campfire_rested":4,"item_purchase_floors":[3,3,10,21,30],"current_hp_per_floor":[75,75,75,75,75,75,75,75,75,75,44,75,66,60,75,59,75,63,53,52,52,49,25,25,25,32,27,27,44,44,44,44,28,44,41,41,5,5,0],"gold":0,"neow_bonus":"THREE_ENEMY_KILL","is_prod":false,"is_daily":false,"chose_seed":false,"campfire_upgraded":0,"win_rate":0,"timestamp":1554413879,"path_taken":["M","M","$","?","?","E","?","M","T","$","M","R","E","?","R","BOSS","M","M","M","$","M","M","?","?","T","M","?","R","$","M","R","BOSS","M","$","M","?","M"],"build_version":"2019-01-23","purchased_purges":2,"victory":false,"max_hp_per_floor":[75,75,75,75,75,75,75,75,75,75,75,75,75,75,75,75,75,75,75,75,75,75,75,75,37,44,44,44,44,44,44,44,44,44,44,44,44,44,44],"card_choices":[{"not_picked":["Hologram","Coolheaded"],"picked":"Sweeping Beam","floor":1},{"not_picked":["Coolheaded","Self Repair"],"picked":"Sweeping Beam","floor":2},{"not_picked":["Stack","Darkness"],"picked":"Loop","floor":6},{"not_picked":["Force Field","Ball Lightning"],"picked":"Amplify","floor":8},{"not_picked":["Hologram","Ball Lightning","Stack"],"picked":"SKIP","floor":11},{"not_picked":["Streamline","Go for the Eyes"],"picked":"Conserve Battery","floor":13},{"not_picked":["Storm","Rip and Tear"],"picked":"Defragment","floor":14},{"not_picked":["Rainbow","Fission"],"picked":"Electrodynamics","floor":16},{"not_picked":["Undo","Melter"],"picked":"Reprogram+1","floor":18},{"not_picked":["Darkness","Compile Driver"],"picked":"Chill","floor":19},{"not_picked":["Skim","Leap","Turbo"],"picked":"SKIP","floor":20},{"not_picked":["Force Field","Compile Driver","Rebound"],"picked":"SKIP","floor":22},{"not_picked":["Turbo","Hyperbeam"],"picked":"Reinforced Body+1","floor":23},{"not_picked":["Compile Driver","Conserve Battery+1","Redo"],"picked":"SKIP","floor":27},{"not_picked":["Blizzard","Tempest+1"],"picked":"Storm+1","floor":31},{"not_picked":["Rainbow","Hyperbeam"],"picked":"Reboot","floor":33},{"not_picked":["Ball Lightning+1","Skim+1"],"picked":"Heatsinks","floor":34},{"not_picked":["Streamline","Aggregate+1"],"picked":"White Noise","floor":34},{"not_picked":["Glacier+1","Cold Snap"],"picked":"Consume","floor":34},{"not_picked":["Compile Driver+1","Streamline"],"picked":"Multi-Cast","floor":35},{"not_picked":["Barrage+1","Storm","Fusion+1"],"picked":"SKIP","floor":37}],"player_experience":225913,"relics_obtained":[{"floor":6,"key":"Pen Nib"},{"floor":9,"key":"Regal Pillow"},{"floor":13,"key":"Symbiotic Virus"},{"floor":26,"key":"Strawberry"}],"event_choices":[{"damage_healed":0,"gold_gain":0,"player_choice":"Ignored","damage_taken":0,"max_hp_gain":0,"max_hp_loss":0,"event_name":"Shining Light","floor":4,"gold_loss":0},{"damage_healed":0,"gold_gain":0,"player_choice":"Ignored","damage_taken":0,"max_hp_gain":0,"max_hp_loss":0,"event_name":"Liars Game","floor":5,"gold_loss":0},{"damage_healed":0,"gold_gain":0,"player_choice":"Forge","damage_taken":0,"max_hp_gain":0,"max_hp_loss":0,"event_name":"Accursed Blacksmith","floor":7,"gold_loss":0,"cards_upgraded":["Loop"]},{"damage_healed":0,"gold_gain":0,"player_choice":"Paid Fearfully","damage_taken":0,"max_hp_gain":0,"max_hp_loss":0,"event_name":"Masked Bandits","floor":24,"gold_loss":69},{"damage_healed":0,"gold_gain":0,"player_choice":"Became a Ghost","damage_taken":0,"max_hp_gain":0,"max_hp_loss":38,"event_name":"Ghosts","floor":25,"gold_loss":0,"cards_obtained":["Ghostly","Ghostly","Ghostly","Ghostly","Ghostly"]},{"damage_healed":0,"gold_gain":0,"player_choice":"Paid","damage_taken":0,"relics_obtained":["Red Mask"],"max_hp_gain":0,"max_hp_loss":0,"event_name":"Tomb of Lord Red Mask","floor":38,"gold_loss":48}],"is_beta":false,"boss_relics":[{"not_picked":["Astrolabe","Calling Bell"],"picked":"Fusion Hammer"},{"not_picked":["Eternal Feather","Pandora\u0027s Box"],"picked":"Orrery"}],"items_purged_floors":[21,36],"is_endless":false,"potions_floor_spawned":[2,6,8,18,20,22,23],"killed_by":"Jaw Worm Horde","ascension_level":0}