{"gold_per_floor":[361,374,86,86,103,103,136,155,229,229,255,270,27,42,42,147,147,167,266,50,150,169,203,203,528,554,573,603,613,625,656,656,758,758,769,769,237,286,286,321,336,368,368,401,417,417,435,465,465,465,465,465,148,175,175],"floor_reached":56,"playtime":3867,"items_purged":["Decay","Strike_G","Strike_G"],"score":1643,"play_id":"1f053513-deac-4fe7-8a67-b6c417d139ac","local_time":"20190420141740","is_ascension_mode":true,"campfire_choices":[{"data":"Mayhem","floor":6,"key":"SMITH"},{"data":"A Thousand Cuts","floor":10,"key":"SMITH"},{"data":"Neutralize","floor":15,"key":"SMITH"},{"data":"Apotheosis","floor":24,"key":"SMITH"},{"data":"After Image","floor":32,"key":"SMITH"},{"floor":46,"key":"RECALL"},{"data":"Footwork","floor":49,"key":"SMITH"},{"data":"Footwork","floor":52,"key":"SMITH"}],"neow_cost":"CURSE","seed_source_timestamp":3436541666560774,"circlet_count":0,"master_deck":["Defend_G","Defend_G","Defend_G","Defend_G","Defend_G","Strike_G","Strike_G","Strike_G","Survivor","Neutralize+1","Deadly Poison","Flying Knee","Mayhem+1","Sucker Punch","Dagger Spray","A Thousand Cuts+1","Bouncing Flask","After Image+1","Poisoned Stab","Adrenaline","PiercingWail","Apotheosis+1","Cloak And Dagger","Prepared","Crippling Poison+1","Blur","Backflip","Deflect","Footwork+1","PiercingWail","Cloak And Dagger+1","Corpse Explosion","Infinite Blades","Good Instincts","Impatience","Escape Plan+1","Footwork+1","Dodge and Roll+1","Cloak And Dagger+1","Deflect+1","Cloak And Dagger+1","Cloak And Dagger+1","Mayhem","Dash+1","Acrobatics+1","Dash+1"],"relics":["Ring of the Snake","Ice Cream","Pantograph","Snake Skull","Lantern","Lizard Tail","Unceasing Top","Mercury Hourglass","Letter Opener","Old Coin","Strawberry","Centennial Puzzle","Philosopher\u0027s Stone","Toxic Egg 2","Gambling Chip","Paper Crane","PreservedInsect","Omamori","Molten Egg 2","Art of War","Pocketwatch","Bag of Preparation"],"potions_floor_usage":[7,11,21,21,21,23,28,33,38,55,55,55],"damage_taken":[{"damage":0,"enemies":"Small Slimes","floor":1,"turns":4},{"damage":0,"enemies":"Cultist","floor":2,"turns":4},{"damage":0,"enemies":"Jaw Worm","floor":5,"turns":4},{"damage":19,"enemies":"Gremlin Nob","floor":7,"turns":4},{"damage":1,"enemies":"Exordium Wildlife","floor":8,"turns":5},{"damage":5,"enemies":"3 Sentries","floor":11,"turns":5},{"damage":8,"enemies":"Red Slaver","floor":12,"turns":3},{"damage":31,"enemies":"3 Louse","floor":14,"turns":6},{"damage":0,"enemies":"Hexaghost","floor":16,"turns":7},{"damage":0,"enemies":"Shell Parasite","floor":18,"turns":5},{"damage":21,"enemies":"Colosseum Slavers","floor":21,"turns":5},{"damage":5,"enemies":"Colosseum Nobs","floor":21,"turns":4},{"damage":0,"enemies":"Chosen","floor":22,"turns":4},{"damage":4,"enemies":"Book of Stabbing","floor":23,"turns":6},{"damage":1,"enemies":"Slavers","floor":25,"turns":3},{"damage":0,"enemies":"3 Cultists","floor":27,"turns":3},{"damage":1,"enemies":"Gremlin Leader","floor":28,"turns":5},{"damage":0,"enemies":"Snake Plant","floor":29,"turns":5},{"damage":0,"enemies":"Centurion and Healer","floor":30,"turns":6},{"damage":24,"enemies":"Slavers","floor":31,"turns":4},{"damage":19,"enemies":"Collector","floor":33,"turns":8},{"damage":4,"enemies":"3 Darklings","floor":35,"turns":3},{"damage":10,"enemies":"2 Orb Walkers","floor":38,"turns":4},{"damage":0,"enemies":"Nemesis","floor":40,"turns":7},{"damage":0,"enemies":"Orb Walker","floor":41,"turns":4},{"damage":0,"enemies":"Reptomancer","floor":42,"turns":7},{"damage":0,"enemies":"Nemesis","floor":44,"turns":7},{"damage":0,"enemies":"3 Darklings","floor":45,"turns":4},{"damage":0,"enemies":"Maw","floor":47,"turns":6},{"damage":0,"enemies":"Giant Head","floor":48,"turns":7},{"damage":0,"enemies":"Donu and Deca","floor":50,"turns":9},{"damage":2,"enemies":"Shield and Spear","floor":54,"turns":6},{"damage":2,"enemies":"The Heart","floor":55,"turns":12}],"seed_played":"6876666845515311404","potions_obtained":[{"floor":1,"key":"FearPotion"},{"floor":7,"key":"Fire Potion"},{"floor":8,"key":"AttackPotion"},{"floor":16,"key":"SteroidPotion"},{"floor":21,"key":"EssenceOfSteel"},{"floor":23,"key":"Strength Potion"},{"floor":27,"key":"Weak Potion"},{"floor":28,"key":"Dexterity Potion"},{"floor":29,"key":"PowerPotion"},{"floor":33,"key":"Weak Potion"},{"floor":35,"key":"SkillPotion"},{"floor":38,"key":"GhostInAJar"},{"floor":45,"key":"Ancient Potion"},{"floor":47,"key":"GhostInAJar"}],"is_trial":false,"path_per_floor":["M","M","$","?","M","R","E","M","T","R","E","M","$","M","R","B",null,"M","?","$","?","M","E","R","E","T","M","E","M","M","E","R","B",null,"M","?","$","?","T","E","M","E","T","E","M","R","M","E","R","B",null,"R","$","E","B",null],"character_chosen":"THE_SILENT","items_purchased":["Mayhem","Dodge and Roll","Lantern","Apotheosis","Block Potion","Toxic Egg 2","Escape Plan+1","Footwork","Mayhem","Dash+1","Acrobatics+1"],"campfire_rested":0,"item_purchase_floors":[3,3,13,20,20,37,37,37,53,53,53],"current_hp_per_floor":[70,70,70,70,70,70,51,50,50,50,45,37,37,6,6,31,70,70,70,70,44,44,40,40,39,39,39,45,45,45,21,21,27,77,73,63,63,53,53,53,53,53,53,53,53,53,53,53,53,77,77,77,77,75,75],"gold":175,"neow_bonus":"TWO_FIFTY_GOLD","is_prod":false,"is_daily":false,"chose_seed":false,"campfire_upgraded":7,"win_rate":0,"timestamp":1555784260,"path_taken":["M","M","$","?","M","R","E","M","T","R","E","M","$","?","R","BOSS","M","?","$","?","M","E","R","E","T","?","E","M","M","E","R","BOSS","M","?","$","?","?","E","M","E","T","E","M","R","?","E","R","BOSS","R","$","E","BOSS"],"build_version":"2019-04-04","purchased_purges":3,"victory":true,"max_hp_per_floor":[70,70,70,70,70,70,70,70,70,70,70,70,70,70,70,70,70,70,70,70,70,70,70,70,70,70,70,77,77,77,77,77,77,77,77,77,77,77,77,77,77,77,77,77,77,77,77,77,77,77,77,77,77,77,77],"card_choices":[{"not_picked":["Reflex","Blade Dance"],"picked":"Deadly Poison","floor":1},{"not_picked":["Cloak And Dagger","All Out Attack"],"picked":"Flying Knee","floor":2},{"not_picked":["Heel Hook","Flechettes"],"picked":"Dagger Spray","floor":5},{"not_picked":["Cloak And Dagger","Sucker Punch"],"picked":"A Thousand Cuts","floor":7},{"not_picked":["Acrobatics","Outmaneuver","Underhanded Strike"],"picked":"SKIP","floor":8},{"not_picked":["Dodge and Roll","Bane"],"picked":"Bouncing Flask","floor":11},{"not_picked":["Tactician","Masterful Stab"],"picked":"After Image","floor":12},{"not_picked":["Quick Slash","Dagger Throw"],"picked":"Poisoned Stab","floor":14},{"not_picked":["Corpse Explosion","A Thousand Cuts"],"picked":"Adrenaline","floor":16},{"not_picked":["Prepared","Poisoned Stab+1"],"picked":"PiercingWail","floor":18},{"not_picked":["Skewer+1","Calculated Gamble"],"picked":"Cloak And Dagger","floor":21},{"not_picked":["Flying Knee","Expertise+1"],"picked":"Prepared","floor":22},{"not_picked":["Tactician","Dagger Throw+1"],"picked":"Crippling Poison+1","floor":23},{"not_picked":["Acrobatics","Eviscerate+1"],"picked":"Blur","floor":25},{"not_picked":["PiercingWail","Slice+1"],"picked":"Backflip","floor":27},{"not_picked":["Acrobatics+1","Endless Agony"],"picked":"Deflect","floor":28},{"not_picked":["Deadly Poison","Blade Dance"],"picked":"Footwork","floor":29},{"not_picked":["Eviscerate+1","Sucker Punch"],"picked":"PiercingWail","floor":30},{"not_picked":["Wraith Form v2","Bane"],"picked":"Cloak And Dagger+1","floor":31},{"not_picked":["Envenom","Venomology"],"picked":"Corpse Explosion","floor":33},{"not_picked":["Blade Dance","Eviscerate"],"picked":"Infinite Blades","floor":35},{"not_picked":["Impatience","Jack Of All Trades"],"picked":"Good Instincts","floor":36},{"not_picked":["Swift Strike","Forethought"],"picked":"Impatience","floor":36},{"not_picked":["Sucker Punch","Terror+1","Choke+1"],"picked":"SKIP","floor":40},{"not_picked":["Infinite Blades","Flying Knee"],"picked":"Dodge and Roll+1","floor":41},{"not_picked":["Skewer","Underhanded Strike+1"],"picked":"Cloak And Dagger+1","floor":42},{"not_picked":["Sucker Punch+1","Grand Finale+1","Quick Slash+1"],"picked":"SKIP","floor":44},{"not_picked":["Bane+1","Dagger Throw+1"],"picked":"Deflect+1","floor":45},{"not_picked":["Distraction+1","Dagger Spray+1"],"picked":"Cloak And Dagger+1","floor":47},{"not_picked":["Accuracy+1","Quick Slash+1"],"picked":"Cloak And Dagger+1","floor":48},{"not_picked":["Outmaneuver+1","Quick Slash+1"],"picked":"Dash+1","floor":54}],"player_experience":5417637,"relics_obtained":[{"floor":7,"key":"Ice Cream"},{"floor":9,"key":"Pantograph"},{"floor":11,"key":"Snake Skull"},{"floor":21,"key":"Unceasing Top"},{"floor":21,"key":"Mercury Hourglass"},{"floor":23,"key":"Letter Opener"},{"floor":25,"key":"Old Coin"},{"floor":28,"key":"Strawberry"},{"floor":31,"key":"Centennial Puzzle"},{"floor":38,"key":"Gambling Chip"},{"floor":39,"key":"Paper Crane"},{"floor":40,"key":"PreservedInsect"},{"floor":42,"key":"Omamori"},{"floor":43,"key":"Molten Egg 2"},{"floor":44,"key":"Art of War"},{"floor":48,"key":"Pocketwatch"},{"floor":54,"key":"Bag of Preparation"}],"event_choices":[{"cards_removed":["Dodge and Roll"],"damage_healed":0,"gold_gain":0,"player_choice":"Took Card","damage_taken":0,"max_hp_gain":0,"max_hp_loss":0,"event_name":"NoteForYourself","floor":4,"gold_loss":0,"cards_obtained":["Sucker Punch"]},{"damage_healed":0,"gold_gain":99,"player_choice":"Stole From Cult","damage_taken":0,"max_hp_gain":0,"max_hp_loss":0,"event_name":"Nest","floor":19,"gold_loss":0},{"damage_healed":0,"gold_gain":0,"player_choice":"Fight","damage_taken":0,"max_hp_gain":0,"max_hp_loss":0,"event_name":"Colosseum","floor":21,"gold_loss":0},{"damage_healed":0,"gold_gain":0,"player_choice":"Fought Nobs","damage_taken":0,"max_hp_gain":0,"max_hp_loss":0,"event_name":"Colosseum","floor":21,"gold_loss":0},{"damage_healed":0,"gold_gain":0,"player_choice":"Memory 3","damage_taken":10,"max_hp_gain":0,"max_hp_loss":0,"event_name":"SensoryStone","floor":36,"gold_loss":0},{"damage_healed":0,"gold_gain":0,"player_choice":"Fight","damage_taken":0,"max_hp_gain":0,"max_hp_loss":0,"event_name":"Mysterious Sphere","floor":38,"gold_loss":0}],"is_beta":true,"boss_relics":[{"not_picked":["HoveringKite","WristBlade"],"picked":"Lizard Tail"},{"not_picked":["Snecko Eye","Calling Bell"],"picked":"Philosopher\u0027s Stone"}],"items_purged_floors":[3,13,37],"is_endless":false,"potions_floor_spawned":[1,7,8,16,21,23,27,28,29,30,33,35,38,44,45,47],"ascension_level":1}