{"gold_per_floor":[118,118,293,293,308,308,50,50,50,50,50,61,26,42,42,115,115,132,132,47,146,146,146,178,178,178,178,192,204,217,227,227,300,300,315,325,300,300],"floor_reached":38,"playtime":1407,"items_purged":["Doubt"],"score":674,"play_id":"9f25a7ef-0668-4fb5-9b11-bcb74e31e3da","local_time":"20190413104241","is_ascension_mode":true,"campfire_choices":[{"data":"Consume","floor":6,"key":"SMITH"},{"data":"Capacitor","floor":8,"key":"SMITH"},{"data":"Seek","floor":10,"key":"SMITH"},{"data":"Chaos","floor":15,"key":"SMITH"},{"floor":23,"key":"REST"},{"floor":25,"key":"REST"},{"data":"Rainbow","floor":27,"key":"SMITH"},{"data":"Glacier","floor":32,"key":"SMITH"}],"neow_cost":"NONE","seed_source_timestamp":160672221167088,"circlet_count":0,"master_deck":["AscendersBane","Defend_B","Defend_B","Defend_B","Defend_B","Zap+1","Dualcast+1","Sweeping Beam","Consume+1","Capacitor+1","Seek+1","Glacier+1","Chaos+1","Rainbow+1","Coolheaded","Bite","Bite","Bite","Bite","Bite","Coolheaded","Creative AI","Conserve Battery+1","Heatsinks+1","Coolheaded"],"relics":["Cracked Core","Gremlin Horn","Matryoshka","Shuriken","Nuclear Battery","Enchiridion","Dodecahedron","Smiling Mask","Pantograph","FossilizedHelix","Black Star"],"potions_floor_usage":[16,24,29,33,36,38],"damage_taken":[{"damage":7,"enemies":"Jaw Worm","floor":1,"turns":3},{"damage":1,"enemies":"2 Louse","floor":5,"turns":3},{"damage":0,"enemies":"Small Slimes","floor":12,"turns":2},{"damage":7,"enemies":"2 Fungi Beasts","floor":14,"turns":4},{"damage":2,"enemies":"Hexaghost","floor":16,"turns":10},{"damage":32,"enemies":"2 Thieves","floor":18,"turns":4},{"damage":32,"enemies":"Slavers","floor":24,"turns":6},{"damage":18,"enemies":"3 Byrds","floor":28,"turns":5},{"damage":16,"enemies":"Snake Plant","floor":29,"turns":6},{"damage":12,"enemies":"Centurion and Healer","floor":30,"turns":7},{"damage":0,"enemies":"Cultist and Chosen","floor":31,"turns":6},{"damage":39,"enemies":"Champ","floor":33,"turns":11},{"damage":26,"enemies":"3 Darklings","floor":35,"turns":7},{"damage":4,"enemies":"3 Shapes","floor":36,"turns":7},{"damage":44,"enemies":"Jaw Worm Horde","floor":38,"turns":3}],"seed_played":"4374818164038180127","potions_obtained":[{"floor":1,"key":"Block Potion"},{"floor":14,"key":"SneckoOil"},{"floor":16,"key":"Fire Potion"},{"floor":28,"key":"Regen Potion"},{"floor":30,"key":"GamblersBrew"},{"floor":33,"key":"Fire Potion"}],"is_trial":false,"path_per_floor":["M","?","?","T","M","R","$","R","T","R","T","M","?","M","R","B",null,"M","?","?","?","?","R","E","R","T","R","M","M","M","M","R","B",null,"M","M","$","M"],"character_chosen":"DEFECT","items_purchased":["Capacitor","Seek","Coolheaded"],"campfire_rested":2,"item_purchase_floors":[7,7,37],"current_hp_per_floor":[57,57,57,57,56,56,56,56,56,56,56,56,71,64,64,62,69,37,21,21,21,21,35,15,29,29,29,21,34,34,46,46,16,41,31,35,35,0],"gold":300,"neow_bonus":"UPGRADE_CARD","is_prod":false,"is_daily":false,"chose_seed":false,"campfire_upgraded":6,"win_rate":0,"timestamp":1555162961,"path_taken":["M","?","?","?","M","R","?","R","T","R","?","M","?","M","R","BOSS","M","?","?","?","?","R","E","R","T","R","?","M","?","M","R","BOSS","M","?","$","M"],"build_version":"2019-01-23","purchased_purges":1,"victory":false,"max_hp_per_floor":[71,71,71,71,71,71,71,71,71,71,71,71,71,71,71,71,71,71,71,71,71,49,49,49,49,49,49,49,49,49,49,49,49,49,49,49,49,49],"card_choices":[{"not_picked":["Hello World","Coolheaded"],"picked":"Sweeping Beam","floor":1},{"not_picked":["Double Energy","Redo"],"picked":"Consume","floor":5},{"not_picked":["Cold Snap","White Noise"],"picked":"Glacier","floor":12},{"not_picked":["Conserve Battery","BootSequence"],"picked":"Chaos","floor":14},{"not_picked":["Creative AI","Buffer"],"picked":"Rainbow","floor":16},{"not_picked":["Stack","Melter+1"],"picked":"Coolheaded","floor":18},{"not_picked":["Hologram","Turbo"],"picked":"Coolheaded","floor":24},{"not_picked":["Sweeping Beam","Skim","Sunder"],"picked":"SKIP","floor":28},{"not_picked":["Stack","Streamline","Turbo"],"picked":"SKIP","floor":29},{"not_picked":["Gash","Melter","Reinforced Body"],"picked":"SKIP","floor":30},{"not_picked":["Fusion","Static Discharge","FTL"],"picked":"SKIP","floor":31},{"not_picked":["Hyperbeam","Seek"],"picked":"Creative AI","floor":33},{"not_picked":["Go for the Eyes","Leap+1"],"picked":"Conserve Battery+1","floor":35},{"not_picked":["Go for the Eyes","Ball Lightning+1"],"picked":"Heatsinks+1","floor":36}],"player_experience":1108985,"relics_obtained":[{"floor":4,"key":"Gremlin Horn"},{"floor":9,"key":"Matryoshka"},{"floor":11,"key":"Shuriken"},{"floor":19,"key":"Enchiridion"},{"floor":24,"key":"Smiling Mask"},{"floor":26,"key":"Pantograph"},{"floor":26,"key":"FossilizedHelix"}],"event_choices":[{"damage_healed":0,"gold_gain":0,"player_choice":"Grow","damage_taken":0,"max_hp_gain":0,"max_hp_loss":0,"event_name":"Living Wall","floor":2,"gold_loss":0,"cards_upgraded":["Dualcast"]},{"damage_healed":0,"gold_gain":175,"player_choice":"AGREE","damage_taken":0,"max_hp_gain":0,"max_hp_loss":0,"event_name":"Liars Game","floor":3,"gold_loss":0,"cards_obtained":["Doubt"]},{"damage_healed":17,"gold_gain":0,"player_choice":"Healed","damage_taken":0,"max_hp_gain":0,"max_hp_loss":0,"event_name":"The Cleric","floor":13,"gold_loss":35},{"damage_healed":0,"gold_gain":0,"player_choice":"Obtained Book","damage_taken":16,"max_hp_gain":0,"max_hp_loss":0,"event_name":"Cursed Tome","floor":19,"gold_loss":0},{"damage_healed":0,"gold_gain":0,"player_choice":"Obtained Relic","damage_taken":0,"relics_obtained":["Dodecahedron"],"max_hp_gain":0,"max_hp_loss":0,"event_name":"Addict","floor":20,"gold_loss":85},{"damage_healed":0,"gold_gain":99,"player_choice":"Stole From Cult","damage_taken":0,"max_hp_gain":0,"max_hp_loss":0,"event_name":"Nest","floor":21,"gold_loss":0},{"damage_healed":0,"gold_gain":0,"player_choice":"Became a vampire","damage_taken":0,"max_hp_gain":0,"max_hp_loss":22,"event_name":"Vampires","floor":22,"gold_loss":0,"cards_obtained":["Bite","Bite","Bite","Bite","Bite"]}],"is_beta":false,"boss_relics":[{"not_picked":["Lizard Tail","Calling Bell"],"picked":"Nuclear Battery"},{"not_picked":["Empty Cage","White Beast Statue"],"picked":"Black Star"}],"items_purged_floors":[7],"is_endless":false,"potions_floor_spawned":[1,14,16,18,28,30,33,35],"killed_by":"Jaw Worm Horde","ascension_level":14}