{"gold_per_floor":[217,234,234,77,91,123,123,138,161,161,161,161,190,206,206,305,305,315,415,415,445,148,181,181,207,233,193,108,22,22,22,22,123,123,133,133,133,133,58,58,90,101,155,175,225,225,325,335,335,335,335,335,107,132,132],"floor_reached":55,"playtime":2517,"items_purged":[],"score":1084,"play_id":"06b43dc9-bd14-4060-8dc6-5055249cd7b7","local_time":"20190515182156","is_ascension_mode":true,"campfire_choices":[{"data":"Armaments","floor":7.0,"key":"SMITH"},{"data":"Flex","floor":10.0,"key":"SMITH"},{"data":"Uppercut","floor":15.0,"key":"SMITH"},{"data":"Feed","floor":24.0,"key":"SMITH"},{"floor":32.0,"key":"REST"},{"floor":40.0,"key":"RECALL"},{"floor":46.0,"key":"REST"},{"floor":49.0,"key":"REST"},{"floor":52.0,"key":"REST"}],"neow_cost":"NONE","seed_source_timestamp":0,"circlet_count":0,"master_deck":["Strike_R+1","Strike_R+1","Strike_R+1","Strike_R+1","Strike_R+1","Defend_R+1","Defend_R+1","Defend_R+1","Bash+1","Battle Trance","Armaments+1","Feed+1","Sword Boomerang","Flex+1","Cleave","Uppercut+1","Offering","Shrug It Off","Infernal Blade","Whirlwind+1","Headbutt","Intimidate","Feel No Pain+1","Infernal Blade+1","True Grit","Pummel","Limit Break","Metallicize+1","Panache","Rage","True Grit+1","Flex+1","Seeing Red+1","Anger+1","Shrug It Off","Secret Technique","Anger+1"],"special_seed":0,"relics":["Burning Blood","Boot","Omamori","Vajra","Mango","Sozu","Charon\u0027s Ashes","Shuriken","Red Mask","ClockworkSouvenir","Pear","Potion Belt","Juzu Bracelet","MawBank","Fusion Hammer","Bottled Tornado","Ice Cream","FossilizedHelix","Blue Candle"],"potions_floor_usage":[],"damage_taken":[{"damage":0.0,"enemies":"Small Slimes","floor":1.0,"turns":3.0},{"damage":10.0,"enemies":"Jaw Worm","floor":2.0,"turns":6.0},{"damage":6.0,"enemies":"2 Louse","floor":5.0,"turns":3.0},{"damage":45.0,"enemies":"3 Sentries","floor":6.0,"turns":11.0},{"damage":17.0,"enemies":"2 Fungi Beasts","floor":8.0,"turns":4.0},{"damage":7.0,"enemies":"Gremlin Nob","floor":13.0,"turns":3.0},{"damage":16.0,"enemies":"Gremlin Gang","floor":14.0,"turns":3.0},{"damage":27.0,"enemies":"The Guardian","floor":16.0,"turns":13.0},{"damage":26.0,"enemies":"2 Thieves","floor":18.0,"turns":3.0},{"damage":20.0,"enemies":"Colosseum Slavers","floor":19.0,"turns":4.0},{"damage":33.0,"enemies":"Colosseum Nobs","floor":19.0,"turns":5.0},{"damage":6.0,"enemies":"Masked Bandits","floor":21.0,"turns":2.0},{"damage":0.0,"enemies":"Gremlin Leader","floor":23.0,"turns":4.0},{"damage":38.0,"enemies":"Slavers","floor":25.0,"turns":5.0},{"damage":60.0,"enemies":"Automaton","floor":33.0,"turns":7.0},{"damage":5.0,"enemies":"3 Shapes","floor":35.0,"turns":4.0},{"damage":36.0,"enemies":"Reptomancer","floor":41.0,"turns":4.0},{"damage":3.0,"enemies":"Orb Walker","floor":42.0,"turns":2.0},{"damage":6.0,"enemies":"3 Darklings","floor":44.0,"turns":3.0},{"damage":16.0,"enemies":"2 Orb Walkers","floor":45.0,"turns":3.0},{"damage":57.0,"enemies":"Mind Bloom Boss Battle","floor":47.0,"turns":3.0},{"damage":0.0,"enemies":"Sphere and 2 Shapes","floor":48.0,"turns":3.0},{"damage":129.0,"enemies":"Awakened One","floor":50.0,"turns":9.0},{"damage":62,"enemies":"Shield and Spear","floor":54,"turns":5},{"damage":89,"enemies":"The Heart","floor":55,"turns":5}],"seed_played":"-6824182928470516181","potions_obtained":[{"floor":6.0,"key":"PowerPotion"},{"floor":13.0,"key":"Weak Potion"},{"floor":16.0,"key":"Weak Potion"}],"is_trial":false,"path_per_floor":["M","M","?","$","M","E","R","M","T","R","?","?","E","M","R","B",null,"M","?","?","?","$","E","R","E","T","?","?","$","?","?","R","B",null,"M","?","?","?","$","R","E","M","T","M","?","R","?","M","R","B",null,"R","$","E","B"],"character_chosen":"IRONCLAD","items_purchased":["Feed","ClockworkSouvenir","Headbutt","Intimidate","True Grit","Pummel","Rage","Shrug It Off","Secret Technique"],"campfire_rested":4,"item_purchase_floors":[4,22,22,22,29,29,39,53,53],"current_hp_per_floor":[78,74,74,74,77,42,42,34,34,34,56,56,69,63,63,45,95,78,40,40,43,43,62,62,30,30,30,30,30,30,30,69,15,104,109,137,137,137,137,137,111,114,114,114,104,141,90,100,143,20,114,145,145,89,0],"gold":132,"neow_bonus":"HUNDRED_GOLD","is_prod":false,"is_daily":false,"chose_seed":false,"campfire_upgraded":4,"win_rate":0,"timestamp":1557958916,"path_taken":["M","M","?","$","M","E","R","M","T","R","?","?","E","M","R","BOSS","M","?","?","?","$","E","R","E","T","?","?","$","?","?","R","BOSS","M","?","?","?","$","R","E","M","T","M","?","R","?","M","R","BOSS","R","$","E","BOSS"],"build_version":"2019-01-23","purchased_purges":0,"victory":false,"max_hp_per_floor":[80,80,80,80,83,87,87,90,90,90,90,90,104,108,108,111,111,114,117,117,120,120,133,133,133,133,133,133,133,133,133,133,133,133,137,137,137,137,137,137,141,141,141,141,141,141,141,145,145,145,145,145,145,145,145],"card_choices":[{"not_picked":["Sword Boomerang","Bloodletting"],"picked":"Battle Trance","floor":1.0},{"not_picked":["Clothesline","Searing Blow"],"picked":"Armaments","floor":2.0},{"not_picked":["Havoc","Warcry"],"picked":"Sword Boomerang","floor":5.0},{"not_picked":["Dark Embrace","Sword Boomerang"],"picked":"Flex","floor":6.0},{"not_picked":["Heavy Blade","Searing Blow","Perfected Strike"],"picked":"SKIP","floor":8.0},{"not_picked":["Heavy Blade","Perfected Strike"],"picked":"Cleave","floor":13.0},{"not_picked":["Warcry","Body Slam"],"picked":"Uppercut","floor":14.0},{"not_picked":["Fiend Fire","Impervious"],"picked":"Offering","floor":16.0},{"not_picked":["Disarm","Clash"],"picked":"Shrug It Off","floor":18.0},{"not_picked":["Sentinel","Anger"],"picked":"Infernal Blade","floor":19.0},{"not_picked":["Armaments","Dropkick"],"picked":"Whirlwind+1","floor":21.0},{"not_picked":["Cleave+1","Sentinel"],"picked":"Feel No Pain","floor":23.0},{"not_picked":["Sever Soul","Shrug It Off"],"picked":"Infernal Blade+1","floor":25.0},{"not_picked":["Feed","Demon Form"],"picked":"Limit Break","floor":33.0},{"not_picked":["Wild Strike+1","Shockwave"],"picked":"Metallicize+1","floor":35.0},{"not_picked":["Mind Blast","PanicButton"],"picked":"Panache","floor":38.0},{"not_picked":["Clothesline+1","Bloodletting+1"],"picked":"True Grit+1","floor":41.0},{"not_picked":["Perfected Strike+1","Entrench","Rampage+1"],"picked":"SKIP","floor":42.0},{"not_picked":["Sword Boomerang","Cleave+1","Perfected Strike"],"picked":"SKIP","floor":44.0},{"not_picked":["Armaments","Corruption+1"],"picked":"Flex+1","floor":45.0},{"not_picked":["Bludgeon","Entrench"],"picked":"Seeing Red+1","floor":47.0},{"not_picked":["Iron Wave","Perfected Strike"],"picked":"Anger+1","floor":48.0},{"not_picked":["Wild Strike","True Grit"],"picked":"Anger+1","floor":54}],"player_experience":194983,"relics_obtained":[{"floor":6.0,"key":"Boot"},{"floor":9.0,"key":"Omamori"},{"floor":13.0,"key":"Mango"},{"floor":19.0,"key":"Charon\u0027s Ashes"},{"floor":19.0,"key":"Shuriken"},{"floor":21.0,"key":"Red Mask"},{"floor":23.0,"key":"Pear"},{"floor":25.0,"key":"Potion Belt"},{"floor":26.0,"key":"Juzu Bracelet"},{"floor":41.0,"key":"Bottled Tornado"},{"floor":45.0,"key":"Ice Cream"},{"floor":47.0,"key":"FossilizedHelix"},{"floor":54,"key":"Blue Candle"}],"event_choices":[{"damage_healed":0.0,"max_hp_gain":0.0,"max_hp_loss":0.0,"gold_gain":0.0,"event_name":"The Cleric","player_choice":"Leave","floor":3.0,"gold_loss":0.0,"damage_taken":0.0},{"damage_healed":22.0,"max_hp_gain":0.0,"max_hp_loss":0.0,"gold_gain":0.0,"event_name":"Mushrooms","player_choice":"Healed and dodged fight","floor":11.0,"gold_loss":0.0,"damage_taken":0.0,"cards_obtained":["Parasite"]},{"damage_healed":0.0,"max_hp_gain":0.0,"max_hp_loss":0.0,"gold_gain":0.0,"event_name":"Dead Adventurer","player_choice":"Searched \u00272\u0027 times","floor":12.0,"gold_loss":0.0,"damage_taken":0.0,"relics_obtained":["Vajra"]},{"damage_healed":0.0,"max_hp_gain":0.0,"max_hp_loss":0.0,"gold_gain":0.0,"event_name":"Colosseum","player_choice":"Fight","floor":19.0,"gold_loss":0.0,"damage_taken":0.0},{"damage_healed":0.0,"max_hp_gain":0.0,"max_hp_loss":0.0,"gold_gain":0.0,"event_name":"Colosseum","player_choice":"Fought Nobs","floor":19.0,"gold_loss":0.0,"damage_taken":0.0},{"damage_healed":0.0,"max_hp_gain":0.0,"max_hp_loss":0.0,"gold_gain":0.0,"event_name":"Back to Basics","player_choice":"Simplicity","floor":20.0,"gold_loss":0.0,"damage_taken":0.0,"cards_upgraded":["Strike_R","Strike_R","Strike_R","Strike_R","Strike_R","Defend_R","Defend_R","Defend_R","Defend_R"]},{"damage_healed":0.0,"max_hp_gain":0.0,"max_hp_loss":0.0,"gold_gain":0.0,"event_name":"Masked Bandits","player_choice":"Fought Bandits","floor":21.0,"gold_loss":0.0,"damage_taken":0.0},{"damage_healed":0.0,"max_hp_gain":0.0,"max_hp_loss":0.0,"gold_gain":0.0,"event_name":"Designer","player_choice":"Upgraded Two","floor":27.0,"gold_loss":40.0,"damage_taken":0.0,"cards_upgraded":["Bash","Feel No Pain"]},{"damage_healed":0.0,"max_hp_gain":0.0,"max_hp_loss":0.0,"gold_gain":0.0,"event_name":"Addict","player_choice":"Obtained Relic","floor":28.0,"gold_loss":85.0,"damage_taken":0.0,"relics_obtained":["MawBank"]},{"damage_healed":0.0,"max_hp_gain":0.0,"max_hp_loss":0.0,"gold_gain":0.0,"event_name":"Cursed Tome","player_choice":"Ignored","floor":30.0,"gold_loss":0.0,"damage_taken":0.0},{"damage_healed":0.0,"max_hp_gain":0.0,"max_hp_loss":0.0,"gold_gain":0.0,"event_name":"Vampires","player_choice":"Ignored","floor":31.0,"gold_loss":0.0,"damage_taken":0.0},{"damage_healed":34.0,"max_hp_gain":0.0,"max_hp_loss":0.0,"gold_gain":0.0,"event_name":"Winding Halls","player_choice":"Writhe","floor":36.0,"gold_loss":0.0,"damage_taken":0.0,"cards_obtained":["Writhe"]},{"cards_removed":["Defend_R"],"damage_healed":0.0,"max_hp_gain":0.0,"max_hp_loss":0.0,"gold_gain":0.0,"event_name":"Falling","player_choice":"Removed Skill","floor":37.0,"gold_loss":0.0,"damage_taken":0.0},{"damage_healed":0.0,"max_hp_gain":0.0,"max_hp_loss":0.0,"gold_gain":0.0,"event_name":"SensoryStone","player_choice":"Memory 1","floor":38.0,"gold_loss":0.0,"damage_taken":0.0},{"damage_healed":0.0,"max_hp_gain":0.0,"max_hp_loss":0.0,"gold_gain":0.0,"event_name":"Mysterious Sphere","player_choice":"Fight","floor":45.0,"gold_loss":0.0,"damage_taken":0.0},{"damage_healed":0.0,"max_hp_gain":0.0,"max_hp_loss":0.0,"gold_gain":0.0,"event_name":"MindBloom","player_choice":"Fight","floor":47.0,"gold_loss":0.0,"damage_taken":0.0}],"is_beta":false,"boss_relics":[{"not_picked":["Runic Dome","Runic Pyramid"],"picked":"Sozu"},{"not_picked":["Velvet Choker","White Beast Statue"],"picked":"Fusion Hammer"}],"items_purged_floors":[],"is_endless":false,"potions_floor_spawned":[6,13,16,18,23,33,41,44,45],"killed_by":"The Heart","ascension_level":7}