{"gold_per_floor":[117,117,117,16,70,110,110,126,150,168,212,230,261,280,280,399,399,424,424,424,8,24,55,22,65,65,65,109,129,129,142,142,262,262,285,618,718,733,181,181,206,206,206,258,278,306,326,352,352,352,352,352,11,38,38],"floor_reached":56,"playtime":3677,"items_purged":["Writhe","Strike_R"],"score":1727,"play_id":"cd9c7b11-3e01-477c-b59c-57df32ce43fd","local_time":"20190413014157","is_ascension_mode":true,"campfire_choices":[{"data":"Uppercut","floor":7,"key":"SMITH"},{"data":"Inflame","floor":15,"key":"SMITH"},{"data":"Shockwave","floor":27,"key":"SMITH"},{"data":"Evolve","floor":30,"key":"SMITH"},{"data":"Double Tap","floor":32,"key":"SMITH"},{"floor":40,"key":"RECALL"},{"data":"Bloodletting","floor":42,"key":"SMITH"},{"data":"Barricade","floor":49,"key":"SMITH"},{"data":"Power Through","floor":52,"key":"SMITH"}],"neow_cost":"CURSE","seed_source_timestamp":2786592086697994,"circlet_count":0,"master_deck":["Strike_R","Strike_R","Strike_R","Strike_R","Defend_R","Defend_R","Defend_R","Defend_R","Bash","Ghostly Armor","Uppercut+1","Shockwave+1","Iron Wave","Inflame+1","Dropkick","Ghostly Armor","Double Tap+1","Power Through+1","Thunderclap","Fire Breathing","Evolve+1","Bloodletting+1","Anger","Sword Boomerang","Metallicize","Offering","Sentinel","Havoc","Havoc+1","Offering","Havoc","Iron Wave+1","Anger+1","Havoc","Immolate","Dramatic Entrance","Shrug It Off+1","Heavy Blade+1","Barricade+1","Spot Weakness+1","Rage+1","Shrug It Off","Armaments"],"relics":["Burning Blood","Ice Cream","Peace Pipe","Lantern","Shuriken","Bird Faced Urn","Mark of Pain","Orichalcum","Bag of Preparation","Centennial Puzzle","Dead Branch","Mummified Hand","StoneCalendar","Runic Dome","Gambling Chip","Mango","Molten Egg 2","Strawberry","Ginger","PreservedInsect","ClockworkSouvenir","Bottled Lightning"],"potions_floor_usage":[6,13,18,33,37,55,55,55],"damage_taken":[{"damage":5,"enemies":"Small Slimes","floor":1,"turns":3},{"damage":14,"enemies":"Gremlin Nob","floor":6,"turns":5},{"damage":2,"enemies":"Jaw Worm","floor":8,"turns":4},{"damage":0,"enemies":"2 Louse","floor":10,"turns":2},{"damage":28,"enemies":"3 Sentries","floor":11,"turns":11},{"damage":0,"enemies":"Blue Slaver","floor":12,"turns":3},{"damage":9,"enemies":"Gremlin Nob","floor":13,"turns":4},{"damage":0,"enemies":"Exordium Wildlife","floor":14,"turns":3},{"damage":0,"enemies":"Slime Boss","floor":16,"turns":5},{"damage":4,"enemies":"2 Thieves","floor":18,"turns":3},{"damage":3,"enemies":"3 Byrds","floor":22,"turns":5},{"damage":17,"enemies":"Book of Stabbing","floor":23,"turns":5},{"damage":13,"enemies":"Slavers","floor":25,"turns":5},{"damage":9,"enemies":"Gremlin Leader","floor":28,"turns":4},{"damage":18,"enemies":"Snake Plant","floor":29,"turns":2},{"damage":6,"enemies":"Chosen and Byrds","floor":31,"turns":3},{"damage":25,"enemies":"Collector","floor":33,"turns":7},{"damage":9,"enemies":"Orb Walker","floor":35,"turns":2},{"damage":13,"enemies":"Mind Bloom Boss Battle","floor":37,"turns":3},{"damage":15,"enemies":"3 Darklings","floor":38,"turns":2},{"damage":32,"enemies":"Nemesis","floor":41,"turns":3},{"damage":9,"enemies":"Spire Growth","floor":45,"turns":1},{"damage":18,"enemies":"Reptomancer","floor":46,"turns":2},{"damage":15,"enemies":"Transient","floor":47,"turns":5},{"damage":3,"enemies":"Giant Head","floor":48,"turns":4},{"damage":21,"enemies":"Awakened One","floor":50,"turns":6},{"damage":36,"enemies":"Shield and Spear","floor":54,"turns":5},{"damage":19,"enemies":"The Heart","floor":55,"turns":6}],"seed_played":"8040132109209787441","potions_obtained":[{"floor":1,"key":"EssenceOfSteel"},{"floor":10,"key":"PowerPotion"},{"floor":11,"key":"EssenceOfSteel"},{"floor":13,"key":"Swift Potion"},{"floor":16,"key":"SneckoOil"},{"floor":22,"key":"Block Potion"},{"floor":33,"key":"AttackPotion"},{"floor":37,"key":"SpeedPotion"}],"is_trial":false,"path_per_floor":["M","?","?","$","?","E","R","M","T","M","E","M","E","M","R","B",null,"M","?","?","$","M","E","$","E","T","R","E","M","R","M","R","B",null,"M","?","?","M","$","R","E","R","T","T","M","E","M","E","R","B",null,"R","$","E","B",null],"character_chosen":"IRONCLAD","items_purchased":["Clash","Bag of Preparation","Evolve","Bloodletting","Anger","Metallicize","Mango","PowerPotion","Havoc","Immolate","Dramatic Entrance","Shrug It Off","ClockworkSouvenir","Ancient Potion","Armaments"],"campfire_rested":0,"item_purchase_floors":[4,21,21,21,21,24,39,39,39,39,39,53,53,53,53],"current_hp_per_floor":[80,60,65,65,65,57,57,61,61,67,45,51,48,54,54,62,85,85,85,85,85,85,74,74,75,75,75,80,78,78,85,85,72,85,84,84,80,83,97,97,77,77,77,84,87,79,86,95,95,98,106,106,106,85,90],"gold":38,"neow_bonus":"ONE_RARE_RELIC","is_prod":false,"is_daily":false,"chose_seed":false,"campfire_upgraded":8,"win_rate":0,"timestamp":1555134117,"path_taken":["M","?","?","$","?","E","R","M","T","M","E","?","E","M","R","BOSS","M","?","?","$","M","E","$","E","T","R","E","M","R","?","R","BOSS","M","?","?","M","$","R","E","R","T","?","M","E","M","E","R","BOSS","R","$","E","BOSS"],"build_version":"2019-04-04","purchased_purges":2,"victory":true,"max_hp_per_floor":[80,80,85,85,85,85,85,85,85,85,85,85,85,85,85,85,85,85,85,85,85,85,85,85,85,85,85,85,85,85,85,85,85,85,85,85,85,85,99,99,99,99,99,106,106,106,106,106,106,106,106,106,106,106,106],"card_choices":[{"not_picked":["True Grit","Sword Boomerang"],"picked":"Ghostly Armor","floor":1},{"not_picked":["Second Wind","Metallicize"],"picked":"Uppercut","floor":6},{"not_picked":["Wild Strike","Warcry"],"picked":"Shockwave","floor":8},{"not_picked":["Second Wind","Hemokinesis"],"picked":"Iron Wave","floor":10},{"not_picked":["Second Wind","Clothesline"],"picked":"Clash","floor":11},{"not_picked":["Heavy Blade","Pommel Strike"],"picked":"Inflame","floor":12},{"not_picked":["Anger","Blood for Blood"],"picked":"Dropkick","floor":13},{"not_picked":["Uppercut","Sword Boomerang"],"picked":"Ghostly Armor","floor":14},{"not_picked":["Juggernaut","Limit Break"],"picked":"Double Tap","floor":16},{"not_picked":["Wild Strike","Perfected Strike"],"picked":"Power Through","floor":18},{"not_picked":["Thunderclap","Havoc"],"picked":"Sword Boomerang","floor":22},{"not_picked":["Uppercut","Searing Blow","Blood for Blood"],"picked":"SKIP","floor":23},{"not_picked":["Shockwave+1","Thunderclap+1"],"picked":"Offering","floor":25},{"not_picked":["Perfected Strike","Pommel Strike"],"picked":"Sentinel","floor":28},{"not_picked":["Thunderclap","Entrench+1"],"picked":"Havoc","floor":29},{"not_picked":["Cleave","Iron Wave"],"picked":"Havoc+1","floor":31},{"not_picked":["Dark Embrace","Reaper"],"picked":"Offering","floor":33},{"not_picked":["Shockwave+1","Body Slam+1"],"picked":"Havoc","floor":35},{"not_picked":["Wild Strike+1","Reckless Charge"],"picked":"Iron Wave+1","floor":37},{"not_picked":["Headbutt","Dual Wield+1"],"picked":"Anger+1","floor":38},{"not_picked":["Wild Strike+1","Flex"],"picked":"Shrug It Off+1","floor":41},{"not_picked":["Clash+1","Searing Blow+1"],"picked":"Heavy Blade+1","floor":45},{"not_picked":["Sentinel","Clash+1"],"picked":"Barricade","floor":46},{"not_picked":["Thunderclap+1","Bloodletting+1"],"picked":"Spot Weakness+1","floor":47},{"not_picked":["Havoc","Hemokinesis+1"],"picked":"Rage+1","floor":48},{"not_picked":["Clash+1","Perfected Strike+1","Clothesline+1"],"picked":"SKIP","floor":54}],"player_experience":5295552,"relics_obtained":[{"floor":6,"key":"Peace Pipe"},{"floor":9,"key":"Lantern"},{"floor":11,"key":"Shuriken"},{"floor":13,"key":"Bird Faced Urn"},{"floor":23,"key":"Centennial Puzzle"},{"floor":25,"key":"Dead Branch"},{"floor":26,"key":"Mummified Hand"},{"floor":28,"key":"StoneCalendar"},{"floor":37,"key":"Gambling Chip"},{"floor":41,"key":"Molten Egg 2"},{"floor":44,"key":"Strawberry"},{"floor":46,"key":"Ginger"},{"floor":48,"key":"PreservedInsect"},{"floor":54,"key":"Bottled Lightning"}],"event_choices":[{"damage_healed":0,"gold_gain":0,"player_choice":"Take Damage","damage_taken":20,"relics_obtained":["Golden Idol"],"max_hp_gain":0,"max_hp_loss":0,"event_name":"Golden Idol","floor":2,"gold_loss":0},{"damage_healed":0,"gold_gain":0,"player_choice":"Donut","damage_taken":0,"max_hp_gain":5,"max_hp_loss":0,"event_name":"Big Fish","floor":3,"gold_loss":0},{"damage_healed":0,"gold_gain":54,"player_choice":"Gained Gold","damage_taken":0,"max_hp_gain":0,"max_hp_loss":0,"event_name":"Golden Wing","floor":5,"gold_loss":0},{"damage_healed":0,"gold_gain":0,"player_choice":"Opened","damage_taken":0,"relics_obtained":["Orichalcum"],"max_hp_gain":0,"max_hp_loss":0,"event_name":"The Mausoleum","floor":19,"gold_loss":0},{"damage_healed":0,"gold_gain":0,"cards_transformed":["Clash","Clash"],"player_choice":"Became Test Subject","damage_taken":0,"max_hp_gain":0,"max_hp_loss":0,"event_name":"Drug Dealer","floor":20,"gold_loss":0,"cards_obtained":["Thunderclap","Fire Breathing"]},{"damage_healed":0,"gold_gain":333,"player_choice":"Gave Idol","damage_taken":0,"max_hp_gain":0,"max_hp_loss":0,"event_name":"The Moai Head","floor":36,"relics_lost":["Golden Idol"],"gold_loss":0},{"damage_healed":0,"gold_gain":0,"player_choice":"Fight","damage_taken":0,"max_hp_gain":0,"max_hp_loss":0,"event_name":"MindBloom","floor":37,"gold_loss":0}],"is_beta":true,"boss_relics":[{"not_picked":["Eternal Feather","Snecko Eye"],"picked":"Mark of Pain"},{"not_picked":["Runic Cube","Coffee Dripper"],"picked":"Runic Dome"}],"items_purged_floors":[4,21],"is_endless":false,"potions_floor_spawned":[1,10,11,13,16,22,25,31,33,37,45,46,47],"ascension_level":1}