{"gold_per_floor":[109,119,119,84,103,103,161,193,193,224,224,244,263,295,295,366,366,382,382,90,105,5,5,20,20,20,34,34,34,65,81,81,154,154,174,225,14,14,14,14,42,42,42,42,42],"floor_reached":45,"playtime":1870,"items_purged":["Strike_B","Strike_B","Strike_B+1"],"score":1154,"play_id":"e148cd7c-9f0a-4f33-81ed-208cffb37eb0","local_time":"20190505181619","is_ascension_mode":true,"campfire_choices":[{"data":"Zap","floor":6.0,"key":"SMITH"},{"floor":11.0,"key":"REST"},{"data":"Biased Cognition","floor":15.0,"key":"SMITH"},{"data":"Hologram","floor":23.0,"key":"SMITH"},{"data":"Dualcast","floor":25.0,"key":"SMITH"},{"data":"Defragment","floor":29.0,"key":"SMITH"},{"floor":32.0,"key":"REST"},{"data":"Defragment","floor":40,"key":"SMITH"},{"data":"Creative AI","floor":42,"key":"SMITH"},{"data":"Coolheaded","floor":44,"key":"SMITH"}],"neow_cost":"NONE","seed_source_timestamp":8902762324500,"circlet_count":0,"master_deck":["AscendersBane","Strike_B+1","Defend_B","Defend_B","Defend_B","Defend_B","Zap+1","Dualcast+1","Finesse","Ball Lightning","Darkness","Hologram+1","Steam","Leap","Cold Snap","Cold Snap","Biased Cognition+1","Core Surge","Leap","Biased Cognition+1","Coolheaded+1","Defragment+1","Creative AI+1","Capacitor","Defragment+1","FTL","Hologram","Coolheaded","Self Repair"],"special_seed":0,"relics":["Cracked Core","Cables","Kunai","Boot","Symbiotic Virus","Whetstone","Mercury Hourglass","Philosopher\u0027s Stone","DollysMirror","Mummified Hand","Orrery","Incense Burner","Blue Candle","Bronze Scales"],"potions_floor_usage":[41],"damage_taken":[{"damage":4.0,"enemies":"Small Slimes","floor":1.0,"turns":4.0},{"damage":0.0,"enemies":"2 Louse","floor":2.0,"turns":3.0},{"damage":0.0,"enemies":"Cultist","floor":5.0,"turns":4.0},{"damage":27.0,"enemies":"3 Sentries","floor":7.0,"turns":6.0},{"damage":17.0,"enemies":"Lagavulin","floor":8.0,"turns":5.0},{"damage":0.0,"enemies":"3 Sentries","floor":10.0,"turns":5.0},{"damage":6.0,"enemies":"Exordium Wildlife","floor":12.0,"turns":3.0},{"damage":5.0,"enemies":"3 Louse","floor":13.0,"turns":3.0},{"damage":4.0,"enemies":"Lagavulin","floor":14.0,"turns":5.0},{"damage":0.0,"enemies":"The Guardian","floor":16.0,"turns":7.0},{"damage":21.0,"enemies":"Spheric Guardian","floor":18.0,"turns":4.0},{"damage":10.0,"enemies":"2 Thieves","floor":21.0,"turns":3.0},{"damage":0.0,"enemies":"Snecko","floor":24.0,"turns":2.0},{"damage":0.0,"enemies":"Cultist and Chosen","floor":27.0,"turns":6.0},{"damage":9.0,"enemies":"Book of Stabbing","floor":30.0,"turns":3.0},{"damage":0.0,"enemies":"3 Cultists","floor":31.0,"turns":4.0},{"damage":36,"enemies":"Automaton","floor":33,"turns":10},{"damage":1,"enemies":"3 Shapes","floor":35,"turns":5},{"damage":14,"enemies":"2 Orb Walkers","floor":36,"turns":5},{"damage":15,"enemies":"Nemesis","floor":41,"turns":9},{"damage":32,"enemies":"3 Darklings","floor":45,"turns":2}],"seed_played":"8813001691076921938","potions_obtained":[{"floor":2.0,"key":"Energy Potion"},{"floor":5.0,"key":"Regen Potion"},{"floor":7.0,"key":"SpeedPotion"},{"floor":13.0,"key":"EssenceOfSteel"},{"floor":14.0,"key":"LiquidBronze"},{"floor":36,"key":"SteroidPotion"},{"floor":39,"key":"SkillPotion"}],"is_trial":false,"path_per_floor":["M","M","?","?","M","R","?","E","T","E","R","M","M","E","R","B",null,"M","?","$","M","$","R","M","R","T","M","?","R","E","M","R","B",null,"M","?","$","?","?","R","E","R","T","R","M"],"character_chosen":"DEFECT","items_purchased":["DollysMirror","FocusPotion"],"campfire_rested":2,"item_purchase_floors":[20,37],"current_hp_per_floor":[60,60,42,59,59,59,46,29,29,29,50,44,39,35,35,35,62,41,41,41,31,31,31,31,31,31,31,31,31,22,22,43,7,55,54,40,40,40,40,40,32,32,32,32,0],"gold":42,"neow_bonus":"RANDOM_COLORLESS","is_prod":false,"is_daily":false,"chose_seed":false,"campfire_upgraded":8,"win_rate":0,"timestamp":1557094579,"path_taken":["M","M","?","?","M","R","?","E","T","E","R","M","M","E","R","BOSS","M","?","$","M","$","R","M","R","T","M","?","R","E","M","R","BOSS","M","?","$","?","?","R","E","R","T","R","M"],"build_version":"2019-04-23","purchased_purges":3,"victory":false,"max_hp_per_floor":[71,71,71,71,71,71,71,71,71,71,71,71,71,71,71,71,71,71,71,71,71,71,71,71,71,71,71,71,71,71,71,71,71,71,71,71,71,67,67,67,67,67,67,67,67],"card_choices":[{"not_picked":["Fusion","Genetic Algorithm"],"picked":"Ball Lightning","floor":1.0},{"not_picked":["Hologram","Stack"],"picked":"Darkness","floor":2.0},{"not_picked":["Gash","All For One"],"picked":"Hologram","floor":5.0},{"not_picked":["Coolheaded","Recycle"],"picked":"Steam","floor":7.0},{"not_picked":["Melter","Tempest"],"picked":"Leap","floor":8.0},{"not_picked":["Beam Cell","Skim"],"picked":"Cold Snap","floor":10.0},{"not_picked":["Leap","Turbo"],"picked":"Cold Snap","floor":12.0},{"not_picked":["Conserve Battery","Sunder"],"picked":"Biased Cognition","floor":13.0},{"not_picked":["Recycle","Sweeping Beam","Leap"],"picked":"SKIP","floor":14.0},{"not_picked":["Buffer","Reboot"],"picked":"Core Surge","floor":16.0},{"not_picked":["Blizzard","Doom and Gloom"],"picked":"Leap","floor":18.0},{"not_picked":["Skim","Leap"],"picked":"Coolheaded","floor":21.0},{"not_picked":["Hello World","Ball Lightning+1","Turbo"],"picked":"SKIP","floor":24.0},{"not_picked":["Scrape","Barrage"],"picked":"Defragment","floor":27.0},{"not_picked":["Gash","Sweeping Beam","Beam Cell"],"picked":"SKIP","floor":30.0},{"not_picked":["Darkness","Chaos","Streamline"],"picked":"SKIP","floor":31.0},{"not_picked":["Seek","Thunder Strike"],"picked":"Creative AI","floor":33},{"not_picked":["Rebound","Hologram"],"picked":"Capacitor","floor":34},{"not_picked":["Blizzard","Redo"],"picked":"Defragment","floor":34},{"not_picked":["Stack","Rebound+1"],"picked":"FTL","floor":34},{"not_picked":["Chaos","Steam Power"],"picked":"Hologram","floor":34},{"not_picked":["Consume+1","Reboot"],"picked":"Coolheaded","floor":35},{"not_picked":["Turbo","Beam Cell"],"picked":"Self Repair","floor":36},{"not_picked":["Rebound","Genetic Algorithm+1","Hello World"],"picked":"SKIP","floor":41}],"player_experience":806253,"relics_obtained":[{"floor":8.0,"key":"Boot"},{"floor":9.0,"key":"Symbiotic Virus"},{"floor":10.0,"key":"Whetstone"},{"floor":14.0,"key":"Mercury Hourglass"},{"floor":30.0,"key":"Mummified Hand"},{"floor":36,"key":"Incense Burner"},{"floor":41,"key":"Blue Candle"},{"floor":43,"key":"Bronze Scales"}],"event_choices":[{"damage_healed":0.0,"max_hp_gain":0.0,"max_hp_loss":0.0,"gold_gain":0.0,"event_name":"Scrap Ooze","player_choice":"Success","floor":3.0,"gold_loss":0.0,"damage_taken":18.0,"relics_obtained":["Cables"]},{"damage_healed":17.0,"max_hp_gain":0.0,"max_hp_loss":0.0,"gold_gain":0.0,"event_name":"The Cleric","player_choice":"Healed","floor":4.0,"gold_loss":35.0,"damage_taken":0.0},{"damage_healed":0.0,"max_hp_gain":0.0,"max_hp_loss":0.0,"gold_gain":0.0,"event_name":"Dead Adventurer","player_choice":"Searched \u00272\u0027 times","floor":7.0,"gold_loss":0.0,"damage_taken":0.0,"relics_obtained":["Kunai"]},{"damage_healed":0.0,"max_hp_gain":0.0,"max_hp_loss":0.0,"gold_gain":0.0,"event_name":"Vampires","player_choice":"Ignored","floor":19.0,"gold_loss":0.0,"damage_taken":0.0},{"damage_healed":0.0,"max_hp_gain":0.0,"max_hp_loss":0.0,"gold_gain":0.0,"event_name":"Ghosts","player_choice":"Ignored","floor":28.0,"gold_loss":0.0,"damage_taken":0.0},{"damage_healed":0,"gold_gain":0,"player_choice":"Fight","damage_taken":0,"max_hp_gain":0,"max_hp_loss":0,"event_name":"Mysterious Sphere","floor":36,"gold_loss":0},{"damage_healed":0,"gold_gain":0,"player_choice":"Max HP","damage_taken":0,"max_hp_gain":0,"max_hp_loss":4,"event_name":"Winding Halls","floor":38,"gold_loss":0},{"damage_healed":0,"gold_gain":0,"player_choice":"Got Potions","damage_taken":0,"max_hp_gain":0,"max_hp_loss":0,"event_name":"Lab","floor":39,"gold_loss":0}],"is_beta":true,"boss_relics":[{"not_picked":["Fusion Hammer","Runic Pyramid"],"picked":"Philosopher\u0027s Stone"},{"not_picked":["Sozu","Black Star"],"picked":"Orrery"}],"items_purged_floors":[20,22,37],"is_endless":false,"potions_floor_spawned":[2,5,7,13,14,21,24,27,36],"killed_by":"3 Darklings","ascension_level":20}