{"gold_per_floor":[111,121,46,59,85,85,95,95,142,142,159,159,169,169,169,246,246,263,263,283,283,300,300,330,330,330,330,139,156,187,200,200,278,278,294,294],"floor_reached":36,"playtime":1379,"items_purged":["Regret"],"score":774,"play_id":"a972c4d9-599b-4a98-be93-e50760b74733","local_time":"20190513005347","is_ascension_mode":true,"campfire_choices":[{"data":"Spot Weakness","floor":6,"key":"SMITH"},{"data":"True Grit","floor":8,"key":"SMITH"},{"data":"Bash","floor":12,"key":"SMITH"},{"data":"Power Through","floor":15,"key":"SMITH"},{"data":"Pummel","floor":23,"key":"SMITH"},{"floor":27,"key":"REST"},{"floor":32,"key":"REST"}],"neow_cost":"CURSE","seed_source_timestamp":2717565478571290,"circlet_count":0,"master_deck":["AscendersBane","Strike_R+1","Strike_R+1","Strike_R+1","Strike_R+1","Strike_R+1","Defend_R+1","Defend_R+1","Defend_R+1","Defend_R+1","Bash+1","Spot Weakness+1","Power Through+1","True Grit+1","Clothesline","Twin Strike","Reaper","Flame Barrier+1","Pummel+1","Barricade","Inflame","Evolve","Body Slam+1","Limit Break"],"relics":["Burning Blood","Happy Flower","Anchor","Mark of Pain","Art of War","FaceOfCleric","Meat on the Bone","Kunai","Sozu"],"potions_floor_usage":[7,16,24,24,28,33],"damage_taken":[{"damage":10,"enemies":"Cultist","floor":1,"turns":4},{"damage":14,"enemies":"Jaw Worm","floor":2,"turns":5},{"damage":1,"enemies":"2 Louse","floor":4,"turns":4},{"damage":10,"enemies":"Large Slime","floor":7,"turns":7},{"damage":7,"enemies":"Blue Slaver","floor":11,"turns":4},{"damage":8,"enemies":"Exordium Thugs","floor":13,"turns":4},{"damage":72,"enemies":"Hexaghost","floor":16,"turns":16},{"damage":24,"enemies":"Chosen","floor":18,"turns":6},{"damage":12,"enemies":"2 Thieves","floor":20,"turns":5},{"damage":14,"enemies":"Centurion and Healer","floor":22,"turns":8},{"damage":69,"enemies":"Slavers","floor":24,"turns":9},{"damage":21,"enemies":"3 Cultists","floor":29,"turns":5},{"damage":43,"enemies":"Gremlin Leader","floor":30,"turns":8},{"damage":28,"enemies":"Cultist and Chosen","floor":31,"turns":7},{"damage":14,"enemies":"Champ","floor":33,"turns":12},{"damage":27,"enemies":"3 Shapes","floor":35,"turns":8},{"damage":123,"enemies":"2 Orb Walkers","floor":36,"turns":6}],"seed_played":"-7295676935779147313","potions_obtained":[{"floor":2,"key":"SpeedPotion"},{"floor":4,"key":"Fire Potion"},{"floor":18,"key":"SkillPotion"},{"floor":21,"key":"Fire Potion"},{"floor":24,"key":"Poison Potion"},{"floor":31,"key":"PowerPotion"}],"is_trial":false,"path_per_floor":["M","M","$","M","T","R","M","R","T","?","M","R","M","?","R","B",null,"M","?","M","?","M","R","E","?","T","R","$","M","E","M","R","B",null,"M","?"],"character_chosen":"IRONCLAD","items_purchased":["Inflame","Fruit Juice"],"campfire_rested":2,"item_purchase_floors":[28,28],"current_hp_per_floor":[78,70,70,75,75,75,71,71,71,58,57,57,55,84,84,18,71,62,62,60,60,62,62,17,17,17,43,48,66,60,57,86,86,95,78,0],"gold":294,"neow_bonus":"TWENTY_PERCENT_HP_BONUS","is_prod":false,"is_daily":false,"chose_seed":false,"campfire_upgraded":5,"win_rate":0,"timestamp":1557719627,"path_taken":["M","M","$","M","?","R","M","R","T","?","?","R","?","?","R","BOSS","M","?","M","?","?","R","E","?","T","R","?","M","E","M","R","BOSS","M","?"],"build_version":"2019-01-23","purchased_purges":1,"victory":false,"max_hp_per_floor":[89,89,89,89,89,89,89,89,89,89,89,89,89,89,89,89,89,89,89,89,89,89,89,89,89,89,89,94,95,96,97,97,98,98,99,99],"card_choices":[{"not_picked":["Searing Blow","Feel No Pain"],"picked":"Spot Weakness","floor":1},{"not_picked":["True Grit","Perfected Strike"],"picked":"Power Through","floor":2},{"not_picked":["Flex","Thunderclap"],"picked":"True Grit","floor":4},{"not_picked":["Warcry","Combust","Iron Wave"],"picked":"SKIP","floor":7},{"not_picked":["Iron Wave","Cleave"],"picked":"Clothesline","floor":11},{"not_picked":["Wild Strike","Body Slam"],"picked":"Twin Strike","floor":13},{"not_picked":["Brutality","Fiend Fire"],"picked":"Reaper","floor":16},{"not_picked":["Warcry+1","Armaments"],"picked":"Flame Barrier+1","floor":18},{"not_picked":["Clash","Twin Strike"],"picked":"Pummel","floor":20},{"not_picked":["Havoc","Sword Boomerang","Thunderclap"],"picked":"SKIP","floor":22},{"not_picked":["Shrug It Off","Rage+1"],"picked":"Barricade","floor":24},{"not_picked":["Anger","Heavy Blade","Evolve"],"picked":"SKIP","floor":29},{"not_picked":["Anger","Heavy Blade"],"picked":"Evolve","floor":29},{"not_picked":["Combust","Headbutt","Rupture"],"picked":"SKIP","floor":30},{"not_picked":["Whirlwind","Shrug It Off"],"picked":"Body Slam+1","floor":31},{"not_picked":["Fiend Fire","Immolate"],"picked":"Limit Break","floor":33},{"not_picked":["Sword Boomerang","Wild Strike","Clothesline+1"],"picked":"SKIP","floor":35}],"player_experience":1330536,"relics_obtained":[{"floor":5,"key":"Happy Flower"},{"floor":9,"key":"Anchor"},{"floor":24,"key":"Art of War"},{"floor":26,"key":"Meat on the Bone"},{"floor":30,"key":"Kunai"}],"event_choices":[{"damage_healed":0,"gold_gain":0,"player_choice":"Damaged","damage_taken":13,"max_hp_gain":0,"max_hp_loss":0,"event_name":"Wheel of Change","floor":10,"gold_loss":0},{"damage_healed":29,"gold_gain":0,"player_choice":"Banana","damage_taken":0,"max_hp_gain":0,"max_hp_loss":0,"event_name":"Big Fish","floor":14,"gold_loss":0},{"damage_healed":0,"gold_gain":0,"player_choice":"Simplicity","damage_taken":0,"max_hp_gain":0,"max_hp_loss":0,"event_name":"Back to Basics","floor":19,"gold_loss":0,"cards_upgraded":["Strike_R","Strike_R","Strike_R","Strike_R","Strike_R","Defend_R","Defend_R","Defend_R","Defend_R"]},{"damage_healed":0,"gold_gain":0,"player_choice":"Got Potions","damage_taken":0,"max_hp_gain":0,"max_hp_loss":0,"event_name":"Lab","floor":21,"gold_loss":0},{"damage_healed":0,"gold_gain":0,"player_choice":"Trade","damage_taken":0,"relics_obtained":["FaceOfCleric"],"max_hp_gain":0,"max_hp_loss":0,"event_name":"FaceTrader","floor":25,"gold_loss":0},{"damage_healed":0,"gold_gain":0,"player_choice":"Fight","damage_taken":0,"max_hp_gain":0,"max_hp_loss":0,"event_name":"Mysterious Sphere","floor":36,"gold_loss":0}],"is_beta":false,"boss_relics":[{"not_picked":["Ectoplasm","Empty Cage"],"picked":"Mark of Pain"},{"not_picked":["Black Star","Pandora\u0027s Box"],"picked":"Sozu"}],"items_purged_floors":[3],"is_endless":false,"potions_floor_spawned":[2,4,18,24,31,35],"killed_by":"2 Orb Walkers","ascension_level":18}