{"gold_per_floor":[219,219,232,307,307,338,338,338],"floor_reached":8,"playtime":363,"items_purged":[],"score":57,"play_id":"4bcb52ad-1064-4c63-a0f6-8e8515c6a881","local_time":"20190303201931","is_ascension_mode":true,"campfire_choices":[{"floor":7,"key":"DIG"}],"neow_cost":"NONE","seed_source_timestamp":191679714582111,"circlet_count":0,"master_deck":["Strike_R","Strike_R","Strike_R","Strike_R","Strike_R","Defend_R","Defend_R","Defend_R","Defend_R","Bash","Clothesline","Regret","Iron Wave","Power Through+1"],"relics":["Burning Blood","Shovel","Golden Idol","Toxic Egg 2","Question Card"],"potions_floor_usage":[8,8],"damage_taken":[{"damage":2,"enemies":"2 Louse","floor":1,"turns":3},{"damage":2,"enemies":"Small Slimes","floor":3,"turns":3},{"damage":50,"enemies":"Lagavulin","floor":6,"turns":8},{"damage":42,"enemies":"3 Sentries","floor":8,"turns":8}],"seed_played":"5033956524474450551","potions_obtained":[{"floor":3,"key":"Fire Potion"},{"floor":6,"key":"Regen Potion"}],"is_trial":false,"path_per_floor":["M","?","M","?","?","E","R","E"],"character_chosen":"IRONCLAD","items_purchased":[],"campfire_rested":0,"item_purchase_floors":[],"current_hp_per_floor":[80,80,80,69,69,25,25,0],"gold":338,"neow_bonus":"HUNDRED_GOLD","is_prod":false,"is_daily":false,"chose_seed":false,"campfire_upgraded":0,"win_rate":0,"timestamp":1551662371,"path_taken":["M","?","M","?","?","E","R","E"],"build_version":"2019-02-06","purchased_purges":0,"victory":false,"max_hp_per_floor":[80,80,80,80,74,74,74,74],"card_choices":[{"not_picked":["Havoc","Evolve"],"picked":"Clothesline","floor":1},{"not_picked":["Rampage","Second Wind"],"picked":"Iron Wave","floor":3},{"not_picked":["Havoc","Heavy Blade"],"picked":"Power Through","floor":6}],"player_experience":4778106,"relics_obtained":[{"floor":6,"key":"Toxic Egg 2"},{"floor":7,"key":"Question Card"}],"event_choices":[{"damage_healed":0,"gold_gain":0,"player_choice":"Box","damage_taken":0,"relics_obtained":["Shovel"],"max_hp_gain":0,"max_hp_loss":0,"event_name":"Big Fish","floor":2,"gold_loss":0,"cards_obtained":["Regret"]},{"damage_healed":0,"gold_gain":75,"player_choice":"Gather Gold","damage_taken":11,"max_hp_gain":0,"max_hp_loss":0,"event_name":"World of Goop","floor":4,"gold_loss":0},{"damage_healed":0,"gold_gain":0,"player_choice":"Lose Max HP","damage_taken":0,"relics_obtained":["Golden Idol"],"max_hp_gain":0,"max_hp_loss":6,"event_name":"Golden Idol","floor":5,"gold_loss":0}],"is_beta":true,"boss_relics":[],"items_purged_floors":[],"is_endless":false,"potions_floor_spawned":[3,6],"killed_by":"3 Sentries","ascension_level":1}