{"gold_per_floor":[113,129,50,225,175,200,212,235,270,282,311,323,370,402,414,528,590,613,636,668,680,704,716,728,775,787,799,842,854,866,897,909,921],"floor_reached":33,"playtime":2575,"items_purged":[],"score":525,"play_id":"a7275b18-e233-478c-b24d-203080fd62bb","local_time":"20190216122542","is_ascension_mode":true,"campfire_choices":[{"data":"Noxious Fumes","floor":7,"key":"SMITH"},{"data":"Cloak And Dagger","floor":10,"key":"SMITH"},{"data":"Cloak And Dagger","floor":12,"key":"SMITH"},{"data":"1","floor":15,"key":"LIFT"},{"floor":23,"key":"REST"},{"floor":27,"key":"REST"},{"floor":29,"key":"REST"},{"data":"2","floor":32,"key":"LIFT"}],"neow_cost":"NONE","seed_source_timestamp":166440227963767,"circlet_count":0,"master_deck":["Defend_G","Defend_G","Defend_G","Defend_G","Defend_G","Strike_G","Strike_G","Strike_G","Strike_G","Strike_G","Survivor","Neutralize+1","Deadly Poison","Cloak And Dagger+1","Noxious Fumes+1","Cloak And Dagger+1","Cloak And Dagger","Backstab","Corpse Explosion","Noxious Fumes+1","Poisoned Stab","Catalyst+1","Deadly Poison+1","Caltrops+1"],"relics":["Ring of the Snake","NeowsBlessing","MawBank","Omamori","Girya","Tiny House","Pen Nib","Bag of Marbles"],"potions_floor_usage":[16,16,19,25,25,25,25,25,33,33],"damage_taken":[{"damage":0,"enemies":"Small Slimes","floor":1,"turns":1},{"damage":0,"enemies":"2 Louse","floor":2,"turns":1},{"damage":0,"enemies":"3 Sentries","floor":6,"turns":1},{"damage":0,"enemies":"Cultist","floor":8,"turns":4},{"damage":16,"enemies":"3 Louse","floor":11,"turns":4},{"damage":28,"enemies":"Gremlin Nob","floor":13,"turns":5},{"damage":0,"enemies":"Red Slaver","floor":14,"turns":3},{"damage":4,"enemies":"Hexaghost","floor":16,"turns":9},{"damage":27,"enemies":"Spheric Guardian","floor":18,"turns":6},{"damage":1,"enemies":"Chosen","floor":19,"turns":4},{"damage":7,"enemies":"Centurion and Healer","floor":20,"turns":5},{"damage":6,"enemies":"3 Cultists","floor":22,"turns":3},{"damage":34,"enemies":"Gremlin Leader","floor":25,"turns":7},{"damage":20,"enemies":"Slavers","floor":28,"turns":3},{"damage":27,"enemies":"Shelled Parasite and Fungi","floor":31,"turns":6},{"damage":81,"enemies":"Collector","floor":33,"turns":6}],"seed_played":"4913062794206247188","potions_obtained":[{"floor":1,"key":"PowerPotion"},{"floor":8,"key":"GhostInAJar"},{"floor":11,"key":"Swift Potion"},{"floor":17,"key":"EssenceOfSteel"},{"floor":18,"key":"EntropicBrew"},{"floor":19,"key":"Swift Potion"},{"floor":31,"key":"Ancient Potion"}],"is_trial":false,"path_per_floor":["M","M","$","?","?","E","R","M","T","R","M","R","E","M","R","B",null,"M","M","M","?","M","R","?","E","T","R","E","R","?","M","R","B"],"character_chosen":"THE_SILENT","items_purchased":["Noxious Fumes"],"campfire_rested":3,"item_purchase_floors":[3],"current_hp_per_floor":[63,63,63,63,63,63,63,63,63,63,47,47,19,19,19,15,61,34,33,26,26,20,42,42,8,8,30,10,32,85,58,58,0],"gold":921,"neow_bonus":"THREE_ENEMY_KILL","is_prod":false,"is_daily":false,"chose_seed":false,"campfire_upgraded":3,"win_rate":0,"timestamp":1550330742,"path_taken":["M","M","$","?","?","E","R","M","T","R","M","R","E","M","R","BOSS","M","M","M","?","?","R","?","E","T","R","E","R","?","M","R","BOSS"],"build_version":"2019-01-23","purchased_purges":0,"victory":false,"max_hp_per_floor":[70,70,70,70,70,70,70,70,70,70,70,70,70,70,70,70,75,75,75,75,75,75,75,75,75,75,75,75,75,85,85,85,85],"card_choices":[{"not_picked":["Heel Hook","PiercingWail"],"picked":"Deadly Poison","floor":1},{"not_picked":["Underhanded Strike","Riddle With Holes"],"picked":"Cloak And Dagger","floor":2},{"not_picked":["Prepared","Bane"],"picked":"Cloak And Dagger","floor":6},{"not_picked":["Sucker Punch","Distraction","Prepared"],"picked":"SKIP","floor":8},{"not_picked":["Leg Sweep","Storm of Steel"],"picked":"Cloak And Dagger","floor":11},{"not_picked":["Deflect","Backflip"],"picked":"Backstab","floor":13},{"not_picked":["Eviscerate","Flechettes","Bane"],"picked":"SKIP","floor":14},{"not_picked":["Venomology","Phantasmal Killer"],"picked":"Corpse Explosion","floor":16},{"not_picked":["Flechettes","Expertise"],"picked":"Noxious Fumes","floor":17},{"not_picked":["Bane","Dagger Spray","Flying Knee+1"],"picked":"SKIP","floor":18},{"not_picked":["Skewer","Setup"],"picked":"Poisoned Stab","floor":19},{"not_picked":["Prepared+1","Bane","Flying Knee+1"],"picked":"SKIP","floor":20},{"not_picked":["Heel Hook+1","Prepared"],"picked":"Catalyst+1","floor":22},{"not_picked":["Blade Dance","Flying Knee"],"picked":"Envenom","floor":25},{"not_picked":["Blade Dance","Dagger Throw"],"picked":"Deadly Poison+1","floor":28},{"not_picked":["Acrobatics","Flechettes"],"picked":"Caltrops+1","floor":31}],"player_experience":773467,"relics_obtained":[{"floor":6,"key":"MawBank"},{"floor":9,"key":"Omamori"},{"floor":13,"key":"Girya"},{"floor":25,"key":"Pen Nib"},{"floor":28,"key":"Bag of Marbles"}],"event_choices":[{"damage_healed":0,"gold_gain":175,"player_choice":"AGREE","damage_taken":0,"max_hp_gain":0,"max_hp_loss":0,"event_name":"Liars Game","floor":4,"gold_loss":0,"cards_obtained":["Doubt"]},{"cards_removed":["Doubt"],"damage_healed":0,"gold_gain":0,"player_choice":"Card Removal","damage_taken":0,"max_hp_gain":0,"max_hp_loss":0,"event_name":"The Cleric","floor":5,"gold_loss":50},{"damage_healed":0,"gold_gain":0,"player_choice":"Upgraded","damage_taken":0,"max_hp_gain":0,"max_hp_loss":0,"event_name":"Upgrade Shrine","floor":21,"gold_loss":0,"cards_upgraded":["Noxious Fumes"]},{"damage_healed":0,"gold_gain":0,"player_choice":"Ignored","damage_taken":0,"max_hp_gain":0,"max_hp_loss":0,"event_name":"Vampires","floor":24,"gold_loss":0},{"cards_removed":["Envenom"],"damage_healed":43,"gold_gain":0,"player_choice":"Offered Rare","damage_taken":0,"max_hp_gain":10,"max_hp_loss":0,"event_name":"Bonfire Elementals","floor":30,"gold_loss":0}],"is_beta":false,"boss_relics":[{"not_picked":["Fusion Hammer","Empty Cage"],"picked":"Tiny House"}],"items_purged_floors":[],"is_endless":false,"potions_floor_spawned":[1,8,11,18,19,31],"killed_by":"Collector","ascension_level":9}