{"path_per_floor":["M","?","?","M","T","E","M","R","T","M","?","M","R","M","R","B",null,"M","M","M","$","?","R","T"],"character_chosen":"DEFECT","items_purchased":["Beam Cell","Sweeping Beam","Hello World"],"gold_per_floor":[20,20,20,45,92,133,153,153,178,197,277,300,300,320,320,444,444,462,478,498,369,369,369,417,417],"floor_reached":25,"campfire_rested":3,"playtime":1407,"current_hp_per_floor":[88,88,88,80,80,59,61,87,87,67,67,62,62,64,89,51,89,75,56,11,11,11,37,37,0],"items_purged":[],"gold":417,"score":203,"play_id":"bf32354b-9626-42d1-bed8-dbd59c98d3a0","local_time":"20180512204500","is_prod":false,"is_daily":false,"chose_seed":false,"is_ascension_mode":false,"campfire_upgraded":1,"timestamp":1526168700,"path_taken":["M","?","?","?","?","E","M","R","T","?","?","M","R","M","R","BOSS","M","?","M","$","?","R","?","E"],"build_version":"2018-05-12v2","seed_source_timestamp":65308880248254,"purchased_purges":0,"victory":false,"master_deck":["Strike_B+1","Strike_B+1","Strike_B+1","Strike_B+1","Defend_B+1","Defend_B+1","Defend_B+1","Defend_B+1","Zap","Dualcast","Rebound","Injury","Axe Kick","Go for the Eyes","Capacitor+1","Consume","Rebound","Loop","Go for the Eyes","Fission","Rebound+1","Double Energy","Rip and Tear+1","Beam Cell","Sweeping Beam","Hello World","Parasite"],"max_hp_per_floor":[89,89,89,89,89,89,89,89,89,89,89,89,89,89,89,89,89,89,89,89,89,89,89,89,89],"relics":["Cracked Core","Golden Idol","Blood Vial","Orichalcum","Bag of Marbles","Bag of Preparation","Cursed Key","Ancient Tea Set"],"card_choices":[{"not_picked":["Go for the Eyes","Skim"],"picked":"Rebound","floor":1},{"not_picked":["Streamline","Chaos"],"picked":"Axe Kick","floor":4},{"not_picked":["Skim","Chaos"],"picked":"Go for the Eyes","floor":6},{"not_picked":["Skim","Axe Kick"],"picked":"Capacitor","floor":7},{"not_picked":["Blizzard","Streamline"],"picked":"Consume","floor":10},{"not_picked":["Consume","Steam"],"picked":"Rebound","floor":11},{"not_picked":["Hologram","Axe Kick"],"picked":"Loop","floor":12},{"not_picked":["Glacier","Hologram"],"picked":"Go for the Eyes","floor":14},{"not_picked":["Biased Cognition","All For One"],"picked":"Fission","floor":16},{"not_picked":["Force Field","Genetic Algorithm"],"picked":"Rebound+1","floor":18},{"not_picked":["Gash+1","Barrage"],"picked":"Double Energy","floor":19},{"not_picked":["Lockon","Steam Power"],"picked":"Rip and Tear+1","floor":20}],"player_experience":11042,"potions_floor_usage":[6,10,11,16,25],"damage_taken":[{"damage":1,"enemies":"Cultist","floor":1,"turns":3},{"damage":8,"enemies":"Jaw Worm","floor":4,"turns":3},{"damage":35,"enemies":"3 Sentries","floor":6,"turns":8},{"damage":0,"enemies":"2 Louse","floor":7,"turns":1},{"damage":22,"enemies":"Exordium Thugs","floor":10,"turns":3},{"damage":2,"enemies":"Gremlin Nob","floor":11,"turns":3},{"damage":7,"enemies":"Gremlin Gang","floor":12,"turns":5},{"damage":0,"enemies":"Exordium Wildlife","floor":14,"turns":2},{"damage":38,"enemies":"Hexaghost","floor":16,"turns":9},{"damage":14,"enemies":"3 Byrds","floor":18,"turns":5},{"damage":21,"enemies":"Spheric Guardian","floor":19,"turns":4},{"damage":47,"enemies":"Centurion and Healer","floor":20,"turns":7},{"damage":74,"enemies":"Gremlin Leader","floor":25,"turns":7}],"event_choices":[{"event_name":"Golden Idol","player_choice":"Take Wound","floor":2,"damage_taken":0},{"event_name":"The Lab","player_choice":"Got Potions","floor":3,"damage_taken":0},{"event_name":"Dead Adventurer","player_choice":"Searched \u00273\u0027 times","floor":11,"damage_taken":0},{"event_name":"Back to Basics","player_choice":"Simplicity","floor":22,"damage_taken":0}],"boss_relics":[{"not_picked":["Philosopher\u0027s Stone","Runic Dome"],"picked":"Cursed Key"}],"potions_floor_spawned":[6,7,10,12,16,20],"seed_played":"-608924231872913115","killed_by":"Gremlin Leader","ascension_level":0,"is_trial":false}