{"gold_per_floor":[117,130,146,32,49,49,49,63,87,87,106,131,131,188,188,262,262,281,300,317,330,347,347,375,114,114,140,140,221,231,249,249,322,322,338,26,26,40,53,53,64,84,84,97,97,110,135,85,85,85],"floor_reached":51,"playtime":2004,"items_purged":["Strike_R","Strike_R","Strike_R","Strike_R"],"score":1373,"play_id":"1a099ccc-9be4-45ad-91a3-94f396ec7df8","local_time":"20190429140525","is_ascension_mode":true,"campfire_choices":[{"data":"Demon Form","floor":6,"key":"SMITH"},{"floor":10,"key":"REST"},{"floor":13,"key":"REST"},{"data":"Shockwave","floor":15,"key":"SMITH"},{"floor":23,"key":"REST"},{"floor":28,"key":"REST"},{"data":"Whirlwind","floor":32,"key":"SMITH"},{"data":"Flame Barrier","floor":40,"key":"SMITH"},{"data":"Shrug It Off","floor":45,"key":"SMITH"},{"floor":49,"key":"REST"}],"neow_cost":"NONE","seed_source_timestamp":539033279095900,"circlet_count":0,"master_deck":["AscendersBane","Strike_R","Defend_R","Defend_R+1","Defend_R+1","Defend_R","Bash","Demon Form+1","Whirlwind+1","Clothesline","Shockwave+1","Heavy Blade+1","Thunderclap","Shrug It Off","Sword Boomerang","Immolate","Reaper","Sword Boomerang","Shrug It Off+1","Dual Wield+1","Flame Barrier+1","Reaper","Disarm"],"relics":["Burning Blood","Smiling Mask","Ancient Tea Set","Tiny Chest","Sozu","Omamori","Sling","Dodecahedron","Letter Opener","Self Forming Clay","Busted Crown","Singing Bowl","Shuriken","Frozen Egg 2","War Paint"],"potions_floor_usage":[8,12,16],"damage_taken":[{"damage":3,"enemies":"Small Slimes","floor":1,"turns":4},{"damage":6,"enemies":"Cultist","floor":2,"turns":4},{"damage":12,"enemies":"Jaw Worm","floor":3,"turns":3},{"damage":13,"enemies":"Blue Slaver","floor":5,"turns":5},{"damage":48,"enemies":"Exordium Thugs","floor":8,"turns":7},{"damage":0,"enemies":"Gremlin Gang","floor":11,"turns":2},{"damage":25,"enemies":"Lagavulin","floor":12,"turns":7},{"damage":21,"enemies":"3 Sentries","floor":14,"turns":8},{"damage":18,"enemies":"Hexaghost","floor":16,"turns":6},{"damage":0,"enemies":"3 Byrds","floor":18,"turns":5},{"damage":50,"enemies":"Shell Parasite","floor":19,"turns":7},{"damage":19,"enemies":"Cultist and Chosen","floor":20,"turns":4},{"damage":9,"enemies":"Snecko","floor":21,"turns":4},{"damage":16,"enemies":"Chosen and Byrds","floor":22,"turns":6},{"damage":0,"enemies":"Gremlin Leader","floor":24,"turns":6},{"damage":56,"enemies":"Book of Stabbing","floor":27,"turns":5},{"damage":4,"enemies":"Centurion and Healer","floor":30,"turns":7},{"damage":24,"enemies":"Snake Plant","floor":31,"turns":4},{"damage":63,"enemies":"Automaton","floor":33,"turns":9},{"damage":44,"enemies":"3 Darklings","floor":35,"turns":5},{"damage":36,"enemies":"3 Shapes","floor":38,"turns":5},{"damage":3,"enemies":"Sphere and 2 Shapes","floor":39,"turns":3},{"damage":48,"enemies":"Transient","floor":41,"turns":5},{"damage":18,"enemies":"3 Darklings","floor":42,"turns":4},{"damage":16,"enemies":"4 Shapes","floor":44,"turns":7},{"damage":16,"enemies":"Transient","floor":46,"turns":5},{"damage":105,"enemies":"Nemesis","floor":47,"turns":17},{"damage":78,"enemies":"Awakened One","floor":50,"turns":7}],"seed_played":"4969795723129505246","potions_obtained":[{"floor":1,"key":"Strength Potion"},{"floor":3,"key":"Block Potion"},{"floor":14,"key":"GamblersBrew"}],"is_trial":false,"path_per_floor":["M","M","M","$","M","R","?","M","T","R","M","E","R","E","R","B",null,"M","M","M","M","M","R","E","$","T","E","R","T","M","M","R","B",null,"M","$","T","M","M","R","M","M","T","M","R","M","E","$","R","B",null],"character_chosen":"IRONCLAD","items_purchased":["Shockwave","Sling","Singing Bowl"],"campfire_rested":5,"item_purchase_floors":[4,25,36],"current_hp_per_floor":[71,71,65,65,58,58,58,16,16,38,44,25,47,32,32,20,61,75,31,31,28,18,40,64,64,64,14,36,36,68,59,59,30,64,61,61,61,61,66,66,35,69,69,65,65,78,59,59,85,59],"gold":85,"neow_bonus":"ONE_RANDOM_RARE_CARD","is_prod":false,"is_daily":false,"chose_seed":false,"campfire_upgraded":5,"win_rate":0,"timestamp":1556539525,"path_taken":["M","M","M","$","M","R","?","M","T","R","M","E","R","E","R","BOSS","M","M","M","?","M","R","E","$","T","E","R","?","M","M","R","BOSS","M","$","?","M","M","R","M","M","T","M","R","M","E","$","R","BOSS"],"build_version":"2019-01-23","purchased_purges":4,"victory":true,"max_hp_per_floor":[75,75,75,75,75,75,75,75,75,75,75,75,75,75,75,75,75,75,75,75,75,75,75,75,75,75,75,75,75,75,75,75,75,75,75,75,75,75,77,77,79,81,81,83,83,85,87,87,87,87],"card_choices":[{"not_picked":["Power Through","Warcry"],"picked":"Whirlwind","floor":1},{"not_picked":["Second Wind","Flex"],"picked":"Clothesline","floor":2},{"not_picked":["Body Slam","Perfected Strike","Armaments"],"picked":"SKIP","floor":3},{"not_picked":["Limit Break","Clothesline"],"picked":"Heavy Blade","floor":5},{"not_picked":["Armaments","Body Slam"],"picked":"Thunderclap","floor":8},{"not_picked":["Body Slam","Dropkick"],"picked":"Shrug It Off","floor":11},{"not_picked":["Clash","Infernal Blade"],"picked":"Sword Boomerang","floor":12},{"not_picked":["Rampage","Clash"],"picked":"Immolate","floor":14},{"not_picked":["Exhume","Bludgeon"],"picked":"Reaper","floor":16},{"not_picked":["Thunderclap","Iron Wave","Rupture"],"picked":"SKIP","floor":18},{"not_picked":["Thunderclap","Iron Wave","Rupture"],"picked":"SKIP","floor":18},{"not_picked":["Rage","Havoc"],"picked":"Sword Boomerang","floor":19},{"not_picked":["Sword Boomerang","Pommel Strike+1","Clash"],"picked":"SKIP","floor":20},{"not_picked":["Sword Boomerang","Perfected Strike+1"],"picked":"Shrug It Off","floor":21},{"not_picked":["Cleave","Shockwave"],"picked":"Dual Wield+1","floor":22},{"not_picked":["Blood for Blood","Armaments","Clash"],"picked":"SKIP","floor":24},{"not_picked":["Clothesline","Dark Embrace","Evolve"],"picked":"SKIP","floor":27},{"not_picked":["Clothesline","True Grit"],"picked":"Flame Barrier","floor":30},{"not_picked":["Thunderclap","Perfected Strike","True Grit"],"picked":"SKIP","floor":31},{"not_picked":["Barricade","Juggernaut"],"picked":"Reaper","floor":33},{"not_picked":["Reckless Charge"],"picked":"SKIP","floor":35},{"not_picked":[],"picked":"Disarm","floor":38},{"not_picked":["Fire Breathing"],"picked":"Singing Bowl","floor":39},{"not_picked":["Shockwave"],"picked":"Singing Bowl","floor":41},{"not_picked":["Wild Strike+1"],"picked":"Singing Bowl","floor":42},{"not_picked":["Infernal Blade"],"picked":"Singing Bowl","floor":44},{"not_picked":["Reckless Charge"],"picked":"Singing Bowl","floor":46},{"not_picked":["Armaments"],"picked":"Singing Bowl","floor":47}],"player_experience":650325,"relics_obtained":[{"floor":9,"key":"Smiling Mask"},{"floor":12,"key":"Ancient Tea Set"},{"floor":14,"key":"Tiny Chest"},{"floor":24,"key":"Omamori"},{"floor":26,"key":"Dodecahedron"},{"floor":27,"key":"Letter Opener"},{"floor":29,"key":"Self Forming Clay"},{"floor":37,"key":"Shuriken"},{"floor":43,"key":"Frozen Egg 2"},{"floor":47,"key":"War Paint"}],"event_choices":[{"damage_healed":0,"gold_gain":0,"player_choice":"Forge","damage_taken":0,"max_hp_gain":0,"max_hp_loss":0,"event_name":"Accursed Blacksmith","floor":7,"gold_loss":0,"cards_upgraded":["Heavy Blade"]}],"is_beta":false,"boss_relics":[{"not_picked":["Cursed Key","Astrolabe"],"picked":"Sozu"},{"not_picked":["Pandora\u0027s Box","Tiny House"],"picked":"Busted Crown"}],"items_purged_floors":[4,25,36,48],"is_endless":false,"potions_floor_spawned":[1,3,14,21,22,27,30,33,35,38,42,47],"ascension_level":16}