{"gold_per_floor":[109,109,126,126,137,137,168,343,343,110,126,126,52,63,63,141,141,141,101,27,27,27,27,27],"floor_reached":24,"playtime":600,"items_purged":["Doubt"],"score":333,"play_id":"c59f1269-633a-4fea-96ad-bf80e96401b3","local_time":"20190425005519","is_ascension_mode":true,"campfire_choices":[{"data":"Static Discharge","floor":6,"key":"SMITH"},{"data":"Creative AI","floor":12,"key":"SMITH"},{"data":"Defragment","floor":15,"key":"SMITH"},{"data":"Buffer","floor":23,"key":"SMITH"}],"neow_cost":"NONE","seed_source_timestamp":1163094090433603,"circlet_count":0,"master_deck":["AscendersBane","Strike_B","Strike_B+1","Strike_B","Strike_B","Defend_B","Defend_B","Defend_B","Defend_B","Zap","Dualcast+1","Coolheaded","Consume+1","Static Discharge+1","Ball Lightning","Creative AI+1","BootSequence","Defragment+1","Defragment","Buffer+1","Glacier","Self Repair","Go for the Eyes"],"relics":["Cracked Core","NeowsBlessing","GremlinMask","Pear","Bottled Flame","Ectoplasm"],"potions_floor_usage":[16,22,24],"damage_taken":[{"damage":0,"enemies":"Small Slimes","floor":1,"turns":1},{"damage":0,"enemies":"Cultist","floor":3,"turns":1},{"damage":0,"enemies":"Jaw Worm","floor":5,"turns":1},{"damage":26,"enemies":"3 Sentries","floor":7,"turns":6},{"damage":11,"enemies":"Looter","floor":11,"turns":2},{"damage":19,"enemies":"Exordium Thugs","floor":14,"turns":4},{"damage":20,"enemies":"Hexaghost","floor":16,"turns":6},{"damage":11,"enemies":"Spheric Guardian","floor":18,"turns":5},{"damage":0,"enemies":"Shell Parasite","floor":21,"turns":7},{"damage":24,"enemies":"Centurion and Healer","floor":22,"turns":9},{"damage":43,"enemies":"Book of Stabbing","floor":24,"turns":3}],"seed_played":"8982411754527643883","potions_obtained":[{"floor":1,"key":"Regen Potion"},{"floor":11,"key":"SpeedPotion"},{"floor":18,"key":"Block Potion"}],"is_trial":false,"path_per_floor":["M","?","M","?","M","R","E","?","T","$","M","R","$","M","R","B",null,"M","?","$","M","M","R","E"],"character_chosen":"DEFECT","items_purchased":["Creative AI","Defragment","Self Repair"],"campfire_rested":0,"item_purchase_floors":[10,13,20],"current_hp_per_floor":[64,64,64,64,64,64,48,48,48,48,37,37,37,18,18,13,64,53,53,53,60,43,43,0],"gold":27,"neow_bonus":"THREE_ENEMY_KILL","is_prod":false,"is_daily":false,"chose_seed":false,"campfire_upgraded":4,"win_rate":0,"timestamp":1556164519,"path_taken":["M","?","?","?","?","R","E","?","T","$","M","R","?","M","R","BOSS","M","?","?","?","M","R","E"],"build_version":"2019-01-23","purchased_purges":1,"victory":false,"max_hp_per_floor":[71,71,71,71,71,71,81,81,81,81,81,81,81,81,81,81,81,81,81,81,81,81,81,81],"card_choices":[{"not_picked":["Aggregate","Streamline"],"picked":"Coolheaded","floor":1},{"not_picked":["Turbo","Steam"],"picked":"Consume","floor":3},{"not_picked":["Beam Cell","Barrage"],"picked":"Static Discharge","floor":5},{"not_picked":["Hello World","Undo"],"picked":"Ball Lightning","floor":7},{"not_picked":["Barrage","Stack"],"picked":"BootSequence","floor":11},{"not_picked":["Cold Snap","Compile Driver"],"picked":"Defragment","floor":14},{"not_picked":["Core Surge","All For One"],"picked":"Buffer","floor":16},{"not_picked":["Genetic Algorithm","White Noise"],"picked":"Glacier","floor":18},{"not_picked":["Turbo","Streamline","Reprogram"],"picked":"SKIP","floor":21},{"not_picked":["Reinforced Body","Turbo"],"picked":"Go for the Eyes","floor":22}],"player_experience":1216822,"relics_obtained":[{"floor":7,"key":"Pear"},{"floor":9,"key":"Bottled Flame"}],"event_choices":[{"damage_healed":0,"gold_gain":0,"player_choice":"Trade","damage_taken":0,"relics_obtained":["GremlinMask"],"max_hp_gain":0,"max_hp_loss":0,"event_name":"FaceTrader","floor":2,"gold_loss":0},{"damage_healed":0,"gold_gain":0,"player_choice":"Upgraded","damage_taken":0,"max_hp_gain":0,"max_hp_loss":0,"event_name":"Upgrade Shrine","floor":4,"gold_loss":0,"cards_upgraded":["Consume"]},{"damage_healed":0,"gold_gain":175,"player_choice":"AGREE","damage_taken":0,"max_hp_gain":0,"max_hp_loss":0,"event_name":"Liars Game","floor":8,"gold_loss":0,"cards_obtained":["Doubt"]},{"damage_healed":0,"gold_gain":0,"player_choice":"Upgraded Two","damage_taken":0,"max_hp_gain":0,"max_hp_loss":0,"event_name":"Designer","floor":19,"gold_loss":40,"cards_upgraded":["Strike_B","Dualcast"]}],"is_beta":false,"boss_relics":[{"not_picked":["Black Star","Coffee Dripper"],"picked":"Ectoplasm"}],"items_purged_floors":[10],"is_endless":false,"potions_floor_spawned":[1,11,18],"killed_by":"Book of Stabbing","ascension_level":14}