{"gold_per_floor":[14,29,29,46,22,22,34,64,143,143,51,8,24,51,51,146,196,208,87,106,381,45,80,80,91,114,131,164,164,182,202,202,299,299,312,366,366,382,401,428,428,447,447,478,498,498,498,514,514,514,514,514,17,51,51],"floor_reached":56,"playtime":2662,"items_purged":["Strike_R","Strike_R","Regret","Strike_R"],"score":1534,"play_id":"f33ff904-ae0e-4566-b161-9fa857124490","local_time":"20190320132239","is_ascension_mode":false,"campfire_choices":[{"data":"Body Slam","floor":6,"key":"SMITH"},{"data":"Body Slam","floor":10,"key":"SMITH"},{"data":"Juggernaut","floor":15,"key":"SMITH"},{"data":"Body Slam","floor":24,"key":"SMITH"},{"data":"Body Slam","floor":29,"key":"SMITH"},{"data":"Battle Trance","floor":32,"key":"SMITH"},{"data":"Burning Pact","floor":47,"key":"SMITH"},{"floor":49,"key":"RECALL"},{"data":"Offering","floor":52,"key":"SMITH"}],"neow_cost":"NO_GOLD","seed_source_timestamp":339056010935804,"circlet_count":0,"master_deck":["Strike_R+1","Defend_R","Defend_R","Defend_R+1","Defend_R","Bash+1","Spot Weakness+1","Iron Wave+1","Body Slam+1","Shrug It Off","Body Slam+1","Body Slam+1","Battle Trance+1","Juggernaut+1","Offering+1","Flex+1","Shrug It Off","Body Slam+1","Shrug It Off","Shrug It Off+1","Burning Pact+1","Warcry+1","Evolve+1"],"relics":["Burning Blood","FossilizedHelix","The Courier","Tiny Chest","Red Skull","Tiny House","Kunai","Potion Belt","Omamori","Letter Opener","Coffee Dripper","Nunchaku","Whetstone","Pen Nib","Ancient Tea Set","Bottled Tornado","Pocketwatch"],"potions_floor_usage":[14,23,25,28,33,33,40,40,50,55,55,55,55,55],"damage_taken":[{"damage":0,"enemies":"Jaw Worm","floor":1,"turns":2},{"damage":0,"enemies":"Cultist","floor":2,"turns":3},{"damage":0,"enemies":"Small Slimes","floor":4,"turns":3},{"damage":0,"enemies":"2 Fungi Beasts","floor":7,"turns":4},{"damage":0,"enemies":"Gremlin Nob","floor":8,"turns":3},{"damage":0,"enemies":"Blue Slaver","floor":13,"turns":3},{"damage":0,"enemies":"3 Sentries","floor":14,"turns":6},{"damage":0,"enemies":"Slime Boss","floor":16,"turns":6},{"damage":0,"enemies":"2 Thieves","floor":18,"turns":3},{"damage":0,"enemies":"Chosen","floor":20,"turns":3},{"damage":14,"enemies":"Slavers","floor":23,"turns":4},{"damage":0,"enemies":"Centurion and Healer","floor":25,"turns":7},{"damage":0,"enemies":"Snake Plant","floor":27,"turns":2},{"damage":24,"enemies":"Gremlin Leader","floor":28,"turns":5},{"damage":0,"enemies":"Shelled Parasite and Fungi","floor":30,"turns":2},{"damage":0,"enemies":"Centurion and Healer","floor":31,"turns":3},{"damage":10,"enemies":"Collector","floor":33,"turns":8},{"damage":0,"enemies":"Orb Walker","floor":35,"turns":3},{"damage":0,"enemies":"2 Orb Walkers","floor":36,"turns":3},{"damage":9,"enemies":"3 Shapes","floor":38,"turns":3},{"damage":0,"enemies":"Spire Growth","floor":39,"turns":3},{"damage":0,"enemies":"Giant Head","floor":40,"turns":5},{"damage":0,"enemies":"Transient","floor":42,"turns":5},{"damage":13,"enemies":"Nemesis","floor":44,"turns":5},{"damage":6,"enemies":"Writhing Mass","floor":45,"turns":3},{"damage":0,"enemies":"Spire Growth","floor":48,"turns":3},{"damage":0,"enemies":"Donu and Deca","floor":50,"turns":4},{"damage":6,"enemies":"Shield and Spear","floor":54,"turns":4},{"damage":53,"enemies":"The Heart","floor":55,"turns":7}],"seed_played":"4627382119096233578","potions_obtained":[{"floor":1,"key":"FearPotion"},{"floor":4,"key":"SteroidPotion"},{"floor":17,"key":"Fire Potion"},{"floor":20,"key":"Swift Potion"},{"floor":25,"key":"SteroidPotion"},{"floor":27,"key":"Dexterity Potion"},{"floor":31,"key":"Dexterity Potion"},{"floor":38,"key":"SteroidPotion"},{"floor":42,"key":"FearPotion"},{"floor":45,"key":"Explosive Potion"},{"floor":48,"key":"Swift Potion"}],"is_trial":false,"path_per_floor":["M","M","?","M","$","R","M","E","T","R","$","$","M","E","R","B",null,"M","$","M","?","$","E","R","M","T","M","E","R","M","M","R","B",null,"M","?","?","M","M","E","T","M","T","E","M","?","R","M","R","B",null,"R","$","E","B",null],"character_chosen":"IRONCLAD","items_purchased":["Shrug It Off","Battle Trance","Shrug It Off","Shrug It Off","Kunai","Shrug It Off","Ancient Potion","SpeedPotion","Block Potion","Bottled Tornado","Dexterity Potion"],"campfire_rested":0,"item_purchase_floors":[5,11,12,19,22,22,53,53,53,53,53],"current_hp_per_floor":[80,80,64,70,70,70,76,80,80,80,80,80,80,80,80,80,85,85,85,85,85,85,77,77,83,83,85,67,67,73,79,79,75,85,85,85,85,82,85,85,85,85,85,78,78,78,78,84,84,85,85,85,85,85,38],"gold":51,"neow_bonus":"ONE_RARE_RELIC","is_prod":false,"is_daily":false,"chose_seed":false,"campfire_upgraded":8,"win_rate":0,"timestamp":1553088159,"path_taken":["M","M","?","M","?","R","M","E","T","R","?","$","M","E","R","BOSS","M","$","M","?","$","E","R","M","T","M","E","R","M","?","R","BOSS","M","?","?","M","M","E","?","?","T","E","M","?","R","?","R","BOSS","R","$","E","BOSS"],"build_version":"2019-03-15","purchased_purges":4,"victory":true,"max_hp_per_floor":[80,80,80,80,80,80,80,80,80,80,80,80,80,80,80,80,85,85,85,85,85,85,85,85,85,85,85,85,85,85,85,85,85,85,85,85,85,85,85,85,85,85,85,85,85,85,85,85,85,85,85,85,85,85,85],"card_choices":[{"not_picked":["Dropkick","Pommel Strike"],"picked":"Spot Weakness","floor":1},{"not_picked":["Shockwave","Body Slam"],"picked":"Iron Wave","floor":2},{"not_picked":["Body Slam","Sentinel","Havoc"],"picked":"SKIP","floor":4},{"not_picked":["Sentinel","Havoc"],"picked":"Body Slam","floor":4},{"not_picked":["Warcry","Flex"],"picked":"Body Slam","floor":7},{"not_picked":["Cleave","Fire Breathing"],"picked":"Body Slam","floor":8},{"not_picked":["Clothesline","Clash","Dark Embrace"],"picked":"SKIP","floor":13},{"not_picked":["Shockwave","Evolve"],"picked":"Juggernaut","floor":14},{"not_picked":["Feed","Demon Form"],"picked":"Offering","floor":16},{"not_picked":["Clothesline+1","Headbutt"],"picked":"Flex+1","floor":18},{"not_picked":["Sentinel","Anger"],"picked":"Body Slam","floor":20},{"not_picked":["Double Tap","Havoc+1","Headbutt"],"picked":"SKIP","floor":23},{"not_picked":["Rampage","Pommel Strike"],"picked":"Shrug It Off+1","floor":25},{"not_picked":["Twin Strike","Shrug It Off"],"picked":"Burning Pact","floor":27},{"not_picked":["Fiend Fire","Pommel Strike","Shrug It Off"],"picked":"SKIP","floor":28},{"not_picked":["Perfected Strike","Anger","Iron Wave"],"picked":"SKIP","floor":30},{"not_picked":["Cleave+1","Flex","Clothesline"],"picked":"SKIP","floor":31},{"not_picked":["Perfected Strike+1","Clothesline+1","Clash+1"],"picked":"SKIP","floor":35},{"not_picked":["Anger","Metallicize+1"],"picked":"Warcry+1","floor":36},{"not_picked":["Whirlwind+1","Heavy Blade","Feel No Pain"],"picked":"SKIP","floor":38},{"not_picked":["Combust","Havoc+1","Perfected Strike"],"picked":"SKIP","floor":39},{"not_picked":["Fiend Fire","Cleave+1","Warcry"],"picked":"SKIP","floor":40},{"not_picked":["Flex+1","Clash+1","Perfected Strike"],"picked":"SKIP","floor":42},{"not_picked":["Clothesline","Intimidate+1","Disarm"],"picked":"SKIP","floor":44},{"not_picked":["Headbutt","Clash","Body Slam+1"],"picked":"SKIP","floor":45},{"not_picked":["Clash+1","Armaments+1","Blood for Blood"],"picked":"SKIP","floor":48},{"not_picked":["Limit Break","Wild Strike+1"],"picked":"Evolve+1","floor":54}],"player_experience":1108444,"relics_obtained":[{"floor":8,"key":"The Courier"},{"floor":9,"key":"Tiny Chest"},{"floor":14,"key":"Red Skull"},{"floor":23,"key":"Potion Belt"},{"floor":26,"key":"Omamori"},{"floor":28,"key":"Letter Opener"},{"floor":36,"key":"Nunchaku"},{"floor":40,"key":"Whetstone"},{"floor":41,"key":"Pen Nib"},{"floor":44,"key":"Ancient Tea Set"},{"floor":54,"key":"Pocketwatch"}],"event_choices":[{"damage_healed":0,"gold_gain":0,"player_choice":"Entered Light","damage_taken":16,"max_hp_gain":0,"max_hp_loss":0,"event_name":"Shining Light","floor":3,"gold_loss":0,"cards_upgraded":["Bash","Defend_R"]},{"damage_healed":0,"gold_gain":275,"player_choice":"Desecrate","damage_taken":0,"max_hp_gain":0,"max_hp_loss":0,"event_name":"Golden Shrine","floor":21,"gold_loss":0,"cards_obtained":["Regret"]},{"damage_healed":0,"gold_gain":0,"player_choice":"Fight","damage_taken":0,"max_hp_gain":0,"max_hp_loss":0,"event_name":"Mysterious Sphere","floor":36,"gold_loss":0},{"cards_removed":["Shrug It Off"],"damage_healed":0,"gold_gain":0,"player_choice":"Removed Skill","damage_taken":0,"max_hp_gain":0,"max_hp_loss":0,"event_name":"Falling","floor":37,"gold_loss":0},{"cards_removed":["Strike_R"],"damage_healed":0,"gold_gain":0,"player_choice":"Offered Basic","damage_taken":0,"max_hp_gain":0,"max_hp_loss":0,"event_name":"Bonfire Elementals","floor":46,"gold_loss":0}],"is_beta":true,"boss_relics":[{"not_picked":["Busted Crown","Mark of Pain"],"picked":"Tiny House"},{"not_picked":["Sozu","Black Blood"],"picked":"Coffee Dripper"}],"items_purged_floors":[11,19,22,53],"is_endless":false,"potions_floor_spawned":[1,4,20,25,27,31,38,42,45,48],"ascension_level":0}