{"gold_per_floor":[12,31,31,42,56,84,84,116,162,196,264,264,264,264,264,362,362,378,477,477,477,82,112,125,140,140,175,175,175,175,195,195,294,294,306,306,306,318,318,344,357,386,386,414,428,456,456,487,487,487,487,487,99,124,124],"floor_reached":56,"playtime":2969,"items_purged":["Strike_B","Defend_B"],"score":1533,"play_id":"3eb73c61-979f-45b6-b08a-0750a40050e2","local_time":"20190301233723","is_ascension_mode":true,"campfire_choices":[{"data":"Zap","floor":7,"key":"SMITH"},{"data":"Dualcast","floor":13,"key":"SMITH"},{"data":"Conserve Battery","floor":15,"key":"SMITH"},{"data":"White Noise","floor":28,"key":"SMITH"},{"data":"Undo","floor":30,"key":"SMITH"},{"data":"Coolheaded","floor":32,"key":"SMITH"},{"floor":47,"key":"RECALL"},{"data":"Turbo","floor":49,"key":"SMITH"},{"data":"Good Instincts","floor":52,"key":"SMITH"}],"neow_cost":"NO_GOLD","seed_source_timestamp":28113971240288,"circlet_count":0,"master_deck":["Defend_B","Defend_B+1","Zap+1","Dualcast+1","Self Repair+1","Melter+1","Ball Lightning","Cold Snap+1","Conserve Battery+1","Creative AI+1","Doom and Gloom+1","Echo Form+1","Loop+1","White Noise+1","Undo+1","Static Discharge+1","Defragment+1","Coolheaded+1","Electrodynamics+1","Leap+1","Panache+1","Good Instincts+1","Secret Weapon","Go for the Eyes+1","Storm+1","Hologram+1","Core Surge","Heatsinks+1","Force Field+1","Glacier+1","Turbo+1","Defragment+1","Force Field+1","Steam","Rebound","Steam+1"],"relics":["Cracked Core","PreservedInsect","Frozen Egg 2","Ancient Tea Set","Juzu Bracelet","Dodecahedron","Runic Dome","Membership Card","Oddly Smooth Stone","Bottled Flame","Ice Cream","Whetstone","Sozu","Gambling Chip","Centennial Puzzle","Bottled Tornado","Vajra","Nunchaku","Calipers","War Paint","Pocketwatch"],"potions_floor_usage":[6,8,27,44,55,55],"damage_taken":[{"damage":0,"enemies":"Cultist","floor":1,"turns":2},{"damage":1,"enemies":"Jaw Worm","floor":2,"turns":3},{"damage":2,"enemies":"Small Slimes","floor":4,"turns":3},{"damage":12,"enemies":"Blue Slaver","floor":5,"turns":3},{"damage":6,"enemies":"Gremlin Nob","floor":6,"turns":3},{"damage":6,"enemies":"Lagavulin","floor":8,"turns":3},{"damage":14,"enemies":"Gremlin Nob","floor":10,"turns":3},{"damage":16,"enemies":"Slime Boss","floor":16,"turns":8},{"damage":13,"enemies":"Spheric Guardian","floor":18,"turns":4},{"damage":26,"enemies":"Gremlin Leader","floor":23,"turns":6},{"damage":6,"enemies":"Shell Parasite","floor":24,"turns":5},{"damage":2,"enemies":"Centurion and Healer","floor":25,"turns":7},{"damage":14,"enemies":"Book of Stabbing","floor":27,"turns":5},{"damage":5,"enemies":"Snecko","floor":31,"turns":4},{"damage":0,"enemies":"Champ","floor":33,"turns":8},{"damage":6,"enemies":"3 Shapes","floor":35,"turns":3},{"damage":0,"enemies":"Orb Walker","floor":38,"turns":5},{"damage":9,"enemies":"Reptomancer","floor":40,"turns":4},{"damage":16,"enemies":"Sphere and 2 Shapes","floor":41,"turns":4},{"damage":18,"enemies":"Nemesis","floor":42,"turns":5},{"damage":9,"enemies":"Reptomancer","floor":44,"turns":4},{"damage":24,"enemies":"Jaw Worm Horde","floor":45,"turns":3},{"damage":0,"enemies":"Giant Head","floor":46,"turns":5},{"damage":10,"enemies":"Nemesis","floor":48,"turns":5},{"damage":0,"enemies":"Time Eater","floor":50,"turns":6},{"damage":8,"enemies":"Shield and Spear","floor":54,"turns":3},{"damage":24,"enemies":"The Heart","floor":55,"turns":7}],"seed_played":"-8079517776230065109","potions_obtained":[{"floor":4,"key":"FearPotion"},{"floor":6,"key":"PowerPotion"},{"floor":8,"key":"Regen Potion"},{"floor":24,"key":"Strength Potion"},{"floor":25,"key":"Dexterity Potion"},{"floor":27,"key":"Fire Potion"},{"floor":31,"key":"FocusPotion"}],"is_trial":false,"path_per_floor":["M","M","$","M","M","E","R","E","T","E","T","?","R","?","R","B",null,"M","?","?","?","$","E","M","M","T","E","R","?","R","M","R","B",null,"M","?","?","M","?","E","M","E","T","E","M","E","R","E","R","B",null,"R","$","E","B",null],"character_chosen":"DEFECT","items_purchased":["Membership Card","Oddly Smooth Stone","Loop+1","White Noise","Calipers","Defragment+1","Force Field","Steam","War Paint","Rebound"],"campfire_rested":0,"item_purchase_floors":[22,22,22,22,53,53,53,53,53,53],"current_hp_per_floor":[75,75,75,75,70,64,64,65,65,58,58,58,58,51,51,45,75,72,72,72,72,72,56,60,75,75,71,71,71,71,75,75,75,75,69,59,59,75,75,75,75,67,67,68,54,74,74,64,64,64,75,75,75,75,65],"gold":124,"neow_bonus":"REMOVE_TWO","is_prod":false,"is_daily":false,"chose_seed":false,"campfire_upgraded":8,"win_rate":0,"timestamp":1551501443,"path_taken":["M","?","?","M","M","E","R","E","T","E","?","?","R","?","R","BOSS","M","?","?","?","?","E","M","M","T","E","R","?","R","M","R","BOSS","M","?","?","M","?","E","M","E","T","E","M","E","R","E","R","BOSS","R","$","E","BOSS"],"build_version":"2019-02-06","purchased_purges":2,"victory":true,"max_hp_per_floor":[75,75,75,75,75,75,75,75,75,75,75,75,75,75,75,75,75,75,75,75,75,75,75,75,75,75,75,75,75,75,75,75,75,75,75,75,75,75,75,75,75,75,75,75,75,75,75,75,75,75,75,75,75,75,75],"card_choices":[{"not_picked":["Rebound","Turbo"],"picked":"Self Repair","floor":1},{"not_picked":["Blizzard","Heatsinks"],"picked":"Melter","floor":2},{"not_picked":["Compile Driver","Blizzard"],"picked":"Ball Lightning","floor":4},{"not_picked":["Recycle","Go for the Eyes"],"picked":"Cold Snap","floor":5},{"not_picked":["Steam Power","Go for the Eyes"],"picked":"Conserve Battery","floor":6},{"not_picked":["Conserve Battery","Cold Snap"],"picked":"Ball Lightning","floor":8},{"not_picked":["Barrage","Gash","Streamline"],"picked":"SKIP","floor":10},{"not_picked":["Reboot","All For One"],"picked":"Creative AI+1","floor":16},{"not_picked":["Sweeping Beam","Rip and Tear"],"picked":"Doom and Gloom","floor":18},{"not_picked":["Turbo+1","Scrape","Barrage+1"],"picked":"SKIP","floor":23},{"not_picked":["Skim","Chaos"],"picked":"Undo","floor":24},{"not_picked":["Ball Lightning+1","Scrape","Barrage"],"picked":"SKIP","floor":25},{"not_picked":["Darkness","Fusion"],"picked":"Static Discharge+1","floor":27},{"not_picked":["Ball Lightning+1","Rebound+1"],"picked":"Coolheaded","floor":31},{"not_picked":["Buffer+1","Hyperbeam"],"picked":"Electrodynamics+1","floor":33},{"not_picked":["Lockon+1","Streamline+1"],"picked":"Leap+1","floor":35},{"not_picked":["Jack Of All Trades","Chrysalis"],"picked":"Panache+1","floor":36},{"not_picked":["Violence","Sadistic Nature+1"],"picked":"Good Instincts","floor":36},{"not_picked":["Mind Blast","Secret Weapon"],"picked":"Good Instincts","floor":36},{"not_picked":["Beam Cell+1","Redo+1"],"picked":"Go for the Eyes+1","floor":38},{"not_picked":["Chill","Beam Cell"],"picked":"Storm+1","floor":40},{"not_picked":["Beam Cell+1","Leap"],"picked":"Hologram+1","floor":41},{"not_picked":["Seek","Cold Snap"],"picked":"Core Surge","floor":42},{"not_picked":["Beam Cell+1","Cold Snap"],"picked":"Heatsinks+1","floor":44},{"not_picked":["Stack+1","Conserve Battery+1"],"picked":"Force Field+1","floor":45},{"not_picked":["Buffer+1","Compile Driver"],"picked":"Glacier+1","floor":46},{"not_picked":["Barrage+1","Beam Cell+1"],"picked":"Turbo","floor":48},{"not_picked":["Rebound","Barrage"],"picked":"Steam+1","floor":54}],"player_experience":4751545,"relics_obtained":[{"floor":6,"key":"PreservedInsect"},{"floor":8,"key":"Frozen Egg 2"},{"floor":9,"key":"Ancient Tea Set"},{"floor":10,"key":"Juzu Bracelet"},{"floor":11,"key":"Dodecahedron"},{"floor":23,"key":"Bottled Flame"},{"floor":26,"key":"Ice Cream"},{"floor":27,"key":"Whetstone"},{"floor":40,"key":"Gambling Chip"},{"floor":42,"key":"Centennial Puzzle"},{"floor":44,"key":"Bottled Tornado"},{"floor":46,"key":"Vajra"},{"floor":48,"key":"Nunchaku"},{"floor":54,"key":"Pocketwatch"}],"event_choices":[{"damage_healed":0,"gold_gain":0,"player_choice":"Grow","damage_taken":0,"max_hp_gain":0,"max_hp_loss":0,"event_name":"Living Wall","floor":12,"gold_loss":0,"cards_upgraded":["Self Repair"]},{"cards_removed":["Strike_B"],"damage_healed":0,"gold_gain":0,"player_choice":"Card Removal","damage_taken":7,"max_hp_gain":0,"max_hp_loss":0,"event_name":"Golden Wing","floor":14,"gold_loss":0},{"damage_healed":0,"gold_gain":99,"player_choice":"Stole From Cult","damage_taken":0,"max_hp_gain":0,"max_hp_loss":0,"event_name":"Nest","floor":19,"gold_loss":0},{"damage_healed":0,"gold_gain":0,"player_choice":"Upgraded","damage_taken":0,"max_hp_gain":0,"max_hp_loss":0,"event_name":"Upgrade Shrine","floor":20,"gold_loss":0,"cards_upgraded":["Doom and Gloom"]},{"damage_healed":0,"gold_gain":0,"cards_transformed":["Strike_B"],"player_choice":"Transformed","damage_taken":0,"max_hp_gain":0,"max_hp_loss":0,"event_name":"Transmorgrifier","floor":21,"gold_loss":0,"cards_obtained":["Echo Form"]},{"damage_healed":0,"gold_gain":0,"player_choice":"Read","damage_taken":0,"max_hp_gain":0,"max_hp_loss":0,"event_name":"The Library","floor":29,"gold_loss":0,"cards_obtained":["Defragment"]},{"damage_healed":0,"gold_gain":0,"player_choice":"Memory 3","damage_taken":10,"max_hp_gain":0,"max_hp_loss":0,"event_name":"SensoryStone","floor":36,"gold_loss":0},{"damage_healed":0,"gold_gain":0,"cards_transformed":["Good Instincts"],"player_choice":"Transformed","damage_taken":0,"max_hp_gain":0,"max_hp_loss":0,"event_name":"Transmorgrifier","floor":37,"gold_loss":0,"cards_obtained":["Secret Weapon"]},{"cards_removed":["Ball Lightning"],"damage_healed":0,"gold_gain":0,"player_choice":"Removed Attack","damage_taken":0,"max_hp_gain":0,"max_hp_loss":0,"event_name":"Falling","floor":39,"gold_loss":0}],"is_beta":true,"boss_relics":[{"not_picked":["Empty Cage","Ectoplasm"],"picked":"Runic Dome"},{"not_picked":["White Beast Statue","Astrolabe"],"picked":"Sozu"}],"items_purged_floors":[22,53],"is_endless":false,"potions_floor_spawned":[4,6,8,24,25,27,31,40,42,45,48],"ascension_level":1}