{"gold_per_floor":[111,111,126,71,82,82,109,109,136,156,5,5,32,42,42,115,115,92,92,108,126,126,126,126],"floor_reached":24,"playtime":1156,"items_purged":["Strike_G"],"score":437,"play_id":"b73b10d5-9081-4e83-b5c4-cf5670d8e08b","local_time":"20181209163952","is_ascension_mode":true,"campfire_choices":[{"data":"Dagger Spray","floor":6,"key":"SMITH"},{"data":"Poisoned Stab","floor":8,"key":"SMITH"},{"data":"Noxious Fumes","floor":12,"key":"SMITH"},{"data":"Noxious Fumes","floor":15,"key":"SMITH"},{"data":"Glass Knife","floor":23,"key":"SMITH"}],"neow_cost":"NONE","seed_source_timestamp":167787831884685,"circlet_count":0,"master_deck":["AscendersBane","Defend_G","Defend_G","Defend_G+1","Defend_G","Defend_G+1","Survivor","Neutralize+1","Dagger Spray+1","Cloak And Dagger","Poisoned Stab+1","Quick Slash","Noxious Fumes+1","Noxious Fumes+1","Glass Knife+1","PiercingWail","Leg Sweep","PiercingWail+1","Bite","Bite","Bite","Bite","Bite"],"relics":["Ring of the Snake","Centennial Puzzle","War Paint","Darkstone Periapt","Runic Dome"],"potions_floor_usage":[13,13,16,21,24],"damage_taken":[{"damage":4,"enemies":"Jaw Worm","floor":1,"turns":7},{"damage":0,"enemies":"Cultist","floor":3,"turns":3},{"damage":0,"enemies":"2 Louse","floor":5,"turns":3},{"damage":24,"enemies":"3 Sentries","floor":7,"turns":9},{"damage":0,"enemies":"Exordium Wildlife","floor":10,"turns":2},{"damage":11,"enemies":"Lagavulin","floor":13,"turns":5},{"damage":0,"enemies":"3 Louse","floor":14,"turns":2},{"damage":19,"enemies":"The Guardian","floor":16,"turns":9},{"damage":6,"enemies":"2 Thieves","floor":18,"turns":4},{"damage":0,"enemies":"Chosen","floor":20,"turns":5},{"damage":18,"enemies":"3 Cultists","floor":21,"turns":5},{"damage":43,"enemies":"Book of Stabbing","floor":24,"turns":5}],"seed_played":"-2993653790160158688","potions_obtained":[{"floor":3,"key":"PowerPotion"},{"floor":13,"key":"AttackPotion"},{"floor":14,"key":"Poison Potion"},{"floor":18,"key":"Swift Potion"}],"is_trial":false,"path_per_floor":["M","?","M","$","M","R","E","R","T","M","$","R","E","M","R","B",null,"M","?","M","M","?","R","E"],"character_chosen":"THE_SILENT","items_purchased":["SteroidPotion","Noxious Fumes"],"campfire_rested":0,"item_purchase_floors":[4,11],"current_hp_per_floor":[61,61,61,61,61,61,37,37,37,37,37,37,26,26,26,7,56,50,50,50,32,32,32,0],"gold":126,"neow_bonus":"TEN_PERCENT_HP_BONUS","is_prod":false,"is_daily":false,"chose_seed":false,"campfire_upgraded":5,"win_rate":0,"timestamp":1544391592,"path_taken":["M","?","M","$","M","R","E","R","T","?","?","R","E","M","R","BOSS","M","?","M","M","?","R","E"],"build_version":"2018-12-06","purchased_purges":1,"victory":false,"max_hp_per_floor":[72,72,72,72,72,72,72,72,72,72,72,72,72,72,72,72,72,72,72,72,72,50,50,50],"card_choices":[{"not_picked":["Dodge and Roll","Flechettes"],"picked":"Dagger Spray","floor":1},{"not_picked":["Setup","Concentrate"],"picked":"Cloak And Dagger","floor":3},{"not_picked":["Riddle With Holes","Skewer","Blade Dance"],"picked":"SKIP","floor":5},{"not_picked":["Underhanded Strike","Slice"],"picked":"Poisoned Stab","floor":7},{"not_picked":["Riddle With Holes","Flying Knee"],"picked":"Quick Slash","floor":10},{"not_picked":["Die Die Die","All Out Attack","Bane"],"picked":"SKIP","floor":13},{"not_picked":["Deadly Poison","Prepared"],"picked":"Noxious Fumes","floor":14},{"not_picked":["Night Terror","Corpse Explosion"],"picked":"Glass Knife","floor":16},{"not_picked":["Deflect","Blur"],"picked":"PiercingWail","floor":18},{"not_picked":["All Out Attack","Prepared"],"picked":"PiercingWail+1","floor":20},{"not_picked":["Tactician","Distraction","Finisher"],"picked":"SKIP","floor":21}],"player_experience":1060730,"relics_obtained":[{"floor":7,"key":"Centennial Puzzle"},{"floor":9,"key":"War Paint"},{"floor":13,"key":"Darkstone Periapt"}],"event_choices":[{"damage_healed":0,"gold_gain":0,"player_choice":"Upgraded","damage_taken":0,"max_hp_gain":0,"max_hp_loss":0,"event_name":"Upgrade Shrine","floor":2,"gold_loss":0,"cards_upgraded":["Neutralize"]},{"damage_healed":0,"gold_gain":0,"player_choice":"Read","damage_taken":0,"max_hp_gain":0,"max_hp_loss":0,"event_name":"The Library","floor":19,"gold_loss":0,"cards_obtained":["Leg Sweep"]},{"damage_healed":0,"gold_gain":0,"player_choice":"Became a vampire","damage_taken":0,"max_hp_gain":0,"max_hp_loss":22,"event_name":"Vampires","floor":22,"gold_loss":0,"cards_obtained":["Bite","Bite","Bite","Bite","Bite"]}],"is_beta":true,"boss_relics":[{"not_picked":["Coffee Dripper","Busted Crown"],"picked":"Runic Dome"}],"items_purged_floors":[11],"is_endless":false,"potions_floor_spawned":[3,5,10,13,14,18],"killed_by":"Book of Stabbing","ascension_level":20}