{"gold_per_floor":[18,18,34,34,34,34,66,77,100,100,131,131,164,182,182,259,259,279,39,39,39,59,88,88,117,142,142],"floor_reached":27,"playtime":2822,"items_purged":["Choke"],"score":584,"play_id":"79aeda25-c426-47bb-9824-d6b26f5cc1a8","local_time":"20190406202103","is_ascension_mode":true,"campfire_choices":[{"data":"Dagger Spray","floor":6,"key":"SMITH"},{"floor":10,"key":"REST"},{"floor":12,"key":"REST"},{"floor":15,"key":"REST"},{"floor":24,"key":"REST"}],"neow_cost":"NO_GOLD","seed_source_timestamp":10629214647872,"circlet_count":0,"master_deck":["AscendersBane","Survivor","Neutralize","Dagger Spray+1","Sucker Punch","Dagger Throw","Backflip","PiercingWail","Envenom","Glass Knife","Dash","Flying Knee","Venomology","Glass Knife","Noxious Fumes","Catalyst","Finisher","Skewer","After Image","PiercingWail","Backflip"],"relics":["Ring of the Snake","Gambling Chip","Ancient Tea Set","Boot","Anchor","Pandora\u0027s Box","GremlinMask","Molten Egg 2","Mummified Hand","Omamori"],"potions_floor_usage":[11,11,23,25,25],"damage_taken":[{"damage":0,"enemies":"2 Louse","floor":1,"turns":3},{"damage":1,"enemies":"Jaw Worm","floor":3,"turns":5},{"damage":35,"enemies":"3 Sentries","floor":7,"turns":8},{"damage":0,"enemies":"Small Slimes","floor":8,"turns":2},{"damage":24,"enemies":"Gremlin Nob","floor":11,"turns":4},{"damage":29,"enemies":"Lagavulin","floor":13,"turns":7},{"damage":0,"enemies":"Looter","floor":14,"turns":3},{"damage":16,"enemies":"The Guardian","floor":16,"turns":13},{"damage":18,"enemies":"2 Thieves","floor":18,"turns":4},{"damage":4,"enemies":"3 Byrds","floor":22,"turns":3},{"damage":0,"enemies":"Gremlin Leader","floor":23,"turns":5},{"damage":25,"enemies":"Book of Stabbing","floor":25,"turns":5},{"damage":58,"enemies":"Slavers","floor":27,"turns":3}],"seed_played":"7918029051688221753","potions_obtained":[{"floor":7,"key":"Strength Potion"},{"floor":8,"key":"PowerPotion"},{"floor":13,"key":"Dexterity Potion"},{"floor":14,"key":"LiquidBronze"},{"floor":18,"key":"Explosive Potion"},{"floor":23,"key":"FairyPotion"}],"is_trial":false,"path_per_floor":["M","?","M","?","?","R","E","M","T","R","E","R","E","M","R","B",null,"M","$","?","?","M","E","R","E","T","E"],"character_chosen":"THE_SILENT","items_purchased":["After Image"],"campfire_rested":4,"item_purchase_floors":[19],"current_hp_per_floor":[59,59,58,51,56,56,21,21,21,42,18,39,10,10,31,15,57,39,39,19,19,15,15,37,27,27,0],"gold":142,"neow_bonus":"ONE_RARE_RELIC","is_prod":false,"is_daily":false,"chose_seed":false,"campfire_upgraded":1,"win_rate":0,"timestamp":1554596463,"path_taken":["M","?","M","?","?","R","E","M","T","R","E","R","E","M","R","BOSS","M","$","?","?","?","E","R","E","T","E"],"build_version":"2019-01-23","purchased_purges":1,"victory":false,"max_hp_per_floor":[66,66,66,66,71,71,71,71,71,71,71,71,71,71,71,71,71,71,71,76,76,76,76,76,76,76,76],"card_choices":[{"not_picked":["Prepared","Dodge and Roll"],"picked":"Dagger Spray","floor":1},{"not_picked":["Blade Dance","Backflip"],"picked":"Sucker Punch","floor":3},{"not_picked":["Envenom","Catalyst"],"picked":"Dagger Throw","floor":7},{"not_picked":["Deadly Poison","Dodge and Roll","Dagger Throw"],"picked":"SKIP","floor":8},{"not_picked":["Prepared","Acrobatics"],"picked":"Backflip","floor":11},{"not_picked":["Eviscerate","Dagger Spray"],"picked":"PiercingWail","floor":13},{"not_picked":["Poisoned Stab","Accuracy"],"picked":"Envenom","floor":14},{"not_picked":["Storm of Steel","Phantasmal Killer"],"picked":"Glass Knife","floor":16},{"not_picked":["Escape Plan","Blade Dance","Finisher"],"picked":"SKIP","floor":18},{"not_picked":["Deflect","Prepared"],"picked":"PiercingWail","floor":22},{"not_picked":["Riddle With Holes+1","Dagger Throw","Acrobatics+1"],"picked":"SKIP","floor":23},{"not_picked":["Poisoned Stab+1","Distraction"],"picked":"Backflip","floor":25}],"player_experience":1240393,"relics_obtained":[{"floor":7,"key":"Ancient Tea Set"},{"floor":11,"key":"Boot"},{"floor":13,"key":"Anchor"},{"floor":23,"key":"Molten Egg 2"},{"floor":25,"key":"Mummified Hand"},{"floor":26,"key":"Omamori"}],"event_choices":[{"damage_healed":0,"gold_gain":0,"player_choice":"Fled","damage_taken":0,"max_hp_gain":0,"max_hp_loss":0,"event_name":"Scrap Ooze","floor":2,"gold_loss":0},{"cards_removed":["Strike_G"],"damage_healed":0,"gold_gain":0,"player_choice":"Card Removal","damage_taken":7,"max_hp_gain":0,"max_hp_loss":0,"event_name":"Golden Wing","floor":4,"gold_loss":0},{"damage_healed":0,"gold_gain":0,"player_choice":"Donut","damage_taken":0,"max_hp_gain":5,"max_hp_loss":0,"event_name":"Big Fish","floor":5,"gold_loss":0},{"damage_healed":0,"gold_gain":0,"player_choice":"Shed Blood","damage_taken":25,"max_hp_gain":5,"max_hp_loss":0,"event_name":"Forgotten Altar","floor":20,"gold_loss":0},{"damage_healed":0,"gold_gain":0,"player_choice":"Trade","damage_taken":0,"relics_obtained":["GremlinMask"],"max_hp_gain":0,"max_hp_loss":0,"event_name":"FaceTrader","floor":21,"gold_loss":0}],"is_beta":false,"boss_relics":[{"not_picked":["Black Star","Empty Cage"],"picked":"Pandora\u0027s Box"}],"items_purged_floors":[19],"is_endless":false,"potions_floor_spawned":[7,8,13,14,18,23],"killed_by":"Slavers","ascension_level":20}