{"gold_per_floor":[111,128,93,0,14,46,46,79,79,105,105,124,153,153,153,230,230,248,248,28,78,24,24,42,71,124,124,143,143,155,2,2,75,75,87,87,2,15,27,27,27,60,85,118,118,133,187,237,237,237,237,237,237,17,49,49],"floor_reached":56,"playtime":7007,"items_purged":["Strike_B","Strike_B","Strike_B"],"score":2033,"play_id":"95dc54dd-6803-4578-839b-5b6f064ea688","local_time":"20181107191855","is_ascension_mode":true,"campfire_choices":[{"data":"Zap","floor":7.0,"key":"SMITH"},{"data":"Dualcast","floor":11,"key":"SMITH"},{"data":"Multi-Cast","floor":15,"key":"SMITH"},{"floor":23,"key":"REST"},{"floor":27,"key":"REST"},{"data":"Double Energy","floor":29,"key":"SMITH"},{"data":"Turbo","floor":32,"key":"SMITH"},{"data":"Biased Cognition","floor":40,"key":"SMITH"},{"data":"Consume","floor":45,"key":"SMITH"},{"floor":49,"key":"RECALL"},{"data":"Capacitor","floor":53,"key":"SMITH"}],"neow_cost":"NONE","seed_source_timestamp":895591056742794,"circlet_count":0,"master_deck":["AscendersBane","Strike_B","Defend_B","Defend_B","Defend_B","Defend_B","Zap+1","Dualcast+1","Darkness","Glacier","Self Repair","All For One","All For One","Hologram","Multi-Cast+1","Biased Cognition+1","Stack","Capacitor","Glacier","Auto Shields","Blizzard+1","Double Energy+1","Gash","Turbo+1","Glacier","Meteor Strike","Hologram+1","Blind","Dark Shackles","Capacitor+1","Reprogram+1","Consume+1","Glacier+1","Reinforced Body"],"special_seed":0,"relics":["Cracked Core","Smiling Mask","Pantograph","Anchor","Mummified Hand","DataDisk","Runic Pyramid","Vajra","Velvet Choker","Pen Nib","Bag of Preparation","Meat on the Bone","Ginger","Du-Vu Doll"],"potions_floor_usage":[16,24,25,30,35,56,56],"damage_taken":[{"damage":8.0,"enemies":"Small Slimes","floor":1.0,"turns":4.0},{"damage":5.0,"enemies":"2 Louse","floor":2.0,"turns":4.0},{"damage":0.0,"enemies":"Jaw Worm","floor":5.0,"turns":5.0},{"damage":25.0,"enemies":"3 Sentries","floor":6.0,"turns":15.0},{"damage":18.0,"enemies":"Gremlin Nob","floor":8.0,"turns":4.0},{"damage":26,"enemies":"3 Sentries","floor":10,"turns":7},{"damage":21,"enemies":"Exordium Wildlife","floor":12,"turns":6},{"damage":15,"enemies":"Lagavulin","floor":13,"turns":9},{"damage":29,"enemies":"Slime Boss","floor":16,"turns":5},{"damage":0,"enemies":"Spheric Guardian","floor":18,"turns":4},{"damage":2,"enemies":"3 Byrds","floor":24,"turns":3},{"damage":43,"enemies":"Book of Stabbing","floor":25,"turns":4},{"damage":3,"enemies":"Centurion and Healer","floor":28,"turns":6},{"damage":4,"enemies":"3 Cultists","floor":30,"turns":8},{"damage":42,"enemies":"Collector","floor":33,"turns":9},{"damage":1,"enemies":"Orb Walker","floor":35,"turns":4},{"damage":36,"enemies":"3 Darklings","floor":38,"turns":8},{"damage":0,"enemies":"4 Shapes","floor":39,"turns":9},{"damage":0,"enemies":"Giant Head","floor":42,"turns":6},{"damage":16,"enemies":"Reptomancer","floor":44,"turns":8},{"damage":1,"enemies":"Maw","floor":46,"turns":8},{"damage":20,"enemies":"2 Orb Walkers","floor":47,"turns":6},{"damage":3,"enemies":"Time Eater","floor":50,"turns":13},{"damage":9,"enemies":"Awakened One","floor":51,"turns":19},{"damage":30,"enemies":"Shield and Spear","floor":55,"turns":12},{"damage":85,"enemies":"The Heart","floor":56,"turns":15}],"seed_played":"2064414967705014979","potions_obtained":[{"floor":1.0,"key":"Weak Potion"},{"floor":10,"key":"EssenceOfSteel"},{"floor":12,"key":"LiquidBronze"},{"floor":25,"key":"Weak Potion"},{"floor":30,"key":"Explosive Potion"},{"floor":33,"key":"SneckoOil"},{"floor":39,"key":"Ancient Potion"}],"is_trial":false,"path_per_floor":["M","M","?","$","M","E","R","E","T","E","R","M","E","?","R","B",null,"M","?","$","?","$","R","M","E","T","R","M","R","M","$","R","B",null,"M","?","$","M","M","R","?","E","T","E","R","M","?","?","R","B","B",null,"R","$","E","B"],"character_chosen":"DEFECT","items_purchased":["Self Repair","PowerPotion","Capacitor","Glacier","Fire Potion","Turbo","Glacier","Capacitor","FocusPotion","Reinforced Body"],"campfire_rested":2,"item_purchase_floors":[4,4,20,20,22,31,31,37,54,54],"current_hp_per_floor":[63,58,77,77,78,60,60,49,49,30,30,16,8,8,8,11,61,68,46,46,46,46,70,75,39,39,63,67,67,70,70,70,48,74,73,63,63,34,41,41,41,48,48,39,39,57,56,56,56,83,81,83,83,83,60,0],"gold":49,"neow_bonus":"TEN_PERCENT_HP_BONUS","is_prod":false,"is_daily":false,"chose_seed":false,"campfire_upgraded":8,"win_rate":0,"timestamp":1541636335,"path_taken":["M","M","?","$","M","E","R","E","T","E","R","M","E","?","R","BOSS","M","?","$","?","?","R","M","E","T","R","M","R","M","$","R","BOSS","M","?","$","M","M","R","?","E","T","E","R","M","?","?","R","BOSS","BOSS","R","$","E","BOSS"],"build_version":"2018-11-06","purchased_purges":3,"victory":false,"max_hp_per_floor":[78,78,78,78,78,78,78,78,78,78,78,78,78,78,78,78,78,78,83,83,83,83,83,83,83,83,83,83,83,83,83,83,83,83,83,83,83,83,83,83,83,83,83,83,83,83,83,83,83,83,83,83,83,83,83,83],"card_choices":[{"not_picked":["Chill","Beam Cell"],"picked":"Darkness","floor":1.0},{"not_picked":["Leap","Hologram"],"picked":"Glacier","floor":2.0},{"not_picked":["Steam","Stack"],"picked":"All For One","floor":5.0},{"not_picked":["Streamline","Steam"],"picked":"All For One","floor":6.0},{"not_picked":["Hologram","Gash"],"picked":"Hello World","floor":8.0},{"not_picked":["Doom and Gloom","Darkness","Aggregate"],"picked":"SKIP","floor":10},{"not_picked":["Sweeping Beam","Gash"],"picked":"Hologram","floor":12},{"not_picked":["Coolheaded","Hello World"],"picked":"Multi-Cast","floor":13},{"not_picked":["Amplify","Rainbow"],"picked":"Biased Cognition","floor":16},{"not_picked":["Cold Snap","Rebound"],"picked":"Stack","floor":18},{"not_picked":["Redo","Thunder Strike"],"picked":"Auto Shields","floor":24},{"not_picked":["Double Energy","Leap"],"picked":"Blizzard+1","floor":25},{"not_picked":["Ball Lightning","Reinforced Body"],"picked":"Double Energy","floor":28},{"not_picked":["Barrage","Redo"],"picked":"Gash","floor":30},{"not_picked":["Biased Cognition","Machine Learning"],"picked":"Meteor Strike","floor":33},{"not_picked":["Loop","FTL"],"picked":"Hologram+1","floor":35},{"not_picked":["Violence","Mind Blast"],"picked":"Blind","floor":36},{"not_picked":["Sadistic Nature","Good Instincts"],"picked":"Dark Shackles","floor":36},{"not_picked":["Gash+1","Genetic Algorithm"],"picked":"Reprogram+1","floor":38},{"not_picked":["Storm+1","Cold Snap+1","Chill"],"picked":"SKIP","floor":39},{"not_picked":["Capacitor","Hologram","White Noise"],"picked":"SKIP","floor":42},{"not_picked":["Hologram","Rebound+1"],"picked":"Consume","floor":44},{"not_picked":["Steam Power","Rip and Tear+1","Fusion+1"],"picked":"SKIP","floor":46},{"not_picked":["Redo+1","Lockon"],"picked":"Glacier+1","floor":47},{"not_picked":["Genetic Algorithm+1","Conserve Battery","Aggregate+1"],"picked":"SKIP","floor":55}],"player_experience":904358,"relics_obtained":[{"floor":6.0,"key":"Smiling Mask"},{"floor":8.0,"key":"Pantograph"},{"floor":9,"key":"Anchor"},{"floor":10,"key":"Mummified Hand"},{"floor":13,"key":"DataDisk"},{"floor":25,"key":"Vajra"},{"floor":42,"key":"Pen Nib"},{"floor":43,"key":"Bag of Preparation"},{"floor":44,"key":"Meat on the Bone"},{"floor":47,"key":"Ginger"},{"floor":55,"key":"Du-Vu Doll"}],"event_choices":[{"damage_healed":19.0,"max_hp_gain":0.0,"max_hp_loss":0.0,"gold_gain":0.0,"event_name":"The Cleric","player_choice":"Healed","floor":3.0,"gold_loss":35.0,"damage_taken":0.0},{"damage_healed":0,"gold_gain":0,"player_choice":"Fled","damage_taken":0,"max_hp_gain":0,"max_hp_loss":0,"event_name":"Scrap Ooze","floor":14,"gold_loss":0},{"damage_healed":0,"gold_gain":0,"player_choice":"Shed Blood","damage_taken":27,"max_hp_gain":5,"max_hp_loss":0,"event_name":"Forgotten Altar","floor":19,"gold_loss":0},{"damage_healed":0,"gold_gain":50,"player_choice":"Stole From Cult","damage_taken":0,"max_hp_gain":0,"max_hp_loss":0,"event_name":"Nest","floor":21,"gold_loss":0},{"damage_healed":0,"gold_gain":0,"player_choice":"Memory 3","damage_taken":10,"max_hp_gain":0,"max_hp_loss":0,"event_name":"SensoryStone","floor":36,"gold_loss":0},{"cards_removed":["Hello World"],"damage_healed":0,"gold_gain":0,"player_choice":"Removed Power","damage_taken":0,"max_hp_gain":0,"max_hp_loss":0,"event_name":"Falling","floor":41,"gold_loss":0},{"damage_healed":0,"gold_gain":0,"player_choice":"Fight","damage_taken":0,"max_hp_gain":0,"max_hp_loss":0,"event_name":"Mysterious Sphere","floor":47,"gold_loss":0},{"damage_healed":0,"gold_gain":50,"player_choice":"Pray","damage_taken":0,"max_hp_gain":0,"max_hp_loss":0,"event_name":"Golden Shrine","floor":48,"gold_loss":0}],"is_beta":true,"boss_relics":[{"not_picked":["Tiny House","Coffee Dripper"],"picked":"Runic Pyramid"},{"not_picked":["Pandora\u0027s Box","Busted Crown"],"picked":"Velvet Choker"}],"items_purged_floors":[20,31,54],"is_endless":false,"potions_floor_spawned":[1,5,10,12,25,30,33,39,42,47],"killed_by":"The Heart","ascension_level":20}