{"gold_per_floor":[119,194,213,213,232,232,246,246,246,289,310,343,343,378,378,473,473,493,493,508,423,131,131,162,162,192,219,219,199,199,218,218,295,295,315,328,228,72,72,72,72,72,99,115,115,130,148,183,183,183],"floor_reached":51,"playtime":1986,"items_purged":["Strike_R","Brutality"],"score":1310,"play_id":"844def72-af24-495a-bdbe-63b4b8e35cd1","local_time":"20190430175011","is_ascension_mode":true,"campfire_choices":[{"data":"Whirlwind","floor":6,"key":"SMITH"},{"floor":13,"key":"REST"},{"data":"Flame Barrier","floor":15,"key":"SMITH"},{"floor":23,"key":"DIG"},{"data":"Anger","floor":25,"key":"SMITH"},{"floor":28,"key":"REST"},{"data":"Battle Trance","floor":30,"key":"SMITH"},{"floor":32,"key":"REST"},{"floor":40,"key":"DIG"},{"data":"Demon Form","floor":41,"key":"SMITH"},{"data":"Body Slam","floor":42,"key":"SMITH"},{"floor":45,"key":"DIG"},{"floor":49,"key":"REST"}],"neow_cost":"NONE","seed_source_timestamp":638977573217100,"circlet_count":0,"master_deck":["AscendersBane","Bash+1","Reckless Charge","Shrug It Off","Whirlwind+1","Battle Trance+1","Twin Strike","Anger+1","Shrug It Off","Flame Barrier+1","Iron Wave+1","Shrug It Off","Limit Break","Thunderclap","Iron Wave","Hemokinesis","Cleave","Thunderclap","Evolve","Body Slam+1","Dropkick","Demon Form+1","True Grit+1","Limit Break"],"relics":["Burning Blood","Bloody Idol","Ginger","Shovel","Singing Bowl","Champion Belt","Sozu","Pantograph","Orichalcum","Centennial Puzzle","Omamori","Tiny Chest","WingedGreaves","Pandora\u0027s Box","The Courier","Blood Vial","Oddly Smooth Stone","Bronze Scales","Mummified Hand"],"potions_floor_usage":[10,11,14,24],"damage_taken":[{"damage":7,"enemies":"Jaw Worm","floor":1,"turns":4},{"damage":0,"enemies":"Small Slimes","floor":3,"turns":4},{"damage":0,"enemies":"2 Louse","floor":5,"turns":2},{"damage":6,"enemies":"Looter","floor":7,"turns":4},{"damage":18,"enemies":"Gremlin Nob","floor":10,"turns":4},{"damage":6,"enemies":"Lots of Slimes","floor":11,"turns":2},{"damage":17,"enemies":"Lagavulin","floor":12,"turns":5},{"damage":27,"enemies":"3 Sentries","floor":14,"turns":6},{"damage":26,"enemies":"Hexaghost","floor":16,"turns":12},{"damage":23,"enemies":"Chosen","floor":18,"turns":5},{"damage":12,"enemies":"Shell Parasite","floor":20,"turns":6},{"damage":11,"enemies":"Slavers","floor":24,"turns":7},{"damage":46,"enemies":"Gremlin Leader","floor":27,"turns":9},{"damage":3,"enemies":"Snecko","floor":31,"turns":5},{"damage":83,"enemies":"Champ","floor":33,"turns":14},{"damage":14,"enemies":"3 Shapes","floor":35,"turns":6},{"damage":2,"enemies":"3 Darklings","floor":36,"turns":3},{"damage":0,"enemies":"Maw","floor":44,"turns":4},{"damage":36,"enemies":"Spire Growth","floor":46,"turns":5},{"damage":8,"enemies":"3 Darklings","floor":47,"turns":4},{"damage":42,"enemies":"Reptomancer","floor":48,"turns":7},{"damage":80,"enemies":"Time Eater","floor":50,"turns":9}],"seed_played":"6193559942626550340","potions_obtained":[{"floor":7,"key":"Ancient Potion"},{"floor":10,"key":"BloodPotion"},{"floor":11,"key":"Dexterity Potion"},{"floor":12,"key":"Regen Potion"}],"is_trial":false,"path_per_floor":["M","?","M","?","M","R","M","?","T","E","M","E","R","E","R","B",null,"M","?","M","?","$","R","E","R","T","E","R","?","R","M","R","B",null,"M","M","$","$","T","R","R","R","T","M","R","M","M","E","R","B",null],"character_chosen":"IRONCLAD","items_purchased":["Shrug It Off","Orichalcum","Demon Form"],"campfire_rested":4,"item_purchase_floors":[22,22,38],"current_hp_per_floor":[67,56,62,36,42,42,42,42,42,30,37,26,48,42,42,24,64,47,47,48,48,48,48,50,50,55,22,46,46,46,56,81,13,67,64,73,73,73,73,73,73,73,78,85,85,62,67,40,66,15],"gold":183,"neow_bonus":"TRANSFORM_CARD","is_prod":false,"is_daily":false,"chose_seed":false,"campfire_upgraded":6,"win_rate":0,"timestamp":1556639411,"path_taken":["M","?","M","?","M","R","M","?","T","E","M","E","R","E","R","BOSS","M","?","M","?","$","R","E","R","T","E","R","?","R","M","R","BOSS","M","M","?","$","?","R","R","R","T","M","R","?","M","E","R","BOSS"],"build_version":"2019-01-23","purchased_purges":2,"victory":true,"max_hp_per_floor":[75,75,75,75,75,75,75,75,75,75,75,75,75,75,75,77,77,77,77,79,79,79,79,81,81,81,83,83,83,83,85,85,85,85,85,85,85,85,85,85,85,85,85,85,85,87,87,89,89,89],"card_choices":[{"not_picked":["Perfected Strike","True Grit"],"picked":"Shrug It Off","floor":1},{"not_picked":["Clash","Bludgeon"],"picked":"Whirlwind","floor":3},{"not_picked":["Havoc","Body Slam"],"picked":"Battle Trance","floor":5},{"not_picked":["Cleave","Armaments"],"picked":"Twin Strike","floor":7},{"not_picked":["Infernal Blade","Iron Wave","Blood for Blood"],"picked":"SKIP","floor":10},{"not_picked":["Heavy Blade","Intimidate"],"picked":"Anger","floor":11},{"not_picked":["Power Through","Pummel"],"picked":"Shrug It Off","floor":12},{"not_picked":["Warcry","Havoc"],"picked":"Flame Barrier","floor":14},{"not_picked":["Bludgeon","Brutality","Barricade"],"picked":"Singing Bowl","floor":16},{"not_picked":["Clothesline","Headbutt"],"picked":"Iron Wave+1","floor":18},{"not_picked":["Inflame","Ghostly Armor","Cleave"],"picked":"Singing Bowl","floor":20},{"not_picked":["Flex","Cleave","Wild Strike"],"picked":"Singing Bowl","floor":24},{"not_picked":["Dark Embrace","Carnage","Heavy Blade"],"picked":"Singing Bowl","floor":27},{"not_picked":["Heavy Blade+1","Twin Strike","Bloodletting"],"picked":"Singing Bowl","floor":31},{"not_picked":["Exhume","Bludgeon"],"picked":"Limit Break","floor":33},{"not_picked":["Heavy Blade+1","Iron Wave+1"],"picked":"Body Slam","floor":35},{"not_picked":["Headbutt","Thunderclap"],"picked":"Dropkick","floor":36},{"not_picked":["Clash","Warcry"],"picked":"True Grit+1","floor":44},{"not_picked":["Intimidate","Rupture","Carnage"],"picked":"Singing Bowl","floor":46},{"not_picked":["Anger","Thunderclap"],"picked":"Limit Break","floor":47},{"not_picked":["Carnage","Clothesline","Dual Wield+1"],"picked":"Singing Bowl","floor":48}],"player_experience":654929,"relics_obtained":[{"floor":9,"key":"Ginger"},{"floor":10,"key":"Shovel"},{"floor":12,"key":"Singing Bowl"},{"floor":14,"key":"Champion Belt"},{"floor":23,"key":"Centennial Puzzle"},{"floor":24,"key":"Omamori"},{"floor":26,"key":"Tiny Chest"},{"floor":27,"key":"WingedGreaves"},{"floor":39,"key":"The Courier"},{"floor":40,"key":"Blood Vial"},{"floor":43,"key":"Oddly Smooth Stone"},{"floor":45,"key":"Bronze Scales"},{"floor":48,"key":"Mummified Hand"}],"event_choices":[{"damage_healed":0,"gold_gain":75,"player_choice":"Gather Gold","damage_taken":11,"max_hp_gain":0,"max_hp_loss":0,"event_name":"World of Goop","floor":2,"gold_loss":0},{"damage_healed":0,"gold_gain":0,"player_choice":"Take Damage","damage_taken":26,"relics_obtained":["Golden Idol"],"max_hp_gain":0,"max_hp_loss":0,"event_name":"Golden Idol","floor":4,"gold_loss":0},{"damage_healed":0,"gold_gain":0,"player_choice":"Grow","damage_taken":0,"max_hp_gain":0,"max_hp_loss":0,"event_name":"Living Wall","floor":8,"gold_loss":0,"cards_upgraded":["Bash"]},{"damage_healed":0,"gold_gain":0,"player_choice":"Gave Idol","damage_taken":0,"relics_obtained":["Bloody Idol"],"max_hp_gain":0,"max_hp_loss":0,"event_name":"Forgotten Altar","floor":19,"relics_lost":["Golden Idol"],"gold_loss":0},{"damage_healed":0,"gold_gain":0,"player_choice":"Obtained Relic","damage_taken":0,"relics_obtained":["Pantograph"],"max_hp_gain":0,"max_hp_loss":0,"event_name":"Addict","floor":21,"gold_loss":85},{"damage_healed":0,"gold_gain":0,"player_choice":"Bought 1 Potion","damage_taken":0,"max_hp_gain":0,"max_hp_loss":0,"event_name":"The Woman in Blue","floor":29,"gold_loss":0}],"is_beta":false,"boss_relics":[{"not_picked":["Black Star","Cursed Key"],"picked":"Sozu"},{"not_picked":["Eternal Feather","Empty Cage"],"picked":"Pandora\u0027s Box"}],"items_purged_floors":[22,37],"is_endless":false,"potions_floor_spawned":[7,10,11,12,18,27,31,46,47],"ascension_level":17}