{"gold_per_floor":[12,25,25,25,100,125,145,145,145,145,161,180,199,7,7,103,103,113,124,49,60,60,60,160,160,214,247,258,270,270,300,300,405,405,423,139,150,250,296,296,322,322,349,377,377,396,245,245,245,245,245,245,1,32,32],"floor_reached":56,"playtime":2717,"items_purged":["Strike_R","Strike_R","Strike_R"],"score":1363,"play_id":"6475b648-db23-4d39-8261-327d8170a01f","local_time":"20190421232429","is_ascension_mode":false,"campfire_choices":[{"data":"Demon Form","floor":10,"key":"SMITH"},{"data":"True Grit","floor":15,"key":"SMITH"},{"data":"Shockwave","floor":23,"key":"SMITH"},{"floor":30,"key":"REST"},{"data":"Metallicize","floor":32,"key":"SMITH"},{"floor":40,"key":"REST"},{"floor":45,"key":"RECALL"},{"data":"Bash","floor":49,"key":"SMITH"},{"data":"Sword Boomerang","floor":52,"key":"SMITH"}],"neow_cost":"NO_GOLD","seed_source_timestamp":81489253591889,"circlet_count":0,"master_deck":["Defend_R","Defend_R","Defend_R","Defend_R","Bash+1","Demon Form+1","Shockwave+1","Sword Boomerang+1","Anger","Cloak And Dagger+1","Battle Trance","True Grit+1","Fiend Fire","Master of Strategy","Offering","Heavy Blade+1","Metallicize+1","Cleave","Shrug It Off","Limit Break","Dropkick+1","Limit Break","Shame","Shrug It Off","Flash of Steel","Pommel Strike"],"relics":["Burning Blood","Dodecahedron","Omamori","Mercury Hourglass","Cursed Key","Ginger","Dead Branch","Singing Bowl","PreservedInsect","Happy Flower","Bottled Tornado","Busted Crown","DollysMirror","Nunchaku","WingedGreaves","Red Skull","Potion Belt","Letter Opener"],"potions_floor_usage":[6,12,21,24,25,27,31,55,55,55,55],"damage_taken":[{"damage":1,"enemies":"Cultist","floor":1,"turns":3},{"damage":1,"enemies":"Jaw Worm","floor":2,"turns":4},{"damage":23,"enemies":"Gremlin Nob","floor":6,"turns":5},{"damage":2,"enemies":"Small Slimes","floor":7,"turns":3},{"damage":3,"enemies":"2 Fungi Beasts","floor":11,"turns":2},{"damage":0,"enemies":"Lots of Slimes","floor":12,"turns":1},{"damage":0,"enemies":"3 Louse","floor":13,"turns":2},{"damage":9,"enemies":"Hexaghost","floor":16,"turns":8},{"damage":6,"enemies":"Chosen","floor":18,"turns":3},{"damage":8,"enemies":"Shell Parasite","floor":19,"turns":4},{"damage":8,"enemies":"Snecko","floor":21,"turns":5},{"damage":15,"enemies":"Colosseum Slavers","floor":24,"turns":3},{"damage":25,"enemies":"Colosseum Nobs","floor":24,"turns":3},{"damage":0,"enemies":"Slavers","floor":25,"turns":1},{"damage":12,"enemies":"Gremlin Leader","floor":27,"turns":3},{"damage":13,"enemies":"Shelled Parasite and Fungi","floor":28,"turns":4},{"damage":14,"enemies":"Snake Plant","floor":29,"turns":3},{"damage":15,"enemies":"Slavers","floor":31,"turns":3},{"damage":6,"enemies":"Automaton","floor":33,"turns":5},{"damage":6,"enemies":"3 Shapes","floor":35,"turns":2},{"damage":6,"enemies":"Orb Walker","floor":37,"turns":2},{"damage":20,"enemies":"Mind Bloom Boss Battle","floor":38,"turns":4},{"damage":14,"enemies":"2 Orb Walkers","floor":39,"turns":3},{"damage":12,"enemies":"Reptomancer","floor":41,"turns":3},{"damage":18,"enemies":"Nemesis","floor":44,"turns":3},{"damage":12,"enemies":"Spire Growth","floor":46,"turns":4},{"damage":23,"enemies":"Awakened One","floor":50,"turns":5},{"damage":7,"enemies":"Shield and Spear","floor":54,"turns":2},{"damage":62,"enemies":"The Heart","floor":55,"turns":6}],"seed_played":"5930208348371373645","potions_obtained":[{"floor":1,"key":"SmokeBomb"},{"floor":2,"key":"BloodPotion"},{"floor":6,"key":"AttackPotion"},{"floor":12,"key":"Energy Potion"},{"floor":18,"key":"SmokeBomb"},{"floor":19,"key":"Block Potion"},{"floor":21,"key":"Weak Potion"},{"floor":28,"key":"AttackPotion"},{"floor":29,"key":"Poison Potion"},{"floor":31,"key":"Ancient Potion"},{"floor":37,"key":"Strength Potion"},{"floor":39,"key":"SteroidPotion"},{"floor":44,"key":"SkillPotion"},{"floor":54,"key":"Poison Potion"}],"is_trial":false,"path_per_floor":["M","M","?","?","?","E","M","?","T","R","M","M","M","$","R","B",null,"M","M","?","M","?","R","?","E","T","E","M","M","R","E","R","B",null,"M","$","M","?","?","R","E","?","T","E","R","M","$","?","R","B",null,"R","$","E","B",null],"character_chosen":"IRONCLAD","items_purchased":["Master of Strategy","DollysMirror","Shrug It Off","Flash of Steel","Pommel Strike"],"campfire_rested":2,"item_purchase_floors":[14,36,47,53,53],"current_hp_per_floor":[80,80,73,55,44,35,39,39,39,39,42,48,54,54,54,51,80,80,78,78,76,76,76,50,56,56,52,45,37,62,53,53,53,84,84,84,86,74,68,90,86,86,86,76,76,72,72,68,68,51,102,102,102,103,47],"gold":32,"neow_bonus":"THREE_RARE_CARDS","is_prod":false,"is_daily":false,"chose_seed":false,"campfire_upgraded":6,"win_rate":0,"timestamp":1555885469,"path_taken":["M","M","?","?","?","E","M","?","T","R","M","?","M","$","R","BOSS","M","?","?","M","?","R","?","E","T","E","?","M","R","E","R","BOSS","M","$","M","?","?","R","E","?","T","E","R","?","$","?","R","BOSS","R","$","E","BOSS"],"build_version":"2019-04-20","purchased_purges":3,"victory":true,"max_hp_per_floor":[80,80,80,80,80,80,80,80,80,80,80,80,80,80,80,80,80,80,80,80,80,80,80,82,82,82,84,84,84,84,84,84,84,84,84,84,86,88,90,90,92,92,92,94,94,96,96,102,102,102,102,102,102,104,104],"card_choices":[{"not_picked":["Exhume","Berserk"],"picked":"Demon Form","floor":0},{"not_picked":["Sever Soul","Searing Blow"],"picked":"Rampage","floor":1},{"not_picked":["Carnage","Havoc"],"picked":"Shockwave","floor":2},{"not_picked":["Searing Blow","Second Wind"],"picked":"Sword Boomerang","floor":6},{"not_picked":["Warcry","Burning Pact"],"picked":"Anger","floor":7},{"not_picked":["Searing Blow","Evolve"],"picked":"Battle Trance","floor":11},{"not_picked":["Pummel","Whirlwind"],"picked":"True Grit","floor":12},{"not_picked":["Headbutt","Armaments"],"picked":"Fiend Fire","floor":13},{"not_picked":["Double Tap","Reaper"],"picked":"Offering","floor":16},{"not_picked":["Fire Breathing+1","Wild Strike"],"picked":"Heavy Blade+1","floor":18},{"not_picked":["Uppercut","Inflame","Clothesline"],"picked":"SKIP","floor":19},{"not_picked":["Havoc+1","Blood for Blood+1","Immolate"],"picked":"SKIP","floor":21},{"not_picked":["Warcry","Body Slam","Rupture"],"picked":"Singing Bowl","floor":24},{"not_picked":["Uppercut","Fire Breathing+1","Hemokinesis"],"picked":"Singing Bowl","floor":27},{"not_picked":["Reckless Charge","Carnage"],"picked":"Metallicize","floor":28},{"not_picked":["Wild Strike","Clothesline"],"picked":"Cleave","floor":29},{"not_picked":["Carnage","Wild Strike"],"picked":"Shrug It Off","floor":31},{"not_picked":["Brutality","Dark Embrace"],"picked":"Limit Break","floor":33},{"not_picked":[],"picked":"Dropkick+1","floor":35},{"not_picked":["Searing Blow"],"picked":"Singing Bowl","floor":37},{"not_picked":["Shockwave"],"picked":"Singing Bowl","floor":38},{"not_picked":["Shockwave+1"],"picked":"Singing Bowl","floor":39},{"not_picked":["Armaments"],"picked":"Singing Bowl","floor":41},{"not_picked":["Searing Blow+1"],"picked":"Singing Bowl","floor":44},{"not_picked":["Hemokinesis"],"picked":"Singing Bowl","floor":46},{"not_picked":["Purity"],"picked":"Singing Bowl","floor":48},{"not_picked":["Forethought"],"picked":"Singing Bowl","floor":48},{"not_picked":["Secret Technique"],"picked":"Singing Bowl","floor":48},{"not_picked":["Inflame+1"],"picked":"Singing Bowl","floor":54}],"player_experience":1213843,"relics_obtained":[{"floor":6,"key":"Omamori"},{"floor":9,"key":"Mercury Hourglass"},{"floor":24,"key":"Dead Branch"},{"floor":24,"key":"Singing Bowl"},{"floor":26,"key":"PreservedInsect"},{"floor":27,"key":"Happy Flower"},{"floor":31,"key":"Bottled Tornado"},{"floor":38,"key":"Nunchaku"},{"floor":39,"key":"WingedGreaves"},{"floor":41,"key":"Red Skull"},{"floor":44,"key":"Potion Belt"},{"floor":54,"key":"Letter Opener"}],"event_choices":[{"cards_removed":["Strike_R"],"damage_healed":0,"gold_gain":0,"player_choice":"Card Removal","damage_taken":7,"max_hp_gain":0,"max_hp_loss":0,"event_name":"Golden Wing","floor":3,"gold_loss":0},{"damage_healed":0,"gold_gain":0,"player_choice":"Success","damage_taken":18,"relics_obtained":["Dodecahedron"],"max_hp_gain":0,"max_hp_loss":0,"event_name":"Scrap Ooze","floor":4,"gold_loss":0},{"damage_healed":0,"gold_gain":75,"player_choice":"Gather Gold","damage_taken":11,"max_hp_gain":0,"max_hp_loss":0,"event_name":"World of Goop","floor":5,"gold_loss":0},{"cards_removed":["Rampage"],"damage_healed":0,"gold_gain":0,"player_choice":"Took Card","damage_taken":0,"max_hp_gain":0,"max_hp_loss":0,"event_name":"NoteForYourself","floor":8,"gold_loss":0,"cards_obtained":["Cloak And Dagger"]},{"cards_removed":["Strike_R"],"damage_healed":0,"gold_gain":0,"player_choice":"Gave Gold","damage_taken":0,"max_hp_gain":0,"max_hp_loss":0,"event_name":"Beggar","floor":20,"gold_loss":75},{"damage_healed":0,"gold_gain":0,"player_choice":"Stole Relic","damage_taken":0,"relics_obtained":["Ginger"],"max_hp_gain":0,"max_hp_loss":0,"event_name":"Addict","floor":22,"gold_loss":0,"cards_obtained":["Shame"]},{"damage_healed":0,"gold_gain":0,"player_choice":"Fight","damage_taken":0,"max_hp_gain":0,"max_hp_loss":0,"event_name":"Colosseum","floor":24,"gold_loss":0},{"damage_healed":0,"gold_gain":0,"player_choice":"Fought Nobs","damage_taken":0,"max_hp_gain":0,"max_hp_loss":0,"event_name":"Colosseum","floor":24,"gold_loss":0},{"damage_healed":0,"gold_gain":0,"player_choice":"Fight","damage_taken":0,"max_hp_gain":0,"max_hp_loss":0,"event_name":"MindBloom","floor":38,"gold_loss":0},{"damage_healed":0,"gold_gain":0,"player_choice":"Fight","damage_taken":0,"max_hp_gain":0,"max_hp_loss":0,"event_name":"Mysterious Sphere","floor":39,"gold_loss":0},{"damage_healed":0,"gold_gain":0,"player_choice":"Ignored","damage_taken":0,"max_hp_gain":0,"max_hp_loss":0,"event_name":"Tomb of Lord Red Mask","floor":42,"gold_loss":0},{"damage_healed":0,"gold_gain":0,"player_choice":"Memory 3","damage_taken":10,"max_hp_gain":0,"max_hp_loss":0,"event_name":"SensoryStone","floor":48,"gold_loss":0}],"is_beta":true,"boss_relics":[{"not_picked":["Coffee Dripper","Fusion Hammer"],"picked":"Cursed Key"},{"not_picked":["Runic Dome","Runic Pyramid"],"picked":"Busted Crown"}],"items_purged_floors":[36,47,53],"is_endless":false,"potions_floor_spawned":[1,2,6,12,18,19,21,28,29,31,37,39,44,54],"ascension_level":0}