{"gold_per_floor":[115,115,135,135,146,179,179,196,196,196,224,242,242,262,262,365,365,377,377,377,377,393,393,405,419,419,419,447,458,229,229,229,229],"floor_reached":33,"playtime":1339,"items_purged":[],"score":291,"play_id":"c3569649-06aa-4d3f-85b4-ff4380fedc81","local_time":"20190419000713","is_ascension_mode":true,"campfire_choices":[{"data":"Envenom","floor":7,"key":"SMITH"},{"data":"Backstab","floor":10,"key":"SMITH"},{"data":"Quick Slash","floor":13,"key":"SMITH"},{"floor":15,"key":"REST"},{"data":"Bouncing Flask","floor":23,"key":"SMITH"},{"floor":27,"key":"REST"},{"floor":32,"key":"REST"}],"neow_cost":"NONE","seed_source_timestamp":602425474200200,"circlet_count":0,"master_deck":["Defend_G","Defend_G","Defend_G+1","Defend_G+1","Strike_G","Strike_G","Strike_G","Survivor","Neutralize+1","Dagger Throw","Backstab+1","Backflip","Envenom+1","Slice","Quick Slash+1","PiercingWail","Backstab","Die Die Die","Cloak And Dagger+1","Underhanded Strike+1","Malaise+1","Poisoned Stab+1","RitualDagger","Bouncing Flask+1","Noxious Fumes","Deflect","Catalyst"],"relics":["Ring of the Snake","NeowsBlessing","Smiling Mask","Singing Bowl","Omamori","War Paint","Astrolabe","Darkstone Periapt","Art of War","Centennial Puzzle"],"potions_floor_usage":[6,16,25,25,33],"damage_taken":[{"damage":0,"enemies":"Small Slimes","floor":1,"turns":1},{"damage":0,"enemies":"Cultist","floor":3,"turns":1},{"damage":0,"enemies":"Jaw Worm","floor":5,"turns":1},{"damage":11,"enemies":"3 Sentries","floor":6,"turns":12},{"damage":4,"enemies":"2 Fungi Beasts","floor":8,"turns":4},{"damage":14,"enemies":"Gremlin Nob","floor":11,"turns":4},{"damage":0,"enemies":"Looter","floor":12,"turns":3},{"damage":1,"enemies":"3 Louse","floor":14,"turns":2},{"damage":34,"enemies":"Slime Boss","floor":16,"turns":11},{"damage":0,"enemies":"Spheric Guardian","floor":18,"turns":3},{"damage":13,"enemies":"Colosseum Slavers","floor":21,"turns":4},{"damage":3,"enemies":"Chosen","floor":22,"turns":6},{"damage":31,"enemies":"Shelled Parasite and Fungi","floor":24,"turns":5},{"damage":1,"enemies":"Centurion and Healer","floor":25,"turns":6},{"damage":1,"enemies":"Book of Stabbing","floor":28,"turns":7},{"damage":3,"enemies":"Snake Plant","floor":29,"turns":3},{"damage":59,"enemies":"Automaton","floor":33,"turns":10}],"seed_played":"-2834955637253121297","potions_obtained":[{"floor":3,"key":"Energy Potion"},{"floor":5,"key":"Fire Potion"},{"floor":6,"key":"SpeedPotion"},{"floor":8,"key":"Strength Potion"},{"floor":24,"key":"SteroidPotion"},{"floor":28,"key":"Swift Potion"}],"is_trial":false,"path_per_floor":["M","?","M","?","M","E","R","M","T","R","E","M","R","M","R","B",null,"M","?","?","?","M","R","M","M","T","R","E","M","$","?","R","B"],"character_chosen":"THE_SILENT","items_purchased":["Catalyst","Centennial Puzzle"],"campfire_rested":3,"item_purchase_floors":[30,30],"current_hp_per_floor":[70,70,70,67,67,56,56,52,52,52,38,38,38,37,58,24,70,70,64,51,38,35,35,4,5,5,28,27,26,26,26,49,0],"gold":229,"neow_bonus":"THREE_ENEMY_KILL","is_prod":false,"is_daily":false,"chose_seed":false,"campfire_upgraded":4,"win_rate":0,"timestamp":1555646833,"path_taken":["M","?","?","?","M","E","R","M","T","R","E","M","R","M","R","BOSS","M","?","?","?","M","R","M","M","T","R","E","M","$","?","R","BOSS"],"build_version":"2019-01-23","purchased_purges":0,"victory":false,"max_hp_per_floor":[70,70,70,70,70,70,70,70,70,70,70,70,70,70,70,70,70,70,70,75,75,75,75,75,77,77,77,77,79,79,79,79,79],"card_choices":[{"not_picked":["Distraction","Prepared"],"picked":"Dagger Throw","floor":1},{"not_picked":["Prepared","Escape Plan"],"picked":"Backstab","floor":3},{"not_picked":["Acrobatics","Dagger Throw"],"picked":"Backflip","floor":5},{"not_picked":["Escape Plan","All Out Attack"],"picked":"Envenom","floor":6},{"not_picked":["Dagger Throw","Acrobatics"],"picked":"Slice","floor":8},{"not_picked":["Skewer","Backflip"],"picked":"Quick Slash","floor":11},{"not_picked":["Underhanded Strike","Tactician"],"picked":"PiercingWail","floor":12},{"not_picked":["Slice","Dodge and Roll"],"picked":"Backstab","floor":14},{"not_picked":["Phantasmal Killer","Storm of Steel"],"picked":"Die Die Die","floor":16},{"not_picked":["Sucker Punch","Quick Slash"],"picked":"Poisoned Stab+1","floor":18},{"not_picked":["Flying Knee+1","Accuracy"],"picked":"Bouncing Flask","floor":22},{"not_picked":["Sucker Punch","Escape Plan"],"picked":"Noxious Fumes","floor":24},{"not_picked":["Flying Knee","Skewer","Backflip"],"picked":"Singing Bowl","floor":25},{"not_picked":["Caltrops","Storm of Steel"],"picked":"Deflect","floor":28},{"not_picked":["Riddle With Holes","PiercingWail","Deflect"],"picked":"Singing Bowl","floor":29}],"player_experience":107990,"relics_obtained":[{"floor":6,"key":"Singing Bowl"},{"floor":9,"key":"Omamori"},{"floor":11,"key":"War Paint"},{"floor":26,"key":"Darkstone Periapt"},{"floor":28,"key":"Art of War"}],"event_choices":[{"damage_healed":0,"gold_gain":0,"player_choice":"Upgraded","damage_taken":0,"max_hp_gain":0,"max_hp_loss":0,"event_name":"Upgrade Shrine","floor":2,"gold_loss":0,"cards_upgraded":["Neutralize"]},{"damage_healed":0,"gold_gain":0,"player_choice":"Success","damage_taken":3,"relics_obtained":["Smiling Mask"],"max_hp_gain":0,"max_hp_loss":0,"event_name":"Scrap Ooze","floor":4,"gold_loss":0},{"damage_healed":0,"gold_gain":0,"player_choice":"Joined the Cult","damage_taken":6,"max_hp_gain":0,"max_hp_loss":0,"event_name":"Nest","floor":19,"gold_loss":0,"cards_obtained":["RitualDagger"]},{"damage_healed":0,"gold_gain":0,"player_choice":"Shed Blood","damage_taken":18,"max_hp_gain":5,"max_hp_loss":0,"event_name":"Forgotten Altar","floor":20,"gold_loss":0},{"damage_healed":0,"gold_gain":0,"player_choice":"Fight","damage_taken":0,"max_hp_gain":0,"max_hp_loss":0,"event_name":"Colosseum","floor":21,"gold_loss":0},{"damage_healed":0,"gold_gain":0,"player_choice":"Fled From Nobs","damage_taken":0,"max_hp_gain":0,"max_hp_loss":0,"event_name":"Colosseum","floor":21,"gold_loss":0},{"damage_healed":0,"gold_gain":0,"player_choice":"Ignored","damage_taken":0,"max_hp_gain":0,"max_hp_loss":0,"event_name":"Cursed Tome","floor":31,"gold_loss":0}],"is_beta":false,"boss_relics":[{"not_picked":["Eternal Feather","HoveringKite"],"picked":"Astrolabe"}],"items_purged_floors":[],"is_endless":false,"potions_floor_spawned":[3,5,6,8,21,24,28],"killed_by":"Automaton","ascension_level":1}