{"gold_per_floor":[115,115,115,126,76,76,94,109,109,34,34,34,34,53,53,151,151,171,171,182,79,97,97,125,125,125,136,136,136,136],"floor_reached":30,"playtime":962,"items_purged":["Regret"],"score":323,"play_id":"71c1729b-b4a8-4073-9b89-fd75d64cea13","local_time":"20190106144530","is_ascension_mode":true,"campfire_choices":[{"data":"Bash","floor":6,"key":"SMITH"},{"data":"Shockwave","floor":11,"key":"SMITH"},{"data":"Evolve","floor":15,"key":"SMITH"},{"data":"Shrug It Off","floor":23,"key":"SMITH"},{"data":"Pommel Strike","floor":25,"key":"SMITH"},{"data":"Good Instincts","floor":29,"key":"SMITH"}],"neow_cost":"NONE","seed_source_timestamp":537898996149100,"circlet_count":0,"master_deck":["Defend_R","Defend_R","Defend_R","Defend_R","Bash+1","Headbutt","Evolve+1","Pommel Strike+1","Shockwave+1","Cleave+1","Impervious","Bite+1","Bite+1","Bite+1","Bite+1","Shrug It Off+1","Whirlwind+1","Thunderclap+1","Shockwave+1","Good Instincts+1"],"relics":["Burning Blood","Pear","Orichalcum","Pantograph","Molten Egg 2","Velvet Choker","Regal Pillow","Lantern"],"potions_floor_usage":[8,24],"damage_taken":[{"damage":0,"enemies":"Small Slimes","floor":1,"turns":3},{"damage":9,"enemies":"Jaw Worm","floor":4,"turns":2},{"damage":1,"enemies":"2 Louse","floor":7,"turns":3},{"damage":14,"enemies":"Exordium Thugs","floor":8,"turns":5},{"damage":24,"enemies":"Large Slime","floor":14,"turns":7},{"damage":32,"enemies":"Slime Boss","floor":16,"turns":9},{"damage":6,"enemies":"3 Byrds","floor":18,"turns":5},{"damage":17,"enemies":"2 Thieves","floor":20,"turns":4},{"damage":8,"enemies":"Snake Plant","floor":22,"turns":5},{"damage":32,"enemies":"Slavers","floor":24,"turns":3},{"damage":33,"enemies":"Shelled Parasite and Fungi","floor":27,"turns":6},{"damage":48,"enemies":"Gremlin Leader","floor":30,"turns":5}],"seed_played":"1809874547132986929","potions_obtained":[{"floor":1,"key":"AttackPotion"},{"floor":4,"key":"Fire Potion"},{"floor":7,"key":"GamblersBrew"},{"floor":20,"key":"FearPotion"},{"floor":24,"key":"Strength Potion"}],"is_trial":false,"path_per_floor":["M","?","?","M","?","R","M","M","T","$","R","?","?","M","R","B",null,"M","?","M","$","M","R","E","R","T","M","?","R","E"],"character_chosen":"IRONCLAD","items_purchased":["Shrug It Off","Whirlwind+1"],"campfire_rested":0,"item_purchase_floors":[21,21],"current_hp_per_floor":[80,78,78,75,75,75,80,72,72,72,72,65,65,47,47,46,79,79,63,55,55,63,63,43,43,43,34,34,34,0],"gold":136,"neow_bonus":"TRANSFORM_CARD","is_prod":false,"is_daily":false,"chose_seed":false,"campfire_upgraded":6,"win_rate":0,"timestamp":1546782330,"path_taken":["M","?","?","M","?","R","M","?","T","$","R","?","?","M","R","BOSS","M","?","M","$","M","R","E","R","T","M","?","R","E"],"build_version":"2019-01-03v4","purchased_purges":1,"victory":false,"max_hp_per_floor":[80,90,90,90,90,90,90,90,90,90,90,90,90,90,90,90,90,90,63,63,63,63,63,63,63,63,63,63,63,63],"card_choices":[{"not_picked":["Infernal Blade","Anger"],"picked":"Headbutt","floor":1},{"not_picked":["Dropkick","Pummel"],"picked":"Evolve","floor":4},{"not_picked":["Sentinel","Body Slam"],"picked":"Pommel Strike","floor":7},{"not_picked":["Infernal Blade","Shrug It Off"],"picked":"Shockwave","floor":8},{"not_picked":["Perfected Strike+1","Clash+1"],"picked":"Cleave+1","floor":14},{"not_picked":["Dark Embrace","Bludgeon+1"],"picked":"Impervious","floor":16},{"not_picked":["Feel No Pain","Sever Soul+1","Rupture"],"picked":"SKIP","floor":18},{"not_picked":["Flex+1","Havoc+1","Heavy Blade+1"],"picked":"SKIP","floor":20},{"not_picked":["Clothesline+1","Armaments","Havoc+1"],"picked":"SKIP","floor":22},{"not_picked":["Rampage+1","Seeing Red"],"picked":"Thunderclap+1","floor":24},{"not_picked":["Hemokinesis+1","Power Through"],"picked":"Shockwave+1","floor":27}],"player_experience":343438,"relics_obtained":[{"floor":9,"key":"Pantograph"},{"floor":24,"key":"Regal Pillow"},{"floor":26,"key":"Lantern"}],"event_choices":[{"damage_healed":0,"gold_gain":0,"player_choice":"Success","damage_taken":12,"relics_obtained":["Pear"],"max_hp_gain":0,"max_hp_loss":0,"event_name":"Scrap Ooze","floor":2,"gold_loss":0},{"damage_healed":0,"gold_gain":0,"player_choice":"Box","damage_taken":0,"relics_obtained":["Orichalcum"],"max_hp_gain":0,"max_hp_loss":0,"event_name":"Big Fish","floor":3,"gold_loss":0,"cards_obtained":["Regret"]},{"cards_removed":["Brutality"],"damage_healed":0,"gold_gain":0,"player_choice":"Card Removal","damage_taken":0,"max_hp_gain":0,"max_hp_loss":0,"event_name":"The Cleric","floor":5,"gold_loss":50},{"cards_removed":["Strike_R"],"damage_healed":0,"gold_gain":0,"player_choice":"Card Removal","damage_taken":7,"max_hp_gain":0,"max_hp_loss":0,"event_name":"Golden Wing","floor":12,"gold_loss":0},{"damage_healed":0,"gold_gain":0,"player_choice":"Gave Potion","damage_taken":0,"relics_obtained":["Molten Egg 2"],"max_hp_gain":0,"max_hp_loss":0,"event_name":"WeMeetAgain","floor":13,"gold_loss":0},{"damage_healed":0,"gold_gain":0,"player_choice":"Became a vampire","damage_taken":0,"max_hp_gain":0,"max_hp_loss":27,"event_name":"Vampires","floor":19,"gold_loss":0,"cards_obtained":["Bite","Bite","Bite","Bite","Bite"]},{"damage_healed":0,"gold_gain":0,"cards_transformed":["Bite"],"player_choice":"Transformed","damage_taken":0,"max_hp_gain":0,"max_hp_loss":0,"event_name":"Transmorgrifier","floor":28,"gold_loss":0,"cards_obtained":["Good Instincts"]}],"is_beta":false,"boss_relics":[{"not_picked":["Runic Dome","Tiny House"],"picked":"Velvet Choker"}],"items_purged_floors":[10],"is_endless":false,"potions_floor_spawned":[1,4,7,20,24],"killed_by":"Gremlin Leader","ascension_level":5}