{"gold_per_floor":[110,110,110,130,153,193,193,211,211,211,231,270,270,270],"floor_reached":14,"playtime":656,"items_purged":[],"score":110,"play_id":"b85f4633-32d9-4790-86bd-ae383b740647","local_time":"20190507220027","is_ascension_mode":true,"campfire_choices":[{"data":"Neutralize","floor":7,"key":"SMITH"},{"floor":10,"key":"REST"},{"floor":13,"key":"REST"}],"neow_cost":"NONE","seed_source_timestamp":165637364885800,"circlet_count":0,"master_deck":["Defend_G","Defend_G","Defend_G","Defend_G","Defend_G","Strike_G","Strike_G","Strike_G","Strike_G","Strike_G","Survivor","Neutralize+1","Cloak And Dagger","PiercingWail","Acrobatics","Quick Slash","Blade Dance","Backflip","Backstab"],"relics":["Ring of the Snake","NeowsBlessing","Golden Idol","Dream Catcher","Blue Candle"],"potions_floor_usage":[12],"damage_taken":[{"damage":0,"enemies":"Jaw Worm","floor":1,"turns":1},{"damage":0,"enemies":"2 Louse","floor":4,"turns":1},{"damage":0,"enemies":"Cultist","floor":5,"turns":1},{"damage":44,"enemies":"3 Sentries","floor":6,"turns":15},{"damage":14,"enemies":"Exordium Thugs","floor":8,"turns":6},{"damage":6,"enemies":"Blue Slaver","floor":11,"turns":5},{"damage":18,"enemies":"Lagavulin","floor":12,"turns":11},{"damage":33,"enemies":"3 Sentries","floor":14,"turns":11}],"seed_played":"-3572608566234252374","potions_obtained":[{"floor":1,"key":"SpeedPotion"},{"floor":6,"key":"SpeedPotion"},{"floor":8,"key":"Energy Potion"}],"is_trial":false,"path_per_floor":["M","?","?","M","M","E","R","M","T","R","M","E","R","E"],"character_chosen":"THE_SILENT","items_purchased":[],"campfire_rested":2,"item_purchase_floors":[],"current_hp_per_floor":[70,70,70,70,70,26,26,12,12,33,27,9,30,0],"gold":270,"neow_bonus":"THREE_ENEMY_KILL","is_prod":false,"is_daily":false,"chose_seed":false,"campfire_upgraded":1,"win_rate":0,"timestamp":1557280827,"path_taken":["M","?","?","M","M","E","R","?","T","R","M","E","R","E"],"build_version":"2019-01-23","purchased_purges":0,"victory":false,"max_hp_per_floor":[70,70,70,70,70,70,70,70,70,70,70,70,70,70],"card_choices":[{"not_picked":["Caltrops","Blade Dance"],"picked":"Cloak And Dagger","floor":1},{"not_picked":["Underhanded Strike","Dodge and Roll"],"picked":"PiercingWail","floor":4},{"not_picked":["Dash","Deflect"],"picked":"Acrobatics","floor":5},{"not_picked":["Prepared","Accuracy"],"picked":"Quick Slash","floor":6},{"not_picked":["Sucker Punch","Dagger Spray"],"picked":"Blade Dance","floor":8},{"not_picked":["Leg Sweep","Slice"],"picked":"Backflip","floor":10},{"not_picked":["Leg Sweep","Slice","Deadly Poison"],"picked":"SKIP","floor":11},{"not_picked":["Concentrate","Doppelganger","Leg Sweep"],"picked":"SKIP","floor":12},{"not_picked":["Well Laid Plans","Acrobatics"],"picked":"Backstab","floor":13}],"player_experience":150598,"relics_obtained":[{"floor":6,"key":"Dream Catcher"},{"floor":12,"key":"Blue Candle"}],"event_choices":[{"damage_healed":0,"gold_gain":0,"player_choice":"Take Wound","damage_taken":0,"relics_obtained":["Golden Idol"],"max_hp_gain":0,"max_hp_loss":0,"event_name":"Golden Idol","floor":2,"gold_loss":0,"cards_obtained":["Injury"]},{"cards_removed":["Injury"],"damage_healed":0,"gold_gain":0,"player_choice":"Purged","damage_taken":0,"max_hp_gain":0,"max_hp_loss":0,"event_name":"Purifier","floor":3,"gold_loss":0}],"is_beta":false,"boss_relics":[],"items_purged_floors":[],"is_endless":false,"potions_floor_spawned":[1,6,8],"killed_by":"3 Sentries","ascension_level":2}