{"gold_per_floor":[117,47,60,20,37,37,68,78,147,147,164,164,194,212,212,212],"floor_reached":16,"playtime":718,"items_purged":[],"score":249,"play_id":"a192470e-e943-486e-a1ae-075f31e56360","local_time":"20181126090818","is_ascension_mode":true,"campfire_choices":[{"data":"Poisoned Stab","floor":6,"key":"SMITH"},{"floor":10,"key":"REST"},{"data":"Crippling Poison","floor":15,"key":"SMITH"}],"neow_cost":"NONE","seed_source_timestamp":39662412709687,"circlet_count":0,"master_deck":["AscendersBane","Defend_G","Defend_G","Defend_G","Defend_G","Defend_G","Strike_G","Strike_G","Strike_G","Strike_G","Survivor","Neutralize","Poisoned Stab+1","Infinite Blades","Bouncing Flask","Crippling Poison+1","Caltrops","PiercingWail"],"relics":["Ring of the Snake","Peace Pipe","Strawberry","Pear","Centennial Puzzle"],"potions_floor_usage":[7,13,16],"damage_taken":[{"damage":0,"enemies":"Cultist","floor":1,"turns":4},{"damage":0,"enemies":"Jaw Worm","floor":3,"turns":5},{"damage":5,"enemies":"2 Louse","floor":5,"turns":3},{"damage":29,"enemies":"Gremlin Nob","floor":7,"turns":4},{"damage":35,"enemies":"Exordium Wildlife","floor":8,"turns":7},{"damage":0,"enemies":"Looter","floor":11,"turns":4},{"damage":20,"enemies":"Lagavulin","floor":13,"turns":7},{"damage":8,"enemies":"2 Fungi Beasts","floor":14,"turns":4},{"damage":15,"enemies":"Hexaghost","floor":16,"turns":7}],"seed_played":"-5846559056047037841","potions_obtained":[{"floor":1,"key":"Explosive Potion"},{"floor":3,"key":"Explosive Potion"},{"floor":5,"key":"Weak Potion"},{"floor":14,"key":"EssenceOfSteel"}],"is_trial":false,"path_per_floor":["M","?","M","$","M","R","E","M","T","R","M","?","E","M","R","B"],"character_chosen":"THE_SILENT","items_purchased":["Bouncing Flask"],"campfire_rested":1,"item_purchase_floors":[4],"current_hp_per_floor":[65,65,65,65,60,60,38,3,13,39,39,39,19,11,11,0],"gold":212,"neow_bonus":"TEN_PERCENT_HP_BONUS","is_prod":false,"is_daily":false,"chose_seed":false,"campfire_upgraded":2,"win_rate":0,"timestamp":1543241298,"path_taken":["M","?","M","?","M","R","E","M","T","R","?","?","E","?","R","BOSS"],"build_version":"2018-11-15","purchased_purges":0,"victory":false,"max_hp_per_floor":[72,72,72,72,72,72,79,79,89,89,89,89,89,89,89,89],"card_choices":[{"not_picked":["Tactician","Dagger Spray"],"picked":"Poisoned Stab","floor":1},{"not_picked":["Masterful Stab","Cloak And Dagger"],"picked":"Infinite Blades","floor":3},{"not_picked":["Masterful Stab","Acrobatics","Sucker Punch"],"picked":"SKIP","floor":5},{"not_picked":["Crippling Poison","Finisher","Skewer"],"picked":"SKIP","floor":7},{"not_picked":["Crippling Poison","Finisher","Skewer"],"picked":"SKIP","floor":7},{"not_picked":["Flying Knee","Distraction"],"picked":"Crippling Poison","floor":8},{"not_picked":["Dagger Throw","Dagger Spray"],"picked":"Caltrops","floor":11},{"not_picked":["Escape Plan","All Out Attack","Distraction"],"picked":"SKIP","floor":13},{"not_picked":["Escape Plan","All Out Attack","Distraction"],"picked":"SKIP","floor":13},{"not_picked":["Flying Knee","Prepared"],"picked":"PiercingWail","floor":14}],"player_experience":1027530,"relics_obtained":[{"floor":7,"key":"Strawberry"},{"floor":9,"key":"Pear"},{"floor":13,"key":"Centennial Puzzle"}],"event_choices":[{"damage_healed":0,"gold_gain":0,"player_choice":"Paid Gold","damage_taken":0,"relics_obtained":["Peace Pipe"],"max_hp_gain":0,"max_hp_loss":0,"event_name":"WeMeetAgain","floor":2,"gold_loss":70},{"cards_removed":["Strike_G"],"damage_healed":0,"gold_gain":0,"player_choice":"Card Removal","damage_taken":0,"max_hp_gain":0,"max_hp_loss":0,"event_name":"Wheel of Change","floor":12,"gold_loss":0}],"is_beta":true,"boss_relics":[],"items_purged_floors":[],"is_endless":false,"potions_floor_spawned":[1,3,5,14],"killed_by":"Hexaghost","ascension_level":20}