{"gold_per_floor":[110,110,120,120,195,222,222,235,235,253,264,276,276,293,293,365,365,376,395,395,405,421,421,421],"floor_reached":24,"playtime":648,"items_purged":[],"score":343,"play_id":"c46dc581-5d11-423d-a55b-4d31e5f70aba","local_time":"20190401120315","is_ascension_mode":true,"campfire_choices":[{"floor":7.0,"key":"REST"},{"data":"Rupture","floor":13,"key":"SMITH"},{"data":"Disarm","floor":15,"key":"SMITH"},{"floor":23,"key":"REST"}],"neow_cost":"NONE","seed_source_timestamp":0,"circlet_count":0,"master_deck":["AscendersBane","Strike_R","Strike_R","Strike_R","Strike_R","Defend_R+1","Defend_R","Defend_R","Defend_R","Bash","Intimidate","Hemokinesis+1","Cleave","Flame Barrier","Sword Boomerang","Rupture+1","Ghostly Armor","Disarm+1","Brutality","Sword Boomerang","Spot Weakness+1"],"special_seed":0,"relics":["Black Blood","Red Skull","Mercury Hourglass","Nilry\u0027s Codex"],"potions_floor_usage":[21,24],"damage_taken":[{"damage":4.0,"enemies":"2 Louse","floor":1.0,"turns":3.0},{"damage":6.0,"enemies":"Cultist","floor":3.0,"turns":3.0},{"damage":40.0,"enemies":"3 Sentries","floor":6.0,"turns":8.0},{"damage":2,"enemies":"Small Slimes","floor":8,"turns":2},{"damage":2,"enemies":"3 Louse","floor":10,"turns":3},{"damage":2,"enemies":"2 Fungi Beasts","floor":11,"turns":2},{"damage":7,"enemies":"Blue Slaver","floor":12,"turns":3},{"damage":10,"enemies":"Large Slime","floor":14,"turns":4},{"damage":30,"enemies":"Slime Boss","floor":16,"turns":6},{"damage":14,"enemies":"Shell Parasite","floor":18,"turns":5},{"damage":38,"enemies":"2 Thieves","floor":19,"turns":3},{"damage":8,"enemies":"3 Cultists","floor":21,"turns":3},{"damage":12,"enemies":"Cultist and Chosen","floor":22,"turns":3},{"damage":34,"enemies":"Slavers","floor":24,"turns":1}],"seed_played":"-8075018478590984591","potions_obtained":[{"floor":3.0,"key":"PowerPotion"},{"floor":6.0,"key":"LiquidBronze"},{"floor":11,"key":"Energy Potion"},{"floor":14,"key":"Dexterity Potion"},{"floor":18,"key":"AttackPotion"}],"is_trial":false,"path_per_floor":["M","?","M","?","?","E","R","M","T","M","M","M","R","M","R","B",null,"M","M","?","M","M","R","E"],"character_chosen":"IRONCLAD","items_purchased":[],"campfire_rested":2,"item_purchase_floors":[],"current_hp_per_floor":[70,70,70,55,44,10,32,36,36,40,44,43,43,39,39,15,60,56,28,12,14,12,34,0],"gold":421,"neow_bonus":"RANDOM_COMMON_RELIC","is_prod":false,"is_daily":false,"chose_seed":false,"campfire_upgraded":2,"win_rate":0,"timestamp":1554130995,"path_taken":["M","?","?","?","?","E","R","M","T","M","M","M","R","M","R","BOSS","M","M","?","M","M","R","E"],"build_version":"2019-01-23","purchased_purges":0,"victory":false,"max_hp_per_floor":[75,75,75,75,75,75,75,75,75,75,75,75,75,75,75,75,75,75,75,75,75,75,75,75],"card_choices":[{"not_picked":["True Grit","Infernal Blade"],"picked":"Intimidate","floor":1.0},{"not_picked":["Flex","Thunderclap"],"picked":"Hemokinesis","floor":3.0},{"not_picked":["Burning Pact","Rampage"],"picked":"Cleave","floor":6.0},{"not_picked":["Twin Strike","Fire Breathing"],"picked":"Flame Barrier","floor":8},{"not_picked":["True Grit","Pommel Strike"],"picked":"Sword Boomerang","floor":10},{"not_picked":["Reckless Charge","Wild Strike"],"picked":"Rupture","floor":11},{"not_picked":["Fiend Fire","Sword Boomerang"],"picked":"Ghostly Armor","floor":12},{"not_picked":["Headbutt","True Grit"],"picked":"Disarm","floor":14},{"not_picked":["Offering","Demon Form"],"picked":"Brutality","floor":16},{"not_picked":["Clash","Pommel Strike","True Grit"],"picked":"SKIP","floor":18},{"not_picked":["Havoc","Sever Soul"],"picked":"Sword Boomerang","floor":19},{"not_picked":["Iron Wave","Inflame"],"picked":"Spot Weakness+1","floor":21},{"not_picked":["Headbutt","Cleave","Flex"],"picked":"SKIP","floor":22}],"player_experience":1025188,"relics_obtained":[{"floor":6.0,"key":"Mercury Hourglass"},{"floor":20,"key":"Nilry\u0027s Codex"}],"event_choices":[{"cards_removed":["Strike_R"],"damage_healed":0.0,"max_hp_gain":0.0,"max_hp_loss":0.0,"gold_gain":0.0,"event_name":"Purifier","player_choice":"Purged","floor":2.0,"gold_loss":0.0,"damage_taken":0.0},{"damage_healed":0.0,"max_hp_gain":0.0,"max_hp_loss":0.0,"gold_gain":0.0,"event_name":"Shining Light","player_choice":"Entered Light","floor":4.0,"gold_loss":0.0,"damage_taken":15.0,"cards_upgraded":["Defend_R","Hemokinesis"]},{"damage_healed":0.0,"max_hp_gain":0.0,"max_hp_loss":0.0,"gold_gain":75.0,"event_name":"World of Goop","player_choice":"Gather Gold","floor":5.0,"gold_loss":0.0,"damage_taken":11.0},{"damage_healed":0,"gold_gain":0,"player_choice":"Obtained Book","damage_taken":16,"max_hp_gain":0,"max_hp_loss":0,"event_name":"Cursed Tome","floor":20,"gold_loss":0}],"is_beta":false,"boss_relics":[{"not_picked":["Orrery","Black Star"],"picked":"Black Blood"}],"items_purged_floors":[],"is_endless":false,"potions_floor_spawned":[3,6,11,14,18],"killed_by":"Slavers","ascension_level":14}