{"gold_per_floor":[110,126,126,51,62,96,96,124,203,53,53,53,73,91,91,192,192,210,223,223,98,117,147,147],"floor_reached":24,"playtime":5847,"items_purged":["Defend_G","Defend_G","Defend_G"],"score":241,"play_id":"b0fba5af-b764-4838-ba5f-10729ccda018","local_time":"20180708222921","is_ascension_mode":false,"campfire_choices":[{"data":"Outmaneuver","floor":7.0,"key":"SMITH"},{"floor":12.0,"key":"REST"},{"data":"Finisher","floor":15.0,"key":"SMITH"}],"neow_cost":"","seed_source_timestamp":0,"circlet_count":0,"master_deck":["Defend_G+1","Defend_G+1","Strike_G","Strike_G","Strike_G","Strike_G","Strike_G","Survivor","Neutralize","Leg Sweep","Outmaneuver+1","Flying Knee","Underhanded Strike","Dagger Throw","Dagger Throw","Finisher+1","Burst","Dodge and Roll","Flying Knee","Underhanded Strike","Finisher","Sucker Punch","Outmaneuver","Finisher","Heel Hook","Unload"],"special_seed":17721,"relics":["Ring of the Snake","Anchor","Pear","Nloth\u0027s Gift","Incense Burner"],"potions_floor_usage":[23,23],"damage_taken":[{"damage":2.0,"enemies":"Small Slimes","floor":1.0,"turns":3.0},{"damage":0.0,"enemies":"Jaw Worm","floor":2.0,"turns":11.0},{"damage":2.0,"enemies":"2 Louse","floor":5.0,"turns":4.0},{"damage":25.0,"enemies":"3 Sentries","floor":6.0,"turns":16.0},{"damage":13.0,"floor":8.0,"turns":7.0},{"damage":0.0,"enemies":"Large Slime","floor":13.0,"turns":6.0},{"damage":10.0,"enemies":"Exordium Thugs","floor":14.0,"turns":6.0},{"damage":43.0,"enemies":"Slime Boss","floor":16.0,"turns":16.0},{"damage":3.0,"enemies":"Shell Parasite","floor":18.0,"turns":5.0},{"damage":7.0,"enemies":"2 Thieves","floor":19.0,"turns":4.0},{"damage":33.0,"enemies":"Chosen and Byrds","floor":22.0,"turns":7.0},{"damage":34,"enemies":"Book of Stabbing","floor":23,"turns":7},{"damage":14,"enemies":"Snake Plant","floor":24,"turns":3}],"seed_played":"2365577451791200373","potions_obtained":[{"floor":1.0,"key":"Block Potion"},{"floor":2.0,"key":"FairyPotion"},{"floor":5.0,"key":"Energy Potion"},{"floor":18.0,"key":"Block Potion"},{"floor":19.0,"key":"GhostInAJar"}],"is_trial":false,"path_per_floor":["M","M","?","$","M","E","R","?","T","$","?","R","M","M","R","B",null,"M","M","?","$","M","E"],"character_chosen":"THE_SILENT","items_purchased":["Dagger Throw"],"campfire_rested":1,"item_purchase_floors":[10],"current_hp_per_floor":[68,68,73,73,71,46,46,33,43,43,26,51,51,41,41,8,85,82,75,75,75,42,8,0],"gold":147,"neow_bonus":"","is_prod":false,"is_daily":false,"chose_seed":false,"campfire_upgraded":2,"win_rate":0.0,"timestamp":1531106961,"path_taken":["M","M","?","$","M","E","R","?","T","$","?","R","M","M","R","BOSS","M","M","?","$","M","E","M"],"build_version":"2018-07-05","purchased_purges":3,"victory":false,"max_hp_per_floor":[70,70,75,75,75,75,75,75,85,85,85,85,85,85,85,85,85,85,85,85,85,85,85,85],"card_choices":[{"not_picked":["Backflip","Dodge and Roll"],"picked":"Leg Sweep","floor":1.0},{"not_picked":["Footwork","Underhanded Strike"],"picked":"Outmaneuver","floor":2.0},{"not_picked":["Prepared","Endless Agony"],"picked":"Flying Knee","floor":5.0},{"not_picked":["Deadly Poison","Venomology"],"picked":"Underhanded Strike","floor":6.0},{"not_picked":["PiercingWail","Phantasmal Killer"],"picked":"Dagger Throw","floor":13.0},{"not_picked":["Poisoned Stab","Dagger Throw"],"picked":"Finisher","floor":14.0},{"not_picked":["Die Die Die","A Thousand Cuts"],"picked":"Burst","floor":16.0},{"not_picked":["PiercingWail","All Out Attack"],"picked":"Dodge and Roll","floor":17.0},{"not_picked":["Crippling Poison","Venomology"],"picked":"Flying Knee","floor":17.0},{"not_picked":["Terror","Dagger Throw"],"picked":"Underhanded Strike","floor":17.0},{"not_picked":["PiercingWail","Expertise"],"picked":"Finisher","floor":17.0},{"not_picked":["Bouncing Flask","Dodge and Roll"],"picked":"Sucker Punch","floor":17.0},{"not_picked":["Reflex","Malaise"],"picked":"Outmaneuver","floor":18.0},{"not_picked":["Caltrops","Envenom"],"picked":"Finisher","floor":19.0},{"not_picked":["Deflect","Dagger Throw"],"picked":"Heel Hook","floor":22},{"not_picked":["Blade Dance","PiercingWail"],"picked":"Unload","floor":23}],"player_experience":8564,"relics_obtained":[{"floor":6.0,"key":"Anchor"},{"floor":9.0,"key":"Pear"},{"floor":23,"key":"Incense Burner"}],"event_choices":[{"event_name":"Big Fish","player_choice":"Donut","floor":3.0,"damage_taken":0.0},{"event_name":"Mushrooms","player_choice":"Fought Mushrooms","floor":8.0,"damage_taken":0.0},{"event_name":"Shining Light","player_choice":"Entered Light","floor":11.0,"damage_taken":0.0},{"event_name":"N\u0027loth","player_choice":"Traded a Orrery","floor":20.0,"damage_taken":0.0}],"boss_relics":[{"not_picked":["Sozu","Coffee Dripper"],"picked":"Orrery"}],"items_purged_floors":[4,10,21],"is_endless":false,"potions_floor_spawned":[1,2,5,18,19],"killed_by":"Snake Plant","ascension_level":0}