{"gold_per_floor":[115,48,48,62,72,72,107,282,353,371,371,371,389,389,389,489,489,429,429,429,429,429,429,429,429,429,429],"floor_reached":27,"playtime":793,"items_purged":[],"score":283,"play_id":"092fbc5b-34a0-41ab-b7db-8a45cf783bc6","local_time":"20181229211400","is_ascension_mode":true,"campfire_choices":[{"data":"Deadly Poison","floor":6,"key":"SMITH"},{"floor":11,"key":"REST"},{"data":"Crippling Poison","floor":15,"key":"SMITH"},{"floor":23,"key":"REST"}],"neow_cost":"NONE","seed_source_timestamp":693830751412410,"circlet_count":0,"master_deck":["Defend_G","Defend_G","Defend_G","Defend_G","Defend_G","Strike_G","Strike_G","Strike_G+1","Strike_G","Strike_G","Survivor","Neutralize","Deadly Poison+1","Noxious Fumes+1","Dagger Spray","Quick Slash","Bouncing Flask","Doubt","Crippling Poison+1","Bouncing Flask","Corpse Explosion","Backstab+1","Deadly Poison","Backstab","Deadly Poison","Wraith Form v2","Dodge and Roll"],"relics":["Ring of the Snake","Potion Belt","Blue Candle","Pantograph","Ectoplasm","Enchiridion","Red Mask","Art of War"],"potions_floor_usage":[7,13,19,22,25,27,27],"damage_taken":[{"damage":0,"enemies":"Cultist","floor":1,"turns":4},{"damage":0,"enemies":"Jaw Worm","floor":4,"turns":4},{"damage":3,"enemies":"2 Louse","floor":5,"turns":3},{"damage":17,"enemies":"3 Sentries","floor":7,"turns":6},{"damage":9,"enemies":"Looter","floor":10,"turns":3},{"damage":12,"enemies":"Gremlin Gang","floor":13,"turns":3},{"damage":12,"enemies":"The Guardian","floor":16,"turns":7},{"damage":33,"enemies":"2 Thieves","floor":18,"turns":3},{"damage":1,"enemies":"Shell Parasite","floor":19,"turns":4},{"damage":21,"enemies":"Snecko","floor":20,"turns":4},{"damage":4,"enemies":"Sentry and Sphere","floor":22,"turns":4},{"damage":9,"enemies":"Cultist and Chosen","floor":24,"turns":4},{"damage":13,"enemies":"Masked Bandits","floor":25,"turns":4},{"damage":13,"enemies":"Book of Stabbing","floor":27,"turns":5}],"seed_played":"6891021285342180715","potions_obtained":[{"floor":4,"key":"PowerPotion"},{"floor":5,"key":"SkillPotion"},{"floor":7,"key":"Fruit Juice"},{"floor":16,"key":"Fire Potion"},{"floor":19,"key":"GhostInAJar"},{"floor":22,"key":"GamblersBrew"},{"floor":25,"key":"SkillPotion"}],"is_trial":false,"path_per_floor":["M","$","?","M","M","R","E","?","T","M","R","T","M","?","R","B",null,"M","M","M","?","M","R","M","?","T","E"],"character_chosen":"THE_SILENT","items_purchased":["Noxious Fumes"],"campfire_rested":2,"item_purchase_floors":[2],"current_hp_per_floor":[70,70,56,56,53,53,41,41,41,32,54,54,42,85,85,73,85,52,51,30,14,10,35,26,13,13,0],"gold":429,"neow_bonus":"ONE_RANDOM_RARE_CARD","is_prod":false,"is_daily":false,"chose_seed":false,"campfire_upgraded":2,"win_rate":0,"timestamp":1546128840,"path_taken":["M","?","?","M","M","R","E","?","T","M","R","?","?","?","R","BOSS","M","M","M","?","M","R","M","?","T","E"],"build_version":"2018-12-20","purchased_purges":0,"victory":false,"max_hp_per_floor":[70,70,70,70,70,70,75,75,75,75,75,75,75,85,85,85,85,85,85,85,85,85,85,85,85,85,85],"card_choices":[{"not_picked":["Prepared","Slice"],"picked":"Deadly Poison","floor":1},{"not_picked":["Quick Slash","Underhanded Strike"],"picked":"Dagger Spray","floor":4},{"not_picked":["Concentrate","Dodge and Roll"],"picked":"Quick Slash","floor":5},{"not_picked":["Expertise","Dagger Spray"],"picked":"Bouncing Flask","floor":7},{"not_picked":["Deadly Poison","Footwork"],"picked":"Crippling Poison","floor":10},{"not_picked":["All Out Attack","Predator"],"picked":"Bouncing Flask","floor":13},{"not_picked":["Bullet Time","Malaise"],"picked":"Corpse Explosion","floor":16},{"not_picked":["Eviscerate","Prepared"],"picked":"Backstab+1","floor":18},{"not_picked":["Backflip","Concentrate+1"],"picked":"Deadly Poison","floor":19},{"not_picked":["Flying Knee","Eviscerate"],"picked":"Backstab","floor":20},{"not_picked":["Bane","Dagger Throw"],"picked":"Deadly Poison","floor":22},{"not_picked":["Tactician","Deflect"],"picked":"Wraith Form v2","floor":24},{"not_picked":["Terror","Sucker Punch"],"picked":"Dodge and Roll","floor":25}],"player_experience":566275,"relics_obtained":[{"floor":7,"key":"Potion Belt"},{"floor":9,"key":"Blue Candle"},{"floor":12,"key":"Pantograph"},{"floor":21,"key":"Enchiridion"},{"floor":25,"key":"Red Mask"},{"floor":26,"key":"Art of War"}],"event_choices":[{"damage_healed":0,"gold_gain":0,"player_choice":"Entered Light","damage_taken":14,"max_hp_gain":0,"max_hp_loss":0,"event_name":"Shining Light","floor":3,"gold_loss":0,"cards_upgraded":["Strike_G","Noxious Fumes"]},{"damage_healed":0,"gold_gain":175,"player_choice":"AGREE","damage_taken":0,"max_hp_gain":0,"max_hp_loss":0,"event_name":"Liars Game","floor":8,"gold_loss":0,"cards_obtained":["Doubt"]},{"cards_removed":["Doppelganger"],"damage_healed":33,"gold_gain":0,"player_choice":"Offered Rare","damage_taken":0,"max_hp_gain":10,"max_hp_loss":0,"event_name":"Bonfire Elementals","floor":14,"gold_loss":0},{"damage_healed":0,"gold_gain":0,"player_choice":"Obtained Book","damage_taken":16,"max_hp_gain":0,"max_hp_loss":0,"event_name":"Cursed Tome","floor":21,"gold_loss":0},{"damage_healed":0,"gold_gain":0,"player_choice":"Fought Bandits","damage_taken":0,"max_hp_gain":0,"max_hp_loss":0,"event_name":"Masked Bandits","floor":25,"gold_loss":0}],"is_beta":false,"boss_relics":[{"not_picked":["Pandora\u0027s Box","Tiny House"],"picked":"Ectoplasm"}],"items_purged_floors":[],"is_endless":false,"potions_floor_spawned":[4,5,7,16,19,22,25],"killed_by":"Book of Stabbing","ascension_level":4}