{"gold_per_floor":[109,122,134,58,70,103,103,129,129,129,188,215,228,246,246,349,349,360,360,48,65,80,113,126,143,213,230,240,274,199,233,233,338,338,351,361,143,154,174,174,202,202,202,202,230,230,555,575,575,575,575,575,14,49,49],"floor_reached":56,"playtime":5747,"items_purged":["Defend_G","Defend_G"],"score":1528,"play_id":"3d620fa5-22cc-4d29-91e9-3df82d3fefa4","local_time":"20190224191857","is_ascension_mode":true,"campfire_choices":[{"data":"Noxious Fumes","floor":7,"key":"SMITH"},{"data":"Neutralize","floor":10,"key":"SMITH"},{"data":"Malaise","floor":15,"key":"SMITH"},{"data":"Well Laid Plans","floor":32,"key":"SMITH"},{"floor":40,"key":"RECALL"},{"data":"Wraith Form v2","floor":42,"key":"SMITH"},{"data":"Bullet Time","floor":46,"key":"SMITH"},{"data":"Night Terror","floor":49,"key":"SMITH"},{"data":"Noxious Fumes","floor":52,"key":"SMITH"}],"neow_cost":"NONE","seed_source_timestamp":6071199736878593,"circlet_count":0,"master_deck":["Defend_G","Defend_G+1","Defend_G","Survivor","Neutralize+1","Deadly Poison+1","Flying Knee+1","All Out Attack","Noxious Fumes+1","Well Laid Plans+1","Escape Plan","Sucker Punch","Cloak And Dagger","Malaise+1","Dash","Backflip","PiercingWail","Heel Hook","Wraith Form v2+1","Infinite Blades+1","Caltrops+1","Sucker Punch+1","Dash+1","Heel Hook+1","Deflect","PiercingWail","Acrobatics","Crippling Poison","Bouncing Flask","Night Terror+1","Outmaneuver+1","Deflect","Corpse Explosion","Noxious Fumes+1","Deflect+1","Bullet Time+1","Outmaneuver+1","Good Instincts","Deadly Poison+1","Cloak And Dagger+1","Panacea","Bandage Up","Sadistic Nature","Footwork+1","Sucker Punch+1","Blur+1","Backflip+1","Venomology","Tools of the Trade","Prepared+1"],"relics":["Ring of the Snake","Orichalcum","Paper Crane","PreservedInsect","War Paint","Bottled Flame","Prayer Wheel","Astrolabe","TwistedFunnel","Dream Catcher","Gremlin Horn","Pantograph","Smiling Mask","Eternal Feather","Whetstone","Tingsha","Old Coin","Pear","Bottled Tornado"],"potions_floor_usage":[6,23,23,28,33,33,55,55,55,55],"damage_taken":[{"damage":0,"enemies":"Jaw Worm","floor":1,"turns":4},{"damage":0,"enemies":"2 Louse","floor":2,"turns":4},{"damage":0,"enemies":"Cultist","floor":3,"turns":3},{"damage":5,"enemies":"Exordium Wildlife","floor":5,"turns":4},{"damage":17,"enemies":"Gremlin Nob","floor":6,"turns":5},{"damage":24,"enemies":"3 Sentries","floor":8,"turns":8},{"damage":0,"enemies":"Lagavulin Event","floor":11,"turns":5},{"damage":4,"enemies":"Lagavulin","floor":12,"turns":7},{"damage":0,"enemies":"Looter","floor":13,"turns":4},{"damage":0,"enemies":"Blue Slaver","floor":14,"turns":3},{"damage":0,"enemies":"Hexaghost","floor":16,"turns":8},{"damage":0,"enemies":"3 Byrds","floor":18,"turns":6},{"damage":2,"enemies":"2 Thieves","floor":21,"turns":5},{"damage":0,"enemies":"Snake Plant","floor":22,"turns":4},{"damage":1,"enemies":"Slavers","floor":23,"turns":4},{"damage":0,"enemies":"Centurion and Healer","floor":24,"turns":7},{"damage":0,"enemies":"Snecko","floor":25,"turns":5},{"damage":0,"enemies":"Shelled Parasite and Fungi","floor":27,"turns":6},{"damage":0,"enemies":"Sentry and Sphere","floor":28,"turns":6},{"damage":0,"enemies":"Gremlin Leader","floor":29,"turns":5},{"damage":11,"enemies":"Slavers","floor":31,"turns":4},{"damage":0,"enemies":"Champ","floor":33,"turns":14},{"damage":2,"enemies":"3 Shapes","floor":35,"turns":4},{"damage":0,"enemies":"3 Darklings","floor":36,"turns":5},{"damage":14,"enemies":"Transient","floor":38,"turns":5},{"damage":2,"enemies":"Sphere and 2 Shapes","floor":39,"turns":5},{"damage":21,"enemies":"Reptomancer","floor":41,"turns":5},{"damage":8,"enemies":"Giant Head","floor":45,"turns":8},{"damage":31,"enemies":"Nemesis","floor":47,"turns":7},{"damage":11,"enemies":"Spire Growth","floor":48,"turns":6},{"damage":53,"enemies":"Donu and Deca","floor":50,"turns":10},{"damage":10,"enemies":"Shield and Spear","floor":54,"turns":7},{"damage":33,"enemies":"The Heart","floor":55,"turns":11}],"seed_played":"7937427307148086291","potions_obtained":[{"floor":5,"key":"Ancient Potion"},{"floor":6,"key":"Energy Potion"},{"floor":8,"key":"Explosive Potion"},{"floor":13,"key":"SteroidPotion"},{"floor":14,"key":"SpeedPotion"},{"floor":22,"key":"Fire Potion"},{"floor":23,"key":"LiquidBronze"},{"floor":25,"key":"Swift Potion"},{"floor":29,"key":"Weak Potion"},{"floor":33,"key":"Block Potion"},{"floor":39,"key":"Regen Potion"},{"floor":41,"key":"GhostInAJar"}],"is_trial":false,"path_per_floor":["M","M","M","$","M","E","R","E","T","R","?","E","M","M","R","B",null,"M","?","$","M","M","E","M","M","T","M","M","E","?","E","R","B",null,"M","M","$","M","M","R","E","R","T","?","E","R","E","M","R","B",null,"R","$","E","B",null],"character_chosen":"THE_SILENT","items_purchased":["Noxious Fumes","TwistedFunnel","Deflect","GhostInAJar","Good Instincts","Pear","Venomology","Tools of the Trade"],"campfire_rested":0,"item_purchase_floors":[4,20,20,37,37,53,53,53],"current_hp_per_floor":[70,70,70,70,65,48,48,24,24,24,24,20,20,20,20,20,70,70,70,70,68,68,67,67,67,67,67,67,67,67,56,56,70,70,68,68,68,54,52,70,49,70,70,60,56,70,39,28,55,17,70,70,80,70,51],"gold":49,"neow_bonus":"RANDOM_COMMON_RELIC","is_prod":false,"is_daily":false,"chose_seed":false,"campfire_upgraded":8,"win_rate":0,"timestamp":1551053937,"path_taken":["M","M","M","$","M","E","R","E","T","R","?","E","M","M","R","BOSS","M","?","$","M","M","E","M","M","T","M","?","E","?","E","R","BOSS","M","M","$","M","M","R","E","R","T","?","E","R","E","M","R","BOSS","R","$","E","BOSS"],"build_version":"2019-02-06","purchased_purges":2,"victory":true,"max_hp_per_floor":[70,70,70,70,70,70,70,70,70,70,70,70,70,70,70,70,70,70,70,70,70,70,70,70,70,70,70,70,70,70,70,70,70,70,70,70,70,70,70,70,70,70,70,70,70,70,70,70,70,70,70,70,80,80,80],"card_choices":[{"not_picked":["Flying Knee","Poisoned Stab"],"picked":"Deadly Poison","floor":1},{"not_picked":["Slice","Dagger Throw"],"picked":"Flying Knee","floor":2},{"not_picked":["Endless Agony","Dagger Spray"],"picked":"All Out Attack","floor":3},{"not_picked":["Outmaneuver","Envenom"],"picked":"Well Laid Plans","floor":5},{"not_picked":["Heel Hook","Acrobatics"],"picked":"Escape Plan","floor":6},{"not_picked":["Blur","Slice"],"picked":"Sucker Punch","floor":8},{"not_picked":["Slice","Blade Dance"],"picked":"Cloak And Dagger","floor":11},{"not_picked":["Finisher","Backflip"],"picked":"Malaise","floor":12},{"not_picked":["Flechettes","Skewer"],"picked":"Dash","floor":13},{"not_picked":["Deflect","Slice"],"picked":"Backflip","floor":13},{"not_picked":["Concentrate","Blade Dance"],"picked":"PiercingWail","floor":14},{"not_picked":["Night Terror","Sucker Punch"],"picked":"Heel Hook","floor":14},{"not_picked":["Phantasmal Killer","Grand Finale"],"picked":"Wraith Form v2","floor":16},{"not_picked":["Dagger Spray","Blade Dance"],"picked":"Dash+1","floor":18},{"not_picked":["Bane","Underhanded Strike","Flechettes"],"picked":"SKIP","floor":18},{"not_picked":["Dodge and Roll","Terror"],"picked":"PiercingWail","floor":21},{"not_picked":["Tactician","Setup","Slice"],"picked":"SKIP","floor":21},{"not_picked":["Deflect","Expertise+1"],"picked":"Acrobatics","floor":22},{"not_picked":["Riddle With Holes","Terror+1","Slice+1"],"picked":"SKIP","floor":22},{"not_picked":["Eviscerate","Cloak And Dagger","Dagger Spray"],"picked":"SKIP","floor":23},{"not_picked":["Acrobatics","Backflip"],"picked":"Crippling Poison","floor":24},{"not_picked":["Predator","Bane"],"picked":"Bouncing Flask","floor":24},{"not_picked":["Slice","Dagger Throw+1"],"picked":"Night Terror","floor":25},{"not_picked":["Concentrate","Bane","Dodge and Roll"],"picked":"SKIP","floor":25},{"not_picked":["Bane","Flying Knee"],"picked":"Outmaneuver+1","floor":27},{"not_picked":["Outmaneuver","Dagger Spray+1"],"picked":"Deflect","floor":27},{"not_picked":["Skewer","Well Laid Plans+1"],"picked":"Corpse Explosion","floor":28},{"not_picked":["Caltrops","Quick Slash","Dagger Throw"],"picked":"SKIP","floor":28},{"not_picked":["Prepared","Eviscerate"],"picked":"Noxious Fumes","floor":29},{"not_picked":["Dagger Spray","Prepared+1"],"picked":"Deflect+1","floor":31},{"not_picked":["Wraith Form v2","Grand Finale"],"picked":"Bullet Time","floor":33},{"not_picked":["Dodge and Roll","Quick Slash","Bane"],"picked":"SKIP","floor":35},{"not_picked":["Endless Agony","PiercingWail+1","Tactician"],"picked":"SKIP","floor":35},{"not_picked":["Distraction","Poisoned Stab"],"picked":"Outmaneuver+1","floor":36},{"not_picked":["Blade Dance+1","PiercingWail+1","Sucker Punch"],"picked":"SKIP","floor":36},{"not_picked":["Slice+1","Outmaneuver+1","Expertise+1"],"picked":"SKIP","floor":38},{"not_picked":["Sucker Punch","Underhanded Strike+1","Bane+1"],"picked":"SKIP","floor":38},{"not_picked":["Die Die Die","Underhanded Strike"],"picked":"Deadly Poison+1","floor":39},{"not_picked":["Terror+1","Slice"],"picked":"Cloak And Dagger+1","floor":39},{"not_picked":["Blade Dance","Masterful Stab","Flying Knee+1"],"picked":"SKIP","floor":41},{"not_picked":["Metamorphosis","Madness"],"picked":"Panacea","floor":44},{"not_picked":["Swift Strike","Metamorphosis"],"picked":"Bandage Up","floor":44},{"not_picked":["Bandage Up","Deep Breath"],"picked":"Sadistic Nature","floor":44},{"not_picked":["PiercingWail+1","Finisher+1"],"picked":"Footwork+1","floor":45},{"not_picked":["Outmaneuver","Dagger Throw"],"picked":"Sucker Punch+1","floor":47},{"not_picked":["Deadly Poison+1","PiercingWail"],"picked":"Blur+1","floor":48},{"not_picked":["Bane","PiercingWail"],"picked":"Backflip+1","floor":48},{"not_picked":["Bouncing Flask+1","Terror"],"picked":"Prepared+1","floor":54}],"player_experience":4678082,"relics_obtained":[{"floor":6,"key":"Paper Crane"},{"floor":8,"key":"PreservedInsect"},{"floor":9,"key":"War Paint"},{"floor":11,"key":"Bottled Flame"},{"floor":12,"key":"Prayer Wheel"},{"floor":23,"key":"Dream Catcher"},{"floor":26,"key":"Gremlin Horn"},{"floor":29,"key":"Pantograph"},{"floor":31,"key":"Smiling Mask"},{"floor":41,"key":"Whetstone"},{"floor":45,"key":"Tingsha"},{"floor":47,"key":"Old Coin"},{"floor":54,"key":"Bottled Tornado"}],"event_choices":[{"damage_healed":0,"gold_gain":30,"player_choice":"Searched \u00273\u0027 times","damage_taken":0,"max_hp_gain":0,"max_hp_loss":0,"event_name":"Dead Adventurer","floor":11,"gold_loss":0},{"damage_healed":0,"gold_gain":0,"cards_transformed":["Strike_G"],"player_choice":"Transformed","damage_taken":0,"max_hp_gain":0,"max_hp_loss":0,"event_name":"Transmorgrifier","floor":19,"gold_loss":0,"cards_obtained":["Heel Hook"]},{"cards_removed":["Strike_G"],"damage_healed":0,"gold_gain":0,"player_choice":"Gave Gold","damage_taken":0,"max_hp_gain":0,"max_hp_loss":0,"event_name":"Beggar","floor":30,"gold_loss":75},{"damage_healed":0,"gold_gain":0,"player_choice":"Memory 3","damage_taken":10,"max_hp_gain":0,"max_hp_loss":0,"event_name":"SensoryStone","floor":44,"gold_loss":0}],"is_beta":true,"boss_relics":[{"not_picked":["Fusion Hammer","Tiny House"],"picked":"Astrolabe"},{"not_picked":["Empty Cage","HoveringKite"],"picked":"Eternal Feather"}],"items_purged_floors":[20,37],"is_endless":false,"potions_floor_spawned":[5,6,8,13,14,18,22,23,25,29,33,39,41,47],"ascension_level":1}