{"gold_per_floor":[114,39,114,127,45,74,89,89,112,143,143,183,208,232,232,327,327,348,364,377,357,281,281,306,326,326,326,326,326,326,339,339,433,433,452,465,465,83,108,108,124,124],"floor_reached":42,"playtime":9727,"items_purged":[],"score":732,"play_id":"c35d0c5f-d0da-4719-88b6-403e9661c611","local_time":"20190502001016","is_ascension_mode":true,"campfire_choices":[{"floor":8.0,"key":"REST"},{"floor":15.0,"key":"REST"},{"floor":23,"key":"REST"},{"data":"Hello World","floor":30,"key":"SMITH"},{"floor":32,"key":"REST"},{"floor":40,"key":"REST"}],"neow_cost":"NONE","seed_source_timestamp":0,"circlet_count":0,"master_deck":["AscendersBane","Strike_B","Strike_B","Strike_B","Strike_B","Defend_B","Defend_B","Defend_B","Defend_B","Zap","Doom and Gloom","Ball Lightning","Doom and Gloom","Hello World+1","Cold Snap","Hello World","Capacitor","Barrage","Machine Learning","Leap+1","Defragment","Coolheaded","Barrage","Cold Snap+1","Seek","Barrage+1","Doom and Gloom","Meteor Strike","Chaos","Cold Snap+1"],"special_seed":0,"relics":["Nuclear Battery","Bronze Scales","DataDisk","Anchor","Golden Idol","Emotion Chip","Omamori","Lizard Tail","Kunai","Busted Crown","ClockworkSouvenir"],"potions_floor_usage":[31,33],"damage_taken":[{"damage":0.0,"enemies":"Small Slimes","floor":1.0,"turns":3.0},{"damage":1.0,"enemies":"2 Louse","floor":4.0,"turns":2.0},{"damage":30.0,"enemies":"3 Sentries","floor":6.0,"turns":5.0},{"damage":7.0,"enemies":"Jaw Worm","floor":7.0,"turns":2.0},{"damage":13.0,"enemies":"Gremlin Nob","floor":10.0,"turns":3.0},{"damage":7.0,"enemies":"3 Sentries","floor":12.0,"turns":3.0},{"damage":0.0,"enemies":"Exordium Wildlife","floor":13.0,"turns":2.0},{"damage":20.0,"enemies":"The Guardian","floor":16.0,"turns":7.0},{"damage":0,"enemies":"3 Byrds","floor":18,"turns":3},{"damage":12,"enemies":"Spheric Guardian","floor":19,"turns":4},{"damage":15,"enemies":"3 Cultists","floor":20,"turns":5},{"damage":15,"enemies":"Snecko","floor":24,"turns":4},{"damage":12,"enemies":"Centurion and Healer","floor":25,"turns":7},{"damage":9,"enemies":"Snake Plant","floor":31,"turns":5},{"damage":38,"enemies":"Automaton","floor":33,"turns":14},{"damage":32,"enemies":"3 Shapes","floor":35,"turns":5},{"damage":5,"enemies":"Orb Walker","floor":36,"turns":3},{"damage":14,"enemies":"Spire Growth","floor":39,"turns":4},{"damage":23,"enemies":"Sphere and 2 Shapes","floor":41,"turns":6},{"damage":33,"enemies":"Reptomancer","floor":42,"turns":2}],"seed_played":"-1370696283068428503","potions_obtained":[{"floor":6.0,"key":"AttackPotion"},{"floor":10.0,"key":"Regen Potion"},{"floor":12.0,"key":"Fire Potion"},{"floor":13.0,"key":"Dexterity Potion"},{"floor":31,"key":"Weak Potion"},{"floor":33,"key":"Energy Potion"}],"is_trial":false,"path_per_floor":["M","?","?","M","$","E","M","R","T","E","?","E","M","T","R","B",null,"M","M","M","?","$","R","M","M","T","?","?","?","R","M","R","B",null,"M","M","?","$","M","R","M","E"],"character_chosen":"DEFECT","items_purchased":["Doom and Gloom","Coolheaded","Barrage","ClockworkSouvenir","Meteor Strike","Chaos"],"campfire_rested":5,"item_purchase_floors":[5,22,22,38,38,38],"current_hp_per_floor":[64,64,53,52,52,22,15,36,36,23,23,25,25,25,44,24,54,54,42,27,27,27,46,31,19,19,19,19,32,32,23,42,4,49,17,12,12,12,32,51,28,0],"gold":124,"neow_bonus":"BOSS_RELIC","is_prod":false,"is_daily":false,"chose_seed":false,"campfire_upgraded":1,"win_rate":0,"timestamp":1556766616,"path_taken":["M","?","?","M","$","E","M","R","T","E","?","E","?","?","R","BOSS","M","M","M","?","$","R","?","M","T","?","?","?","R","?","R","BOSS","M","M","?","?","M","R","M","E"],"build_version":"2019-01-23","purchased_purges":0,"victory":false,"max_hp_per_floor":[71,71,71,71,71,71,71,71,71,71,64,64,64,64,64,64,64,64,64,64,64,64,64,64,64,64,64,64,64,64,64,64,64,64,64,64,64,64,64,64,64,64],"card_choices":[{"not_picked":["Ball Lightning","White Noise"],"picked":"Doom and Gloom","floor":1.0},{"not_picked":["Lockon","Gash"],"picked":"Ball Lightning","floor":4.0},{"not_picked":["Reinforced Body","Force Field"],"picked":"Hello World","floor":6.0},{"not_picked":["Heatsinks","Recycle"],"picked":"Cold Snap","floor":7.0},{"not_picked":["Lockon","Beam Cell"],"picked":"Hello World","floor":10.0},{"not_picked":["Stack","Multi-Cast"],"picked":"Capacitor","floor":12.0},{"not_picked":["Go for the Eyes","Blizzard"],"picked":"Barrage","floor":13.0},{"not_picked":["Amplify","Fission"],"picked":"Machine Learning","floor":16.0},{"not_picked":["Cold Snap","Heatsinks"],"picked":"Leap+1","floor":18},{"not_picked":["Redo","Sweeping Beam"],"picked":"Defragment","floor":19},{"not_picked":["Steam","Compile Driver","Sunder"],"picked":"SKIP","floor":20},{"not_picked":["Force Field","Scrape","Turbo"],"picked":"SKIP","floor":24},{"not_picked":["BootSequence","Steam Power"],"picked":"Cold Snap+1","floor":25},{"not_picked":["Rebound+1","Stack","Compile Driver"],"picked":"SKIP","floor":31},{"not_picked":["Thunder Strike","Multi-Cast"],"picked":"Seek","floor":33},{"not_picked":[],"picked":"Barrage+1","floor":35},{"not_picked":[],"picked":"Doom and Gloom","floor":36},{"not_picked":["Scrape"],"picked":"SKIP","floor":39},{"not_picked":[],"picked":"Cold Snap+1","floor":41}],"player_experience":1270760,"relics_obtained":[{"floor":6.0,"key":"Bronze Scales"},{"floor":9.0,"key":"DataDisk"},{"floor":10.0,"key":"Anchor"},{"floor":12.0,"key":"Emotion Chip"},{"floor":14.0,"key":"Omamori"},{"floor":26,"key":"Kunai"}],"event_choices":[{"cards_removed":["Dualcast"],"damage_healed":0.0,"max_hp_gain":0.0,"max_hp_loss":0.0,"gold_gain":0.0,"event_name":"The Cleric","player_choice":"Card Removal","floor":2.0,"gold_loss":75.0,"damage_taken":0.0},{"damage_healed":0.0,"max_hp_gain":0.0,"max_hp_loss":0.0,"gold_gain":75.0,"event_name":"World of Goop","player_choice":"Gather Gold","floor":3.0,"gold_loss":0.0,"damage_taken":11.0},{"damage_healed":0.0,"max_hp_gain":0.0,"max_hp_loss":7.0,"gold_gain":0.0,"event_name":"Golden Idol","player_choice":"Lose Max HP","floor":11.0,"gold_loss":0.0,"damage_taken":0.0,"relics_obtained":["Golden Idol"]},{"damage_healed":0,"gold_gain":0,"player_choice":"Bought 1 Potion","damage_taken":0,"max_hp_gain":0,"max_hp_loss":0,"event_name":"The Woman in Blue","floor":21,"gold_loss":0},{"damage_healed":0,"gold_gain":0,"player_choice":"Ignored","damage_taken":0,"max_hp_gain":0,"max_hp_loss":0,"event_name":"Ghosts","floor":27,"gold_loss":0},{"damage_healed":0,"gold_gain":0,"player_choice":"Ignored","damage_taken":0,"max_hp_gain":0,"max_hp_loss":0,"event_name":"Cursed Tome","floor":28,"gold_loss":0},{"damage_healed":13,"gold_gain":0,"player_choice":"Heal","damage_taken":0,"max_hp_gain":0,"max_hp_loss":0,"event_name":"The Library","floor":29,"gold_loss":0},{"damage_healed":0,"gold_gain":0,"player_choice":"Ignored","damage_taken":0,"max_hp_gain":0,"max_hp_loss":0,"event_name":"SecretPortal","floor":37,"gold_loss":0}],"is_beta":false,"boss_relics":[{"not_picked":["Eternal Feather","Empty Cage"],"picked":"Lizard Tail"},{"not_picked":["Sozu","Astrolabe"],"picked":"Busted Crown"}],"items_purged_floors":[],"is_endless":false,"potions_floor_spawned":[6,10,12,13,19,20,31,33,41],"killed_by":"Reptomancer","ascension_level":15}