{"gold_per_floor":[112,112,132,132,132,159,173,173,173,173,47,82,31,31,31,127,127,138,154,165,75,89,89],"floor_reached":23,"playtime":947,"items_purged":["Decay"],"score":229,"play_id":"e5dd1a43-0274-4b3b-a168-9e4f00d37238","local_time":"20190515153437","is_ascension_mode":true,"campfire_choices":[{"floor":8,"key":"REST"},{"data":"Envenom","floor":10,"key":"SMITH"},{"data":"Burst","floor":15,"key":"SMITH"}],"neow_cost":"NONE","seed_source_timestamp":429563393662400,"circlet_count":0,"master_deck":["Survivor","Neutralize+1","Flechettes","Riddle With Holes","Deadly Poison","Burst+1","Quick Slash","Night Terror","Envenom+1","Calculated Gamble","Masterful Stab","Cloak And Dagger","Storm of Steel","Dagger Spray","Dagger Spray","Deadly Poison","Backflip","Bane","Dodge and Roll","Doppelganger","Flying Knee+1","Poisoned Stab+1","Dash"],"relics":["Pandora\u0027s Box","Ornamental Fan","Snake Skull","Blue Candle","Sozu"],"potions_floor_usage":[18,22,23],"damage_taken":[{"damage":0,"enemies":"Cultist","floor":1,"turns":3},{"damage":12,"enemies":"Jaw Worm","floor":3,"turns":3},{"damage":40,"enemies":"3 Sentries","floor":6,"turns":6},{"damage":0,"enemies":"2 Louse","floor":7,"turns":2},{"damage":7,"enemies":"Lagavulin","floor":12,"turns":5},{"damage":12,"enemies":"The Guardian","floor":16,"turns":8},{"damage":5,"enemies":"Shell Parasite","floor":18,"turns":3},{"damage":2,"enemies":"3 Byrds","floor":19,"turns":3},{"damage":16,"enemies":"3 Cultists","floor":20,"turns":5},{"damage":10,"enemies":"Centurion and Healer","floor":22,"turns":4},{"damage":37,"enemies":"Slavers","floor":23,"turns":4}],"seed_played":"-1338373180727894017","potions_obtained":[{"floor":1,"key":"Poison Potion"},{"floor":3,"key":"GhostInAJar"},{"floor":12,"key":"GhostInAJar"},{"floor":14,"key":"Block Potion"}],"is_trial":false,"path_per_floor":["M","?","M","$","?","E","M","R","T","R","$","E","$","?","R","B",null,"M","M","M","?","M","E"],"character_chosen":"THE_SILENT","items_purchased":["Backflip","Dodge and Roll"],"campfire_rested":1,"item_purchase_floors":[11,13],"current_hp_per_floor":[70,70,58,58,58,18,18,39,39,39,39,32,32,32,32,20,70,65,63,47,47,37,0],"gold":89,"neow_bonus":"BOSS_RELIC","is_prod":false,"is_daily":false,"chose_seed":false,"campfire_upgraded":2,"win_rate":0,"timestamp":1557948877,"path_taken":["M","?","?","?","?","E","?","R","T","R","$","E","$","?","R","BOSS","M","M","?","?","?","E"],"build_version":"2019-01-23","purchased_purges":1,"victory":false,"max_hp_per_floor":[70,70,70,70,70,70,70,70,70,70,70,70,70,70,70,70,70,70,70,70,70,70,70],"card_choices":[{"not_picked":["Riddle With Holes","Flechettes"],"picked":"Cloak And Dagger","floor":1},{"not_picked":["Deadly Poison","Predator"],"picked":"Dagger Spray","floor":3},{"not_picked":["Underhanded Strike","Outmaneuver"],"picked":"Dagger Spray","floor":6},{"not_picked":["Quick Slash","Calculated Gamble"],"picked":"Deadly Poison","floor":7},{"not_picked":["Flechettes","Acrobatics"],"picked":"Bane","floor":12},{"not_picked":["Venomology","Grand Finale"],"picked":"Doppelganger","floor":16},{"not_picked":["Caltrops","Dodge and Roll"],"picked":"Flying Knee+1","floor":18},{"not_picked":["Well Laid Plans","Blade Dance"],"picked":"Poisoned Stab+1","floor":19},{"not_picked":["All Out Attack","Dagger Spray+1"],"picked":"Dash","floor":20},{"not_picked":["Doppelganger","Acrobatics","Escape Plan"],"picked":"SKIP","floor":22}],"player_experience":181561,"relics_obtained":[{"floor":6,"key":"Ornamental Fan"},{"floor":9,"key":"Snake Skull"},{"floor":12,"key":"Blue Candle"}],"event_choices":[{"damage_healed":0,"gold_gain":0,"player_choice":"1 cards matched","damage_taken":0,"max_hp_gain":0,"max_hp_loss":0,"event_name":"Match and Keep!","floor":2,"gold_loss":0,"cards_obtained":["Storm of Steel"]},{"damage_healed":0,"gold_gain":0,"player_choice":"Cursed","damage_taken":0,"max_hp_gain":0,"max_hp_loss":0,"event_name":"Wheel of Change","floor":5,"gold_loss":0,"cards_obtained":["Decay"]},{"damage_healed":0,"gold_gain":0,"player_choice":"Got Potions","damage_taken":0,"max_hp_gain":0,"max_hp_loss":0,"event_name":"Lab","floor":14,"gold_loss":0},{"cards_removed":["Underhanded Strike"],"damage_healed":0,"gold_gain":0,"player_choice":"Upgrade and Remove","damage_taken":0,"max_hp_gain":0,"max_hp_loss":0,"event_name":"Designer","floor":21,"gold_loss":90,"cards_upgraded":["Neutralize"]}],"is_beta":false,"boss_relics":[{"not_picked":["Snecko Eye","Fusion Hammer"],"picked":"Sozu"}],"items_purged_floors":[11],"is_endless":false,"potions_floor_spawned":[1,3,12,20,22],"killed_by":"Slavers","ascension_level":3}