{"gold_per_floor":[112,112,112,38,54,88,88,106,133,203,76,76,104,122,122,194,194,214,194,207,207],"floor_reached":21,"playtime":526,"items_purged":["Decay"],"score":450,"play_id":"4499746d-98a9-4f7a-8452-19957f94e77a","local_time":"20190509171916","is_ascension_mode":true,"campfire_choices":[{"data":"Inflame","floor":7,"key":"SMITH"},{"data":"Havoc","floor":12,"key":"SMITH"},{"data":"Havoc","floor":15,"key":"SMITH"}],"neow_cost":"CURSE","seed_source_timestamp":2431910261613841,"circlet_count":0,"master_deck":["AscendersBane","Strike_R+1","Strike_R","Strike_R","Strike_R","Strike_R","Defend_R","Defend_R","Defend_R","Defend_R+1","Bash","Havoc+1","Inflame+1","Perfected Strike","Sever Soul","Havoc+1","Wild Strike","Impervious","Havoc+1","Feed","Spot Weakness","Twin Strike+1"],"relics":["Burning Blood","Torii","Bag of Marbles","Oddly Smooth Stone","Vajra","Sozu"],"potions_floor_usage":[16,16],"damage_taken":[{"damage":8,"enemies":"2 Louse","floor":1,"turns":4},{"damage":6,"enemies":"Small Slimes","floor":5,"turns":3},{"damage":27,"enemies":"Lagavulin","floor":6,"turns":6},{"damage":2,"enemies":"Cultist","floor":8,"turns":2},{"damage":8,"enemies":"Gremlin Nob","floor":13,"turns":3},{"damage":0,"enemies":"Large Slime","floor":14,"turns":5},{"damage":0,"enemies":"Slime Boss","floor":16,"turns":4},{"damage":28,"enemies":"Shell Parasite","floor":18,"turns":5},{"damage":12,"enemies":"2 Thieves","floor":20,"turns":4},{"damage":43,"enemies":"Cultist and Chosen","floor":21,"turns":4}],"seed_played":"-444720489805415253","potions_obtained":[{"floor":6,"key":"Poison Potion"},{"floor":8,"key":"Poison Potion"},{"floor":13,"key":"AttackPotion"},{"floor":16,"key":"Dexterity Potion"}],"is_trial":false,"path_per_floor":["M","?","?","$","M","E","R","M","T","?","$","R","E","M","R","B",null,"M","?","M","M"],"character_chosen":"IRONCLAD","items_purchased":["Inflame","Wild Strike"],"campfire_rested":0,"item_purchase_floors":[4,11],"current_hp_per_floor":[66,43,43,43,43,22,22,26,26,26,26,26,24,30,30,36,65,46,46,40,0],"gold":207,"neow_bonus":"ONE_RARE_RELIC","is_prod":false,"is_daily":false,"chose_seed":false,"campfire_upgraded":3,"win_rate":0,"timestamp":1557433156,"path_taken":["M","?","?","$","M","E","R","M","T","?","$","R","E","M","R","BOSS","M","?","?","M"],"build_version":"2019-01-23","purchased_purges":1,"victory":false,"max_hp_per_floor":[75,75,75,75,75,75,75,75,75,75,75,75,75,75,75,75,75,78,78,78,78],"card_choices":[{"not_picked":["Flex","Wild Strike"],"picked":"Havoc","floor":1},{"not_picked":["Flex","Blood for Blood"],"picked":"Perfected Strike","floor":5},{"not_picked":["Thunderclap","Bloodletting"],"picked":"Sever Soul","floor":6},{"not_picked":["True Grit","Thunderclap"],"picked":"Havoc","floor":8},{"not_picked":["Power Through","Metallicize"],"picked":"Impervious","floor":13},{"not_picked":["Sever Soul","Pommel Strike"],"picked":"Havoc","floor":14},{"not_picked":["Double Tap","Demon Form"],"picked":"Feed","floor":16},{"not_picked":["Wild Strike","Pummel"],"picked":"Spot Weakness","floor":18},{"not_picked":["Clash","Evolve"],"picked":"Twin Strike+1","floor":20}],"player_experience":1317048,"relics_obtained":[{"floor":6,"key":"Bag of Marbles"},{"floor":9,"key":"Oddly Smooth Stone"},{"floor":13,"key":"Vajra"}],"event_choices":[{"damage_healed":0,"gold_gain":0,"player_choice":"Entered Light","damage_taken":23,"max_hp_gain":0,"max_hp_loss":0,"event_name":"Shining Light","floor":2,"gold_loss":0,"cards_upgraded":["Strike_R","Defend_R"]},{"damage_healed":0,"gold_gain":0,"player_choice":"Grow","damage_taken":0,"max_hp_gain":0,"max_hp_loss":0,"event_name":"Living Wall","floor":3,"gold_loss":0,"cards_upgraded":["Havoc"]},{"damage_healed":0,"gold_gain":70,"player_choice":"Gained Gold","damage_taken":0,"max_hp_gain":0,"max_hp_loss":0,"event_name":"Golden Wing","floor":10,"gold_loss":0},{"damage_healed":0,"gold_gain":0,"player_choice":"Bought 1 Potion","damage_taken":0,"max_hp_gain":0,"max_hp_loss":0,"event_name":"The Woman in Blue","floor":19,"gold_loss":0}],"is_beta":false,"boss_relics":[{"not_picked":["Tiny House","Runic Cube"],"picked":"Sozu"}],"items_purged_floors":[11],"is_endless":false,"potions_floor_spawned":[6,8,13,16,18,20],"killed_by":"Cultist and Chosen","ascension_level":18}