{"gold_per_floor":[115,115,128,128,303,334,334,344,412,441,455,37,37,57,57,134,134,145,70,70,70,84,84,119,119,119,131,144,144,144,155,155,233,233,250,150,162,162,0,28,28,60,60,60,79,79,79,79,79,79,79,79,30,30],"floor_reached":54,"playtime":1565,"items_purged":["Pain"],"score":1353,"play_id":"85a849a9-5479-4898-a3f0-4526cc94a1b6","local_time":"20190412155243","is_ascension_mode":true,"campfire_choices":[{"data":"Anger","floor":7,"key":"SMITH"},{"data":"Anger","floor":15,"key":"SMITH"},{"floor":23,"key":"REST"},{"floor":25,"key":"REST"},{"data":"Offering","floor":29,"key":"SMITH"},{"data":"Armaments","floor":32,"key":"SMITH"},{"data":"Dramatic Entrance","floor":41,"key":"SMITH"},{"floor":47,"key":"RECALL"},{"data":"Rampage","floor":49,"key":"SMITH"},{"data":"Flame Barrier","floor":52,"key":"SMITH"}],"neow_cost":"NONE","seed_source_timestamp":92688444674689,"circlet_count":0,"master_deck":["AscendersBane","Strike_R","Strike_R","Strike_R","Strike_R","Strike_R","Bash","Anger+1","Anger+1","Doubt","Thunderclap","Flame Barrier","vexMod:StrikeStorm+1","Corruption+1","Havoc","Feel No Pain+1","vexMod:FightResponse","vexMod:DefensiveStance+1","vexMod:Execute","vexMod:FaceSlap","vexMod:Gloat","vexMod:HeavySlash","vexMod:DefensiveStance+1","Feel No Pain+1","Reaper","Flame Barrier+1","Dramatic Entrance+1","Rampage+1","vexMod:GroundPound","Shrug It Off"],"relics":["Burning Blood","NeowsBlessing","hubris:OldNail","Frozen Egg 2","Centennial Puzzle","Brimstone","hubris:BottledRain","Sozu","Bottled Lightning","Question Card","vexMod:MindDevourer","Red Mask","Omamori","Mango"],"potions_floor_usage":[16,24],"damage_taken":[{"damage":7,"enemies":"Jaw Worm","floor":1,"turns":2},{"damage":9,"enemies":"2 Louse","floor":3,"turns":2},{"damage":0,"enemies":"3 Sentries","floor":6,"turns":2},{"damage":0,"enemies":"Small Slimes","floor":8,"turns":1},{"damage":0,"enemies":"Gremlin Nob","floor":10,"turns":1},{"damage":9,"enemies":"Blue Slaver","floor":11,"turns":4},{"damage":10,"enemies":"Red Slaver","floor":14,"turns":2},{"damage":27,"enemies":"The Guardian","floor":16,"turns":5},{"damage":2,"enemies":"Spheric Guardian","floor":18,"turns":3},{"damage":23,"enemies":"2 Thieves","floor":22,"turns":3},{"damage":35,"enemies":"Slavers","floor":24,"turns":3},{"damage":12,"enemies":"Snake Plant","floor":27,"turns":2},{"damage":8,"enemies":"Cultist and Chosen","floor":28,"turns":3},{"damage":8,"enemies":"Snecko","floor":31,"turns":3},{"damage":33,"enemies":"Automaton","floor":33,"turns":6},{"damage":33,"enemies":"Orb Walker","floor":35,"turns":3},{"damage":0,"enemies":"3 Shapes","floor":37,"turns":3},{"damage":7,"enemies":"Reptomancer","floor":40,"turns":2},{"damage":16,"enemies":"Nemesis","floor":42,"turns":3},{"damage":9,"enemies":"Maw","floor":45,"turns":4},{"damage":37,"enemies":"hubris:GrandSnecko","floor":50,"turns":8},{"damage":70,"enemies":"Shield and Spear","floor":54,"turns":2}],"seed_played":"-4701437328729613932","potions_obtained":[{"floor":3,"key":"Weak Potion"},{"floor":8,"key":"PowerPotion"}],"is_trial":false,"path_per_floor":["M","?","M","?","?","E","R","M","T","E","M","$","T","M","R","B",null,"M","$","?","?","M","R","E","R","T","M","M","R","?","M","R","B",null,"M","NS","M","?","?","E","R","E","T","$","M","$","R","?","R","B",null,"R","$","E"],"character_chosen":"IRONCLAD","items_purchased":["Brimstone","vexMod:StrikeStorm+1","Metallicize+1","Shrug It Off"],"campfire_rested":2,"item_purchase_floors":[12,12,19,53],"current_hp_per_floor":[67,67,64,64,64,70,70,75,75,75,72,72,72,68,68,47,68,72,72,58,58,41,65,36,60,60,54,52,52,42,40,40,13,35,8,8,14,14,14,36,36,56,56,56,53,53,53,53,53,56,56,56,56,0],"gold":30,"neow_bonus":"THREE_CARDS","is_prod":false,"is_daily":false,"chose_seed":false,"campfire_upgraded":7,"win_rate":0,"timestamp":1555095163,"path_taken":["M","?","M","?","?","E","R","M","T","E","M","$","?","M","R","BOSS","M","$","?","?","M","R","E","R","T","?","?","R","?","M","R","BOSS","M","NS","M","?","?","E","R","E","T","$","M","$","R","?","R","BOSS","R","$","E"],"build_version":"2019-01-23","purchased_purges":1,"victory":false,"max_hp_per_floor":[75,75,75,75,75,75,75,75,75,75,75,75,75,75,75,75,75,75,75,80,80,80,80,80,80,80,80,80,80,42,42,42,42,42,42,42,42,42,42,42,42,56,56,56,56,56,56,56,56,56,56,56,56,56],"card_choices":[{"not_picked":["Iron Wave","Seeing Red"],"picked":"Anger","floor":0},{"not_picked":["Rupture","Armaments"],"picked":"Anger","floor":1},{"not_picked":["Warcry","Perfected Strike"],"picked":"Anger","floor":3},{"not_picked":["Perfected Strike","Seeing Red"],"picked":"Thunderclap","floor":6},{"not_picked":["Heavy Blade","Uppercut"],"picked":"Armaments","floor":8},{"not_picked":["Infernal Blade","Armaments"],"picked":"Flame Barrier","floor":10},{"not_picked":["Sword Boomerang","Twin Strike","Searing Blow"],"picked":"SKIP","floor":11},{"not_picked":["Anger","Perfected Strike"],"picked":"Corruption+1","floor":14},{"not_picked":["Immolate","Feed"],"picked":"Brutality+1","floor":16},{"not_picked":["Bloodletting","Thunderclap"],"picked":"Havoc","floor":18},{"not_picked":["Dark Embrace","vexMod:Taunt"],"picked":"Offering","floor":21},{"not_picked":["Flex","hubris:ReadiedAction","vexMod:TrainingStrike"],"picked":"SKIP","floor":22},{"not_picked":["Anger","Seeing Red"],"picked":"Feel No Pain+1","floor":24},{"not_picked":["vexMod:CursedStrike","vexMod:TrainingStrike","vexMod:Taunt"],"picked":"Pummel+1","floor":27},{"not_picked":["Anger+1","Combust+1","hubris:SharpeningStone","Perfected Strike"],"picked":"SKIP","floor":28},{"not_picked":["vexMod:Hatred+1","Entrench+1","Heavy Blade"],"picked":"Feel No Pain+1","floor":31},{"not_picked":["Bludgeon","Double Tap","Impervious"],"picked":"Reaper","floor":33},{"not_picked":["Wild Strike","Entrench","Warcry"],"picked":"Flame Barrier","floor":35},{"not_picked":["Perfected Strike+1","Clash","vexMod:CrumblingCrash"],"picked":"Heavy Blade","floor":37},{"not_picked":["Blind","hubris:Insight","vexMod:CoinToss"],"picked":"Dramatic Entrance","floor":38},{"not_picked":["vexMod:Elimination","vexMod:BloodGuard","Rage"],"picked":"Rampage","floor":40},{"not_picked":["Rupture+1","Dropkick+1","Seeing Red","hubris:CleavingFinish"],"picked":"SKIP","floor":42},{"not_picked":["Blood for Blood","Wild Strike","Infernal Blade"],"picked":"vexMod:GroundPound","floor":45}],"player_experience":1101308,"relics_obtained":[{"floor":6,"key":"hubris:OldNail"},{"floor":9,"key":"Frozen Egg 2"},{"floor":10,"key":"Centennial Puzzle"},{"floor":13,"key":"hubris:BottledRain"},{"floor":24,"key":"Bottled Lightning"},{"floor":26,"key":"Question Card"},{"floor":40,"key":"Omamori"},{"floor":42,"key":"Mango"}],"event_choices":[{"damage_healed":0,"gold_gain":0,"player_choice":"Grow","damage_taken":0,"max_hp_gain":0,"max_hp_loss":0,"event_name":"Living Wall","floor":2,"gold_loss":0,"cards_upgraded":["Anger"]},{"damage_healed":0,"gold_gain":175,"player_choice":"AGREE","damage_taken":0,"max_hp_gain":0,"max_hp_loss":0,"event_name":"Liars Game","floor":5,"gold_loss":0,"cards_obtained":["Doubt"]},{"damage_healed":0,"gold_gain":0,"player_choice":"Shed Blood","damage_taken":19,"max_hp_gain":5,"max_hp_loss":0,"event_name":"Forgotten Altar","floor":20,"gold_loss":0},{"damage_healed":0,"gold_gain":0,"player_choice":"Memory 1","damage_taken":0,"max_hp_gain":0,"max_hp_loss":0,"event_name":"SensoryStone","floor":38,"gold_loss":0},{"damage_healed":0,"gold_gain":0,"player_choice":"Paid","damage_taken":0,"relics_obtained":["Red Mask"],"max_hp_gain":0,"max_hp_loss":0,"event_name":"Tomb of Lord Red Mask","floor":39,"gold_loss":162}],"is_beta":false,"boss_relics":[{"not_picked":["Black Star","hubris:TerracottaHorce"],"picked":"Sozu"},{"not_picked":["Empty Cage","Velvet Choker"],"picked":"vexMod:MindDevourer"}],"items_purged_floors":[12],"is_endless":false,"potions_floor_spawned":[3,8,10,14,27,31,35,37,42],"killed_by":"Shield and Spear","ascension_level":14}