{"gold_per_floor":[19,31,51,51,65,92,110,139,439,464,484,484,515,527,527,632,632,645,659,39,57,57,91,101,111,136,171,171,199,199,114,114,211,211,224,272,252,269,281,281,315,315,341,341,368,90,102,128,128,128,128,128,4,37,37],"floor_reached":56,"playtime":3794,"items_purged":["Strike_G","Strike_G"],"score":1540,"play_id":"f2d9c270-f030-46e8-ac22-3e1950b43bcb","local_time":"20190414171646","is_ascension_mode":true,"campfire_choices":[{"data":"Doppelganger","floor":12,"key":"SMITH"},{"data":"Envenom","floor":15,"key":"SMITH"},{"data":"Well Laid Plans","floor":30,"key":"SMITH"},{"data":"Footwork","floor":32,"key":"SMITH"},{"data":"Mayhem","floor":40,"key":"SMITH"},{"floor":42,"key":"RECALL"},{"floor":44,"key":"REST"},{"data":"Neutralize","floor":49,"key":"SMITH"},{"data":"Adrenaline","floor":52,"key":"SMITH"}],"neow_cost":"NO_GOLD","seed_source_timestamp":2928966333051922,"circlet_count":0,"master_deck":["Defend_G+1","Defend_G","Defend_G","Defend_G","Defend_G","Strike_G","Strike_G","Strike_G","Survivor","Neutralize+1","Quick Slash","Predator","Glass Knife","Flying Knee","Acrobatics","Doppelganger+1","Dagger Spray","Footwork+1","Envenom+1","Adrenaline+1","Backflip+1","Masterful Stab","Good Instincts","Mayhem+1","Crippling Poison+1","Backflip","Dash","Riddle With Holes","Catalyst+1","Bane","Backflip+1","Well Laid Plans+1","After Image+1","Backstab","Escape Plan+1","Noxious Fumes+1","PiercingWail","Flash of Steel","Dodge and Roll","Mayhem+1","Cloak And Dagger","Deflect"],"relics":["Ring of the Snake","Boot","The Specimen","Old Coin","Letter Opener","Mango","Philosopher\u0027s Stone","Membership Card","Bag of Preparation","Centennial Puzzle","Vajra","Pen Nib","War Paint","Red Mask","Frozen Egg 2","Busted Crown","Thread and Needle","Oddly Smooth Stone","Regal Pillow","PreservedInsect","Gambling Chip","Ice Cream"],"potions_floor_usage":[3,6,8,8,10,13,16,16,23,25,27,41,55,55,55],"damage_taken":[{"damage":0,"enemies":"Cultist","floor":1,"turns":3},{"damage":0,"enemies":"2 Louse","floor":2,"turns":2},{"damage":0,"enemies":"Jaw Worm","floor":3,"turns":4},{"damage":0,"enemies":"Blue Slaver","floor":5,"turns":3},{"damage":18,"enemies":"Lagavulin","floor":6,"turns":5},{"damage":0,"enemies":"3 Louse","floor":7,"turns":2},{"damage":3,"enemies":"Gremlin Nob","floor":8,"turns":3},{"damage":13,"enemies":"3 Sentries","floor":10,"turns":6},{"damage":0,"enemies":"Exordium Wildlife","floor":11,"turns":4},{"damage":23,"enemies":"Gremlin Nob","floor":13,"turns":4},{"damage":2,"enemies":"Blue Slaver","floor":14,"turns":4},{"damage":2,"enemies":"The Guardian","floor":16,"turns":11},{"damage":10,"enemies":"2 Thieves","floor":18,"turns":4},{"damage":8,"enemies":"Shell Parasite","floor":19,"turns":5},{"damage":8,"enemies":"Centurion and Healer","floor":21,"turns":6},{"damage":4,"enemies":"Book of Stabbing","floor":23,"turns":5},{"damage":0,"enemies":"Chosen and Byrds","floor":24,"turns":4},{"damage":14,"enemies":"Shelled Parasite and Fungi","floor":25,"turns":4},{"damage":11,"enemies":"Slavers","floor":27,"turns":4},{"damage":3,"enemies":"Masked Bandits","floor":29,"turns":4},{"damage":0,"enemies":"Automaton","floor":33,"turns":6},{"damage":0,"enemies":"3 Shapes","floor":35,"turns":3},{"damage":41,"enemies":"2 Orb Walkers","floor":36,"turns":5},{"damage":0,"enemies":"3 Darklings","floor":38,"turns":3},{"damage":0,"enemies":"Jaw Worm Horde","floor":39,"turns":5},{"damage":0,"enemies":"Giant Head","floor":41,"turns":6},{"damage":0,"enemies":"Reptomancer","floor":45,"turns":5},{"damage":0,"enemies":"4 Shapes","floor":47,"turns":4},{"damage":0,"enemies":"Giant Head","floor":48,"turns":5},{"damage":15,"enemies":"Donu and Deca","floor":50,"turns":8},{"damage":0,"enemies":"Shield and Spear","floor":54,"turns":6},{"damage":1,"enemies":"The Heart","floor":55,"turns":9}],"seed_played":"-277523426181721089","potions_obtained":[{"floor":2,"key":"Block Potion"},{"floor":4,"key":"SneckoOil"},{"floor":4,"key":"Explosive Potion"},{"floor":4,"key":"AttackPotion"},{"floor":6,"key":"PowerPotion"},{"floor":10,"key":"AttackPotion"},{"floor":11,"key":"EssenceOfSteel"},{"floor":14,"key":"GhostInAJar"},{"floor":16,"key":"LiquidBronze"},{"floor":19,"key":"Swift Potion"},{"floor":25,"key":"Block Potion"},{"floor":29,"key":"Ancient Potion"},{"floor":37,"key":"SpeedPotion"},{"floor":41,"key":"SteroidPotion"},{"floor":47,"key":"Weak Potion"}],"is_trial":false,"path_per_floor":["M","M","M","?","M","E","M","E","T","E","M","R","E","M","R","B",null,"M","M","$","M","?","E","M","M","T","E","?","?","R","?","R","B",null,"M","?","?","M","M","R","E","R","T","R","E","$","M","E","R","B",null,"R","$","E","B",null],"character_chosen":"THE_SILENT","items_purchased":["Membership Card","Bag of Preparation","Masterful Stab","Good Instincts","Mayhem","Crippling Poison","Block Potion","Centennial Puzzle","Noxious Fumes+1","PiercingWail","Flash of Steel","Dodge and Roll","PreservedInsect","Dexterity Potion","Mayhem+1","Cloak And Dagger"],"campfire_rested":1,"item_purchase_floors":[20,20,20,20,20,20,20,20,46,46,46,46,46,46,53,53],"current_hp_per_floor":[84,84,84,84,84,66,66,63,63,50,50,50,41,39,39,37,98,88,80,80,72,72,68,68,54,54,43,43,40,40,40,40,40,98,98,57,57,57,57,57,57,57,57,86,86,86,86,86,86,71,98,98,98,98,97],"gold":37,"neow_bonus":"TWENTY_PERCENT_HP_BONUS","is_prod":false,"is_daily":false,"chose_seed":false,"campfire_upgraded":7,"win_rate":0,"timestamp":1555276606,"path_taken":["M","M","M","?","M","E","?","E","T","E","M","R","E","M","R","BOSS","M","?","$","M","?","E","M","?","T","E","?","?","R","?","R","BOSS","M","?","?","M","?","R","E","R","T","R","E","?","M","E","R","BOSS","R","$","E","BOSS"],"build_version":"2019-04-04","purchased_purges":2,"victory":true,"max_hp_per_floor":[84,84,84,84,84,84,84,84,84,84,84,84,98,98,98,98,98,98,98,98,98,98,98,98,98,98,98,98,98,98,98,98,98,98,98,98,98,98,98,98,98,98,98,98,98,98,98,98,98,98,98,98,98,98,98],"card_choices":[{"not_picked":["Deflect","Blade Dance"],"picked":"Quick Slash","floor":1},{"not_picked":["Outmaneuver","Expertise"],"picked":"Predator","floor":2},{"not_picked":["Tactician","Finisher"],"picked":"Glass Knife","floor":3},{"not_picked":["Deflect","Reflex"],"picked":"Flying Knee","floor":5},{"not_picked":["Blade Dance","Eviscerate"],"picked":"Acrobatics","floor":6},{"not_picked":["Predator","Dagger Throw","Accuracy"],"picked":"SKIP","floor":7},{"not_picked":["Bane","Endless Agony"],"picked":"Distraction","floor":8},{"not_picked":["Slice","Expertise"],"picked":"Doppelganger","floor":10},{"not_picked":["Distraction","Blur"],"picked":"Dagger Spray","floor":11},{"not_picked":["Slice","Backflip"],"picked":"Footwork","floor":13},{"not_picked":["Acrobatics","Crippling Poison"],"picked":"Envenom","floor":14},{"not_picked":["Tools of the Trade","Malaise"],"picked":"Adrenaline","floor":16},{"not_picked":["Expertise","Deadly Poison+1"],"picked":"Backflip+1","floor":18},{"not_picked":["Slice","Quick Slash","Blade Dance"],"picked":"SKIP","floor":19},{"not_picked":["Sucker Punch","Prepared"],"picked":"Backflip","floor":21},{"not_picked":["Reflex","Infinite Blades"],"picked":"Riddle With Holes","floor":23},{"not_picked":["Night Terror","Dodge and Roll"],"picked":"Catalyst+1","floor":24},{"not_picked":["Slice","Concentrate"],"picked":"Bane","floor":25},{"not_picked":["Bouncing Flask","Dagger Spray"],"picked":"Backflip+1","floor":27},{"not_picked":["Underhanded Strike+1","PiercingWail"],"picked":"Well Laid Plans","floor":29},{"not_picked":["Wraith Form v2+1","Storm of Steel"],"picked":"After Image+1","floor":33},{"not_picked":["Prepared"],"picked":"SKIP","floor":35},{"not_picked":[],"picked":"Backstab","floor":38},{"not_picked":["Bane"],"picked":"SKIP","floor":39},{"not_picked":["Underhanded Strike+1"],"picked":"SKIP","floor":41},{"not_picked":[],"picked":"Escape Plan+1","floor":45},{"not_picked":["Grand Finale"],"picked":"SKIP","floor":47},{"not_picked":["Quick Slash+1"],"picked":"SKIP","floor":48},{"not_picked":[],"picked":"Deflect","floor":54}],"player_experience":5326748,"relics_obtained":[{"floor":6,"key":"Boot"},{"floor":8,"key":"The Specimen"},{"floor":9,"key":"Old Coin"},{"floor":10,"key":"Letter Opener"},{"floor":13,"key":"Mango"},{"floor":23,"key":"Vajra"},{"floor":26,"key":"Pen Nib"},{"floor":27,"key":"War Paint"},{"floor":29,"key":"Red Mask"},{"floor":36,"key":"Thread and Needle"},{"floor":41,"key":"Oddly Smooth Stone"},{"floor":45,"key":"Regal Pillow"},{"floor":48,"key":"Gambling Chip"},{"floor":54,"key":"Ice Cream"}],"event_choices":[{"damage_healed":0,"gold_gain":0,"player_choice":"Got Potions","damage_taken":0,"max_hp_gain":0,"max_hp_loss":0,"event_name":"Lab","floor":4,"gold_loss":0},{"cards_removed":["Distraction"],"damage_healed":0,"gold_gain":0,"player_choice":"Took Card","damage_taken":0,"max_hp_gain":0,"max_hp_loss":0,"event_name":"NoteForYourself","floor":22,"gold_loss":0,"cards_obtained":["Dash"]},{"damage_healed":0,"gold_gain":0,"player_choice":"Ignored","damage_taken":0,"max_hp_gain":0,"max_hp_loss":0,"event_name":"Vampires","floor":28,"gold_loss":0},{"damage_healed":0,"gold_gain":0,"player_choice":"Fought Bandits","damage_taken":0,"max_hp_gain":0,"max_hp_loss":0,"event_name":"Masked Bandits","floor":29,"gold_loss":0},{"damage_healed":0,"gold_gain":0,"player_choice":"Obtained Relic","damage_taken":0,"relics_obtained":["Frozen Egg 2"],"max_hp_gain":0,"max_hp_loss":0,"event_name":"Addict","floor":31,"gold_loss":85},{"damage_healed":0,"gold_gain":0,"player_choice":"Fight","damage_taken":0,"max_hp_gain":0,"max_hp_loss":0,"event_name":"Mysterious Sphere","floor":36,"gold_loss":0},{"damage_healed":0,"gold_gain":0,"player_choice":"Bought 1 Potion","damage_taken":0,"max_hp_gain":0,"max_hp_loss":0,"event_name":"The Woman in Blue","floor":37,"gold_loss":0}],"is_beta":true,"boss_relics":[{"not_picked":["Snecko Eye","Pandora\u0027s Box"],"picked":"Philosopher\u0027s Stone"},{"not_picked":["Lizard Tail","Fusion Hammer"],"picked":"Busted Crown"}],"items_purged_floors":[20,46],"is_endless":false,"potions_floor_spawned":[2,6,10,11,14,16,19,21,25,29,41,47,54],"ascension_level":1}