{"gold_per_floor":[17,17,17,30,30,30,48,78,78,93,118,174,174,203,203,203],"floor_reached":16,"playtime":738,"items_purged":[],"score":286,"play_id":"602745e2-7a91-4828-9dcb-ba3ecf6642e1","local_time":"20181226192136","is_ascension_mode":true,"campfire_choices":[{"data":"Whirlwind","floor":6,"key":"SMITH"},{"data":"Immolate","floor":13,"key":"SMITH"},{"data":"Strike_R","floor":15,"key":"PURGE"}],"neow_cost":"NO_GOLD","seed_source_timestamp":610571168203195,"circlet_count":0,"master_deck":["AscendersBane","Strike_R","Strike_R","Strike_R","Strike_R","Defend_R","Defend_R","Defend_R","Defend_R","Bash+1","Impervious","Whirlwind+1","Shrug It Off","Anger","Immolate+1","Spot Weakness","Headbutt"],"relics":["Burning Blood","FaceOfCleric","Paper Frog","Shuriken","Bag of Marbles","Peace Pipe","Art of War"],"potions_floor_usage":[8,12,14],"damage_taken":[{"damage":6,"enemies":"2 Louse","floor":1,"turns":4},{"damage":6,"enemies":"Cultist","floor":4,"turns":4},{"damage":7,"enemies":"Small Slimes","floor":7,"turns":3},{"damage":12,"enemies":"3 Sentries","floor":8,"turns":4},{"damage":0,"enemies":"Looter","floor":10,"turns":4},{"damage":22,"enemies":"Lagavulin","floor":11,"turns":6},{"damage":34,"enemies":"Lagavulin Event","floor":12,"turns":4},{"damage":0,"enemies":"Gremlin Nob","floor":14,"turns":2},{"damage":36,"enemies":"Hexaghost","floor":16,"turns":6}],"seed_played":"6713023481226556980","potions_obtained":[{"floor":1,"key":"Energy Potion"},{"floor":7,"key":"GamblersBrew"},{"floor":10,"key":"GamblersBrew"}],"is_trial":false,"path_per_floor":["M","?","$","M","?","R","M","E","T","M","E","?","R","E","R","B"],"character_chosen":"IRONCLAD","items_purchased":[],"campfire_rested":0,"item_purchase_floors":[],"current_hp_per_floor":[68,68,68,69,69,69,69,64,64,71,56,29,29,36,36,0],"gold":203,"neow_bonus":"THREE_RARE_CARDS","is_prod":false,"is_daily":false,"chose_seed":false,"campfire_upgraded":2,"win_rate":0,"timestamp":1545870096,"path_taken":["M","?","?","M","?","R","M","E","T","M","E","?","R","E","R","BOSS"],"build_version":"2018-12-25","purchased_purges":0,"victory":false,"max_hp_per_floor":[75,75,75,76,76,76,77,78,78,79,80,81,81,82,82,82],"card_choices":[{"not_picked":["Double Tap","Dark Embrace"],"picked":"Impervious","floor":0},{"not_picked":["Perfected Strike","Carnage"],"picked":"Whirlwind","floor":1},{"not_picked":["Metallicize","Twin Strike"],"picked":"Shrug It Off","floor":4},{"not_picked":["Shockwave","Clash"],"picked":"Anger","floor":7},{"not_picked":["Heavy Blade","Warcry"],"picked":"Immolate","floor":8},{"not_picked":["Twin Strike","Wild Strike","Warcry"],"picked":"SKIP","floor":10},{"not_picked":["Infernal Blade","Perfected Strike","Fire Breathing"],"picked":"SKIP","floor":11},{"not_picked":["Power Through","Blood for Blood"],"picked":"Spot Weakness","floor":12},{"not_picked":["Exhume","Warcry"],"picked":"Headbutt","floor":14}],"player_experience":1081504,"relics_obtained":[{"floor":8,"key":"Paper Frog"},{"floor":9,"key":"Shuriken"},{"floor":11,"key":"Bag of Marbles"},{"floor":12,"key":"Peace Pipe"},{"floor":14,"key":"Art of War"}],"event_choices":[{"damage_healed":0,"gold_gain":0,"player_choice":"Trade","damage_taken":0,"relics_obtained":["FaceOfCleric"],"max_hp_gain":0,"max_hp_loss":0,"event_name":"FaceTrader","floor":2,"gold_loss":0},{"damage_healed":0,"gold_gain":0,"player_choice":"Grow","damage_taken":0,"max_hp_gain":0,"max_hp_loss":0,"event_name":"Living Wall","floor":5,"gold_loss":0,"cards_upgraded":["Bash"]},{"damage_healed":0,"gold_gain":0,"player_choice":"Searched \u00271\u0027 times","damage_taken":0,"max_hp_gain":0,"max_hp_loss":0,"event_name":"Dead Adventurer","floor":12,"gold_loss":0}],"is_beta":true,"boss_relics":[],"items_purged_floors":[],"is_endless":false,"potions_floor_spawned":[1,7,10,11],"killed_by":"Hexaghost","ascension_level":20}