{"gold_per_floor":[117,132,151,151,76,76,96,96,148,148,148,167,143,158,158,158],"floor_reached":16,"playtime":597,"items_purged":["Strike_B"],"score":92,"play_id":"d13ad62d-197d-406a-b1ea-c7430440599c","local_time":"20190514080647","is_ascension_mode":false,"campfire_choices":[{"data":"Dualcast","floor":6,"key":"SMITH"},{"data":"Electrodynamics","floor":8,"key":"SMITH"},{"data":"Fusion","floor":11,"key":"SMITH"},{"data":"Glacier","floor":15,"key":"SMITH"}],"neow_cost":"TEN_PERCENT_HP_LOSS","seed_source_timestamp":155372401822658,"circlet_count":0,"master_deck":["Strike_B","Strike_B","Defend_B","Defend_B","Defend_B","Defend_B","Zap","Dualcast+1","Electrodynamics+1","Go for the Eyes","Leap","Reprogram","Glacier+1","Fusion+1","Stack","Cold Snap"],"relics":["Cracked Core","Golden Idol","Blood Vial"],"potions_floor_usage":[],"damage_taken":[{"damage":1,"enemies":"Jaw Worm","floor":1,"turns":3},{"damage":0,"enemies":"Small Slimes","floor":2,"turns":3},{"damage":0,"enemies":"2 Louse","floor":3,"turns":2},{"damage":8,"enemies":"Large Slime","floor":7,"turns":5},{"damage":1,"enemies":"Looter","floor":12,"turns":3},{"damage":7,"enemies":"Blue Slaver","floor":14,"turns":3},{"damage":57,"enemies":"Hexaghost","floor":16,"turns":16}],"seed_played":"-1314839960575292155","potions_obtained":[{"floor":1,"key":"Explosive Potion"},{"floor":2,"key":"Regen Potion"}],"is_trial":false,"path_per_floor":["M","M","M","?","$","R","M","R","T","?","R","M","?","M","R","B"],"character_chosen":"DEFECT","items_purchased":[],"campfire_rested":0,"item_purchase_floors":[],"current_hp_per_floor":[67,67,67,63,63,63,55,55,55,55,55,56,56,51,51,0],"gold":158,"neow_bonus":"THREE_RARE_CARDS","is_prod":false,"is_daily":false,"chose_seed":false,"campfire_upgraded":4,"win_rate":0,"timestamp":1557835607,"path_taken":["M","M","M","?","$","R","M","R","T","?","R","M","?","M","R","BOSS"],"build_version":"2019-01-23","purchased_purges":1,"victory":false,"max_hp_per_floor":[68,68,68,63,63,63,63,63,63,63,63,63,63,63,63,63],"card_choices":[{"not_picked":["Meteor Strike","Multi-Cast"],"picked":"Electrodynamics","floor":0},{"not_picked":["Undo","Steam Power"],"picked":"Go for the Eyes","floor":1},{"not_picked":["Melter","Conserve Battery"],"picked":"Leap","floor":2},{"not_picked":["Go for the Eyes","Rebound"],"picked":"Reprogram","floor":3},{"not_picked":["Go for the Eyes","Scrape"],"picked":"Glacier","floor":7},{"not_picked":["Conserve Battery","Skim"],"picked":"Stack","floor":12},{"not_picked":["Scrape","Hologram"],"picked":"Cold Snap","floor":14}],"player_experience":83546,"relics_obtained":[{"floor":9,"key":"Blood Vial"}],"event_choices":[{"damage_healed":0,"gold_gain":0,"player_choice":"Lose Max HP","damage_taken":0,"relics_obtained":["Golden Idol"],"max_hp_gain":0,"max_hp_loss":5,"event_name":"Golden Idol","floor":4,"gold_loss":0},{"damage_healed":0,"gold_gain":0,"cards_transformed":["Strike_B"],"player_choice":"Change","damage_taken":0,"max_hp_gain":0,"max_hp_loss":0,"event_name":"Living Wall","floor":10,"gold_loss":0,"cards_obtained":["Fusion"]},{"damage_healed":0,"gold_gain":0,"player_choice":"Left Gold","damage_taken":0,"max_hp_gain":0,"max_hp_loss":0,"event_name":"World of Goop","floor":13,"gold_loss":24}],"is_beta":false,"boss_relics":[],"items_purged_floors":[5],"is_endless":false,"potions_floor_spawned":[1,2],"killed_by":"Hexaghost","ascension_level":0}