{"gold_per_floor":[112,112,112,74,74,74,86,121,121,121,149,163,175,193,193,295,295,308,308,358,358,377,404,404,419,419,419,89,4,35,35,35,35],"floor_reached":33,"playtime":1584,"items_purged":[],"score":374,"play_id":"8b5bb3c8-0743-4854-8919-5a8da296ec68","local_time":"20180712125929","is_ascension_mode":true,"campfire_choices":[{"data":"Zap","floor":6,"key":"SMITH"},{"floor":10,"key":"REST"},{"data":"Dualcast","floor":15,"key":"SMITH"},{"floor":24,"key":"REST"},{"floor":27,"key":"REST"},{"data":"Apotheosis","floor":32,"key":"SMITH"}],"neow_cost":"NONE","seed_source_timestamp":1015499957145453,"circlet_count":0,"master_deck":["Defend_B+1","Defend_B","Defend_B","Zap+1","Dualcast+1","Go for the Eyes","Scrape","Auto Shields","Genetic Algorithm","Beam Cell","Reboot","Self Repair","Electrodynamics","Bite","Bite","Bite","Bite","Streamline","Redo+1","Apotheosis+1","Core Surge","Dramatic Entrance"],"relics":["Cracked Core","Kunai","Symbiotic Virus","Unceasing Top","Bottled Tornado","Bottled Lightning","Singing Bowl","Mercury Hourglass","Juzu Bracelet"],"potions_floor_usage":[16,23,25,33],"damage_taken":[{"damage":1,"enemies":"2 Louse","floor":1,"turns":2},{"damage":0,"enemies":"Small Slimes","floor":7,"turns":2},{"damage":24,"enemies":"Gremlin Nob","floor":8,"turns":4},{"damage":22,"enemies":"3 Sentries","floor":11,"turns":5},{"damage":0,"enemies":"Cultist","floor":12,"turns":3},{"damage":0,"enemies":"Large Slime","floor":13,"turns":4},{"damage":2,"enemies":"Red Slaver","floor":14,"turns":3},{"damage":13,"enemies":"The Guardian","floor":16,"turns":7},{"damage":19,"enemies":"2 Thieves","floor":18,"turns":3},{"damage":0,"enemies":"Spheric Guardian","floor":22,"turns":3},{"damage":74,"enemies":"Slavers","floor":23,"turns":6},{"damage":13,"enemies":"Snake Plant","floor":25,"turns":4},{"damage":25,"enemies":"Gremlin Leader","floor":30,"turns":5},{"damage":67,"enemies":"Automaton","floor":33,"turns":6}],"seed_played":"2109563267415883263","potions_obtained":[{"floor":8,"key":"SteroidPotion"},{"floor":12,"key":"Ancient Potion"},{"floor":13,"key":"FocusPotion"},{"floor":16,"key":"Regen Potion"},{"floor":23,"key":"GamblersBrew"},{"floor":30,"key":"Energy Potion"}],"is_trial":false,"path_per_floor":["M","?","?","$","?","R","M","E","T","R","E","M","M","M","R","B",null,"M","?","?","?","M","E","R","M","T","R","$","?","E","?","R"],"character_chosen":"DEFECT","items_purchased":["Scrape","Singing Bowl","Apotheosis"],"campfire_rested":3,"item_purchase_floors":[4,28,28],"current_hp_per_floor":[81,65,65,65,65,65,65,41,41,65,43,43,43,41,41,35,82,70,70,70,57,57,11,28,30,30,47,47,47,38,38,38,0],"gold":35,"neow_bonus":"TEN_PERCENT_HP_BONUS","is_prod":false,"is_daily":false,"chose_seed":false,"campfire_upgraded":3,"win_rate":0,"timestamp":1531411169,"path_taken":["M","?","?","?","?","R","?","E","T","R","E","M","M","?","R","BOSS","M","?","?","?","M","E","R","?","T","R","$","?","E","?","R","BOSS"],"build_version":"2018-07-05","purchased_purges":0,"victory":false,"max_hp_per_floor":[82,82,82,82,82,82,82,82,82,82,82,82,82,82,82,82,82,82,82,82,57,57,57,57,57,57,57,57,57,57,57,57,57],"card_choices":[{"not_picked":["Stack","Turbo"],"picked":"Go for the Eyes","floor":1},{"not_picked":["Sweeping Beam","Stack","Aggregate"],"picked":"SKIP","floor":7},{"not_picked":["Stack","Compile Driver"],"picked":"Genetic Algorithm","floor":8},{"not_picked":["Ball Lightning","Chaos"],"picked":"Beam Cell","floor":11},{"not_picked":["Storm","Steam","Doom and Gloom"],"picked":"SKIP","floor":12},{"not_picked":["Go for the Eyes","White Noise"],"picked":"Reboot","floor":13},{"not_picked":["Leap","Rebound"],"picked":"Self Repair","floor":14},{"not_picked":["Multi-Cast","Fission"],"picked":"Electrodynamics","floor":16},{"not_picked":["Hologram","Sweeping Beam+1","Cold Snap"],"picked":"SKIP","floor":18},{"not_picked":["Cold Snap","Darkness"],"picked":"Streamline","floor":22},{"not_picked":["Recycle+1","Blizzard"],"picked":"Redo+1","floor":23},{"not_picked":["Cold Snap","Conserve Battery","Melter+1"],"picked":"SKIP","floor":25},{"not_picked":["Compile Driver","Barrage"],"picked":"Core Surge","floor":30}],"player_experience":435218,"relics_obtained":[{"floor":8,"key":"Kunai"},{"floor":9,"key":"Symbiotic Virus"},{"floor":11,"key":"Unceasing Top"},{"floor":23,"key":"Bottled Tornado"},{"floor":26,"key":"Bottled Lightning"},{"floor":30,"key":"Juzu Bracelet"}],"event_choices":[{"event_name":"Shining Light","player_choice":"Entered Light","floor":2,"damage_taken":0},{"event_name":"Purifier","player_choice":"One Purge","floor":3,"damage_taken":0},{"event_name":"Transmorgrifier","player_choice":"Transform","floor":5,"damage_taken":0},{"event_name":"Drug Dealer","player_choice":"Ignored","floor":19,"damage_taken":0},{"event_name":"The Joust","player_choice":"Bet on Murderer","floor":20,"damage_taken":0},{"event_name":"Vampires","player_choice":"Became a vampire","floor":21,"damage_taken":0},{"event_name":"Addict","player_choice":"Obtained Relic","floor":29,"damage_taken":0},{"event_name":"Transmorgrifier","player_choice":"Transform","floor":31,"damage_taken":0}],"boss_relics":[{"not_picked":["Velvet Choker","Ectoplasm","Cursed Key"]}],"items_purged_floors":[],"is_endless":false,"potions_floor_spawned":[8,12,13,16,23,30],"killed_by":"Automaton","ascension_level":4}