{"gold_per_floor":[13,188,188,199,210,210,210,244,244,244,244,279,298,339,339,462,462,487,501,426,426,440,473,473,517,517,555,571,606,606,631,631,750,750,765,790,815,815,815,854,885,921,921,954,244,283,283,297,297,297,297,297,8,51,51],"floor_reached":55,"playtime":3435,"items_purged":["Strike_G"],"score":1138,"play_id":"73407e67-f106-4069-a79c-d9de278dea3d","local_time":"20190418151754","is_ascension_mode":true,"campfire_choices":[{"data":"Neutralize","floor":6,"key":"SMITH"},{"data":"Sucker Punch","floor":10,"key":"SMITH"},{"data":"Skewer","floor":15,"key":"SMITH"},{"floor":24,"key":"REST"},{"data":"Dash","floor":30,"key":"SMITH"},{"data":"Glass Knife","floor":32,"key":"SMITH"},{"floor":47,"key":"REST"},{"floor":49,"key":"RECALL"},{"data":"Malaise","floor":52,"key":"SMITH"}],"neow_cost":"NO_GOLD","seed_source_timestamp":3267813600271011,"circlet_count":0,"master_deck":["Defend_G","Defend_G","Defend_G","Defend_G","Defend_G","Strike_G","Strike_G","Strike_G","Survivor","Neutralize+1","Flying Knee","Doubt","Leg Sweep","Sucker Punch+1","Injury","Backstab","Backflip","Skewer+1","Dash+1","A Thousand Cuts+1","Terror+1","Flechettes+1","Predator","Glass Knife+1","Dagger Spray+1","Crippling Poison+1","After Image","Backflip","Cloak And Dagger+1","Malaise+1","Writhe","The Bomb","Riddle With Holes+1","Calculated Gamble+1","Blur+1","PiercingWail+1","Discovery+1","Predator","Outmaneuver+1","Footwork","Acrobatics+1"],"relics":["Ring of the Snake","Du-Vu Doll","Golden Idol","Mercury Hourglass","Mummified Hand","Happy Flower","Ancient Tea Set","Snecko Eye","Ice Cream","Smiling Mask","WingedGreaves","Snake Skull","Philosopher\u0027s Stone","Tingsha","Bottled Tornado","Bronze Scales","Ninja Scroll","Toxic Egg 2","Tough Bandages","Toy Ornithopter","Ginger","Shuriken","Incense Burner"],"potions_floor_usage":[16,22,33,33,42,50,54,55],"damage_taken":[{"damage":0,"enemies":"2 Louse","floor":1,"turns":4},{"damage":3,"enemies":"Cultist","floor":4,"turns":5},{"damage":0,"enemies":"Small Slimes","floor":5,"turns":3},{"damage":9,"enemies":"Lagavulin","floor":8,"turns":10},{"damage":2,"enemies":"3 Sentries","floor":12,"turns":6},{"damage":0,"enemies":"Gremlin Gang","floor":13,"turns":3},{"damage":3,"enemies":"Lagavulin","floor":14,"turns":6},{"damage":11,"enemies":"Hexaghost","floor":16,"turns":10},{"damage":0,"enemies":"Shell Parasite","floor":18,"turns":2},{"damage":0,"enemies":"Spheric Guardian","floor":19,"turns":2},{"damage":15,"enemies":"Snake Plant","floor":22,"turns":5},{"damage":14,"enemies":"Book of Stabbing","floor":23,"turns":5},{"damage":0,"enemies":"Slavers","floor":25,"turns":2},{"damage":2,"enemies":"Book of Stabbing","floor":27,"turns":4},{"damage":8,"enemies":"Centurion and Healer","floor":28,"turns":6},{"damage":0,"enemies":"Gremlin Leader","floor":29,"turns":5},{"damage":3,"enemies":"Snecko","floor":31,"turns":4},{"damage":30,"enemies":"Champ","floor":33,"turns":8},{"damage":0,"enemies":"3 Shapes","floor":35,"turns":1},{"damage":0,"enemies":"Orb Walker","floor":36,"turns":3},{"damage":0,"enemies":"Sphere and 2 Shapes","floor":37,"turns":3},{"damage":10,"enemies":"Nemesis","floor":40,"turns":5},{"damage":0,"enemies":"Reptomancer","floor":41,"turns":3},{"damage":13,"enemies":"Nemesis","floor":42,"turns":5},{"damage":0,"enemies":"Giant Head","floor":44,"turns":4},{"damage":0,"enemies":"Nemesis","floor":46,"turns":5},{"damage":0,"enemies":"Spire Growth","floor":48,"turns":3},{"damage":0,"enemies":"Time Eater","floor":50,"turns":13},{"damage":36,"enemies":"Shield and Spear","floor":54,"turns":4},{"damage":47,"enemies":"The Heart","floor":55,"turns":5}],"seed_played":"7034427956672952634","potions_obtained":[{"floor":1,"key":"Swift Potion"},{"floor":4,"key":"Weak Potion"},{"floor":11,"key":"Dexterity Potion"},{"floor":12,"key":"Regen Potion"},{"floor":22,"key":"Poison Potion"},{"floor":25,"key":"FearPotion"},{"floor":28,"key":"Energy Potion"},{"floor":37,"key":"Block Potion"},{"floor":41,"key":"GamblersBrew"},{"floor":42,"key":"Explosive Potion"}],"is_trial":false,"path_per_floor":["M","?","?","M","M","R","?","E","T","R","?","E","M","E","R","B",null,"M","M","?","?","M","E","R","E","T","E","M","E","R","M","R","B",null,"M","M","M","?","?","E","E","E","T","E","$","E","R","M","R","B",null,"R","$","E","B"],"character_chosen":"THE_SILENT","items_purchased":["Tough Bandages","Toy Ornithopter","PiercingWail+1","Discovery+1","PowerPotion","Shuriken","Footwork"],"campfire_rested":2,"item_purchase_floors":[45,45,45,45,45,53,53],"current_hp_per_floor":[70,70,70,67,67,67,67,58,58,58,58,56,56,53,53,42,70,70,70,70,70,55,41,62,62,62,60,52,52,52,49,49,34,70,70,70,70,70,60,50,50,37,37,37,37,37,58,58,58,63,70,70,70,34,0],"gold":51,"neow_bonus":"ONE_RARE_RELIC","is_prod":false,"is_daily":false,"chose_seed":false,"campfire_upgraded":6,"win_rate":0,"timestamp":1555615074,"path_taken":["M","?","?","M","?","R","?","E","T","R","?","E","M","E","R","BOSS","M","?","?","?","M","E","R","E","T","E","M","E","R","M","R","BOSS","M","?","M","?","?","E","E","E","T","E","$","E","R","M","R","BOSS","R","$","E","BOSS"],"build_version":"2019-04-04","purchased_purges":1,"victory":false,"max_hp_per_floor":[70,70,70,70,70,70,70,70,70,70,70,70,70,70,70,70,70,70,70,70,70,70,70,70,70,70,70,70,70,70,70,70,70,70,70,70,70,70,70,70,70,70,70,70,70,70,70,70,70,70,70,70,70,70,70],"card_choices":[{"not_picked":["Calculated Gamble","Escape Plan"],"picked":"Flying Knee","floor":1},{"not_picked":["Calculated Gamble","Cloak And Dagger"],"picked":"Leg Sweep","floor":4},{"not_picked":["Underhanded Strike","Cloak And Dagger"],"picked":"Sucker Punch","floor":5},{"not_picked":["Deflect","Quick Slash"],"picked":"Backstab","floor":8},{"not_picked":["PiercingWail","Underhanded Strike"],"picked":"Backflip","floor":12},{"not_picked":["Caltrops","Acrobatics"],"picked":"Skewer","floor":13},{"not_picked":["Dagger Throw","Malaise"],"picked":"Dash","floor":14},{"not_picked":["Wraith Form v2","Malaise"],"picked":"A Thousand Cuts","floor":16},{"not_picked":["Quick Slash+1","Prepared","Blade Dance"],"picked":"SKIP","floor":18},{"not_picked":["Skewer","Expertise"],"picked":"Terror+1","floor":19},{"not_picked":["Accuracy","Blur"],"picked":"Flechettes+1","floor":22},{"not_picked":["Distraction","Expertise"],"picked":"Predator","floor":23},{"not_picked":["Quick Slash","Slice+1","Blade Dance"],"picked":"SKIP","floor":25},{"not_picked":["Blur","Underhanded Strike"],"picked":"Glass Knife","floor":27},{"not_picked":["Prepared","Catalyst+1","Accuracy"],"picked":"SKIP","floor":28},{"not_picked":["Heel Hook+1","Reflex"],"picked":"Dagger Spray+1","floor":29},{"not_picked":["Noxious Fumes+1","Deadly Poison"],"picked":"Crippling Poison+1","floor":31},{"not_picked":["Envenom","Wraith Form v2"],"picked":"After Image","floor":33},{"not_picked":["Sucker Punch","Accuracy"],"picked":"Backflip","floor":35},{"not_picked":["Dagger Spray+1","Expertise+1"],"picked":"Cloak And Dagger+1","floor":36},{"not_picked":["Flying Knee","Quick Slash"],"picked":"Malaise","floor":37},{"not_picked":["Jack Of All Trades","Flash of Steel"],"picked":"The Bomb","floor":39},{"not_picked":["Dagger Spray","Dodge and Roll+1"],"picked":"Riddle With Holes+1","floor":40},{"not_picked":["Bouncing Flask+1","Sucker Punch+1"],"picked":"Calculated Gamble+1","floor":41},{"not_picked":["Distraction+1","Terror","Concentrate"],"picked":"SKIP","floor":42},{"not_picked":["Setup+1","Slice"],"picked":"Blur+1","floor":44},{"not_picked":["Endless Agony","Deadly Poison+1"],"picked":"Predator","floor":46},{"not_picked":["Flying Knee","Deflect+1"],"picked":"Outmaneuver+1","floor":48},{"not_picked":["Slice","Heel Hook+1"],"picked":"Acrobatics+1","floor":54}],"player_experience":5387545,"relics_obtained":[{"floor":8,"key":"Mercury Hourglass"},{"floor":9,"key":"Mummified Hand"},{"floor":12,"key":"Happy Flower"},{"floor":14,"key":"Ancient Tea Set"},{"floor":23,"key":"Ice Cream"},{"floor":25,"key":"Smiling Mask"},{"floor":27,"key":"WingedGreaves"},{"floor":29,"key":"Snake Skull"},{"floor":40,"key":"Tingsha"},{"floor":41,"key":"Bottled Tornado"},{"floor":42,"key":"Bronze Scales"},{"floor":43,"key":"Ninja Scroll"},{"floor":44,"key":"Toxic Egg 2"},{"floor":46,"key":"Ginger"},{"floor":54,"key":"Incense Burner"}],"event_choices":[{"damage_healed":0,"gold_gain":175,"player_choice":"AGREE","damage_taken":0,"max_hp_gain":0,"max_hp_loss":0,"event_name":"Liars Game","floor":2,"gold_loss":0,"cards_obtained":["Doubt"]},{"damage_healed":0,"gold_gain":0,"player_choice":"Bought 0 Potions","damage_taken":0,"max_hp_gain":0,"max_hp_loss":0,"event_name":"The Woman in Blue","floor":3,"gold_loss":0},{"damage_healed":0,"gold_gain":0,"player_choice":"Take Wound","damage_taken":0,"relics_obtained":["Golden Idol"],"max_hp_gain":0,"max_hp_loss":0,"event_name":"Golden Idol","floor":7,"gold_loss":0,"cards_obtained":["Injury"]},{"damage_healed":0,"gold_gain":0,"player_choice":"Got Potions","damage_taken":0,"max_hp_gain":0,"max_hp_loss":0,"event_name":"Lab","floor":11,"gold_loss":0},{"cards_removed":["Strike_G"],"damage_healed":0,"gold_gain":0,"player_choice":"Gave Gold","damage_taken":0,"max_hp_gain":0,"max_hp_loss":0,"event_name":"Beggar","floor":20,"gold_loss":75},{"damage_healed":0,"gold_gain":0,"player_choice":"Upgraded","damage_taken":0,"max_hp_gain":0,"max_hp_loss":0,"event_name":"Upgrade Shrine","floor":21,"gold_loss":0,"cards_upgraded":["A Thousand Cuts"]},{"damage_healed":18,"gold_gain":0,"player_choice":"Writhe","damage_taken":0,"max_hp_gain":0,"max_hp_loss":0,"event_name":"Winding Halls","floor":38,"gold_loss":0,"cards_obtained":["Writhe"]},{"damage_healed":0,"gold_gain":0,"player_choice":"Memory 3","damage_taken":10,"max_hp_gain":0,"max_hp_loss":0,"event_name":"SensoryStone","floor":39,"gold_loss":0}],"is_beta":true,"boss_relics":[{"not_picked":["WristBlade","Coffee Dripper"],"picked":"Snecko Eye"},{"not_picked":["Tiny House","Ring of the Serpent"],"picked":"Philosopher\u0027s Stone"}],"items_purged_floors":[45],"is_endless":false,"potions_floor_spawned":[1,4,12,13,22,25,28,31,37,41,42,44],"killed_by":"The Heart","ascension_level":1}