{"gold_per_floor":[110,121,121,167,167,192,192,223,258,45,65,65,78,91,91,190,190,205,220,220],"floor_reached":20,"playtime":560,"items_purged":["Regret"],"score":316,"play_id":"8ddab795-ccbf-45c6-9191-52ec0b79672e","local_time":"20190203212628","is_ascension_mode":true,"campfire_choices":[{"data":"Spot Weakness","floor":7,"key":"SMITH"},{"data":"Disarm","floor":12,"key":"SMITH"},{"data":"Inflame","floor":15,"key":"SMITH"}],"neow_cost":"NONE","seed_source_timestamp":420123814352820,"circlet_count":0,"master_deck":["Strike_R","Strike_R","Strike_R","Strike_R","Strike_R","Defend_R","Defend_R","Defend_R","Defend_R","Bash","Armaments+1","Spot Weakness+1","Heavy Blade","Inflame+1","Disarm+1","Infernal Blade","Anger","Bludgeon","Regret","True Grit","Seeing Red"],"relics":["Burning Blood","NeowsBlessing","Art of War","Potion Belt","Boot","MawBank","Omamori","Anchor","Calling Bell","Bag of Preparation","Frozen Egg 2","StoneCalendar"],"potions_floor_usage":[8,14,16,20,20,20],"damage_taken":[{"damage":0,"enemies":"Small Slimes","floor":1,"turns":1},{"damage":0,"enemies":"Jaw Worm","floor":2,"turns":1},{"damage":0,"enemies":"Lagavulin","floor":6,"turns":1},{"damage":40,"enemies":"3 Sentries","floor":8,"turns":6},{"damage":1,"enemies":"2 Louse","floor":11,"turns":3},{"damage":0,"enemies":"Blue Slaver","floor":13,"turns":3},{"damage":17,"enemies":"Lots of Slimes","floor":14,"turns":5},{"damage":8,"enemies":"The Guardian","floor":16,"turns":5},{"damage":32,"enemies":"Shell Parasite","floor":18,"turns":5},{"damage":32,"enemies":"Spheric Guardian","floor":19,"turns":5},{"damage":27,"enemies":"Colosseum Slavers","floor":20,"turns":4},{"damage":18,"enemies":"Colosseum Nobs","floor":20,"turns":2}],"seed_played":"6762978999586074268","potions_obtained":[{"floor":1,"key":"Energy Potion"},{"floor":6,"key":"Energy Potion"},{"floor":8,"key":"Strength Potion"},{"floor":13,"key":"Dexterity Potion"},{"floor":18,"key":"Weak Potion"},{"floor":19,"key":"Regen Potion"}],"is_trial":false,"path_per_floor":["M","M","?","T","?","E","R","E","T","$","M","R","M","M","R","B",null,"M","M","?"],"character_chosen":"IRONCLAD","items_purchased":["Anchor"],"campfire_rested":0,"item_purchase_floors":[10],"current_hp_per_floor":[78,80,80,80,80,80,80,46,46,46,51,51,57,46,46,44,71,45,19,0],"gold":220,"neow_bonus":"THREE_ENEMY_KILL","is_prod":false,"is_daily":false,"chose_seed":false,"campfire_upgraded":3,"win_rate":0,"timestamp":1549239988,"path_taken":["M","M","?","?","?","E","R","E","T","?","M","R","M","M","R","BOSS","M","?","?"],"build_version":"2019-01-23","purchased_purges":1,"victory":false,"max_hp_per_floor":[80,80,80,80,80,80,80,80,80,80,80,80,80,80,80,80,80,80,80,80],"card_choices":[{"not_picked":["Inflame","Thunderclap"],"picked":"Armaments","floor":1},{"not_picked":["Perfected Strike","Clash"],"picked":"Spot Weakness","floor":2},{"not_picked":["Dark Embrace","Sword Boomerang"],"picked":"Heavy Blade","floor":6},{"not_picked":["True Grit","Blood for Blood"],"picked":"Inflame","floor":8},{"not_picked":["Blood for Blood","Clothesline"],"picked":"Disarm","floor":11},{"not_picked":["Perfected Strike","Rupture"],"picked":"Infernal Blade","floor":13},{"not_picked":["Heavy Blade","Hemokinesis"],"picked":"Anger","floor":14},{"not_picked":["Dark Embrace","Brutality"],"picked":"Bludgeon","floor":16},{"not_picked":["Twin Strike","Flex"],"picked":"True Grit","floor":18},{"not_picked":["Clash","Twin Strike"],"picked":"Seeing Red","floor":19}],"player_experience":710682,"relics_obtained":[{"floor":4,"key":"Art of War"},{"floor":6,"key":"Boot"},{"floor":8,"key":"MawBank"},{"floor":9,"key":"Omamori"},{"floor":17,"key":"Bag of Preparation"},{"floor":17,"key":"Frozen Egg 2"},{"floor":17,"key":"StoneCalendar"}],"event_choices":[{"damage_healed":0,"gold_gain":0,"player_choice":"Grow","damage_taken":0,"max_hp_gain":0,"max_hp_loss":0,"event_name":"Living Wall","floor":3,"gold_loss":0,"cards_upgraded":["Armaments"]},{"damage_healed":0,"gold_gain":0,"player_choice":"Box","damage_taken":0,"relics_obtained":["Potion Belt"],"max_hp_gain":0,"max_hp_loss":0,"event_name":"Big Fish","floor":5,"gold_loss":0,"cards_obtained":["Regret"]},{"damage_healed":0,"gold_gain":0,"player_choice":"Fight","damage_taken":0,"max_hp_gain":0,"max_hp_loss":0,"event_name":"Colosseum","floor":20,"gold_loss":0},{"damage_healed":0,"gold_gain":0,"player_choice":"Fought Nobs","damage_taken":0,"max_hp_gain":0,"max_hp_loss":0,"event_name":"Colosseum","floor":20,"gold_loss":0}],"is_beta":false,"boss_relics":[{"not_picked":["Sozu","Snecko Eye"],"picked":"Calling Bell"}],"items_purged_floors":[10],"is_endless":false,"potions_floor_spawned":[1,6,8,13,18,19],"killed_by":"Colosseum Nobs","ascension_level":7}