{"gold_per_floor":[109,28,28,28,41,41,58,58,58,4,20,20],"floor_reached":12,"playtime":381,"items_purged":[],"score":136,"play_id":"cb136368-0fa3-4941-b4e5-df5c578f06ef","local_time":"20190504104152","is_ascension_mode":true,"campfire_choices":[{"data":"Poisoned Stab","floor":6,"key":"SMITH"},{"data":"Noxious Fumes","floor":8,"key":"SMITH"}],"neow_cost":"NONE","seed_source_timestamp":517185748018853,"circlet_count":0,"master_deck":["AscendersBane","Defend_G","Defend_G+1","Defend_G","Defend_G","Defend_G","Strike_G","Strike_G","Strike_G","Strike_G","Strike_G","Survivor","Neutralize","Deep Breath+1","Well Laid Plans","Poisoned Stab+1","Deflect","PiercingWail","Noxious Fumes+1","PiercingWail"],"relics":["Ring of the Snake","War Paint","GremlinMask","Omamori"],"potions_floor_usage":[12,12],"damage_taken":[{"damage":15,"enemies":"Jaw Worm","floor":1,"turns":8},{"damage":0,"enemies":"Cultist","floor":5,"turns":4},{"damage":0,"enemies":"2 Louse","floor":7,"turns":4},{"damage":0,"enemies":"Blue Slaver","floor":11,"turns":4},{"damage":60,"enemies":"Gremlin Nob","floor":12,"turns":4}],"seed_played":"5854001720236118974","potions_obtained":[{"floor":1,"key":"Fruit Juice"}],"is_trial":false,"path_per_floor":["M","$","?","?","M","R","M","R","T","$","M","E"],"character_chosen":"THE_SILENT","items_purchased":["Poisoned Stab","Deflect","Fire Potion"],"campfire_rested":0,"item_purchase_floors":[2,2,10],"current_hp_per_floor":[44,44,39,39,39,39,39,39,39,39,39,0],"gold":20,"neow_bonus":"RANDOM_COLORLESS","is_prod":false,"is_daily":false,"chose_seed":false,"campfire_upgraded":2,"win_rate":0,"timestamp":1556962912,"path_taken":["M","$","?","?","M","R","M","R","T","$","?","E"],"build_version":"2019-04-23","purchased_purges":0,"victory":false,"max_hp_per_floor":[66,66,66,66,66,66,66,66,66,66,66,71],"card_choices":[{"not_picked":["Dagger Throw","Terror"],"picked":"Well Laid Plans","floor":1},{"not_picked":["Finisher","Prepared"],"picked":"PiercingWail","floor":5},{"not_picked":["Deflect","Acrobatics"],"picked":"Noxious Fumes","floor":7},{"not_picked":["Sucker Punch","Dodge and Roll"],"picked":"PiercingWail","floor":11}],"player_experience":1293646,"relics_obtained":[{"floor":9,"key":"Omamori"}],"event_choices":[{"damage_healed":0,"gold_gain":0,"player_choice":"Success","damage_taken":5,"relics_obtained":["War Paint"],"max_hp_gain":0,"max_hp_loss":0,"event_name":"Scrap Ooze","floor":3,"gold_loss":0},{"damage_healed":0,"gold_gain":0,"player_choice":"Trade","damage_taken":0,"relics_obtained":["GremlinMask"],"max_hp_gain":0,"max_hp_loss":0,"event_name":"FaceTrader","floor":4,"gold_loss":0}],"is_beta":true,"boss_relics":[],"items_purged_floors":[],"is_endless":false,"potions_floor_spawned":[1],"killed_by":"Gremlin Nob","ascension_level":20}