{"gold_per_floor":[117,134,134,146,158,190,190,17,97,97,22,55,74,74,74,151,201,217,233,48,60,60],"floor_reached":22,"playtime":986,"items_purged":["Strike_B"],"score":363,"play_id":"56424ff5-79b0-468e-b9a2-ac89e6a953ed","local_time":"20190208175558","is_ascension_mode":true,"campfire_choices":[{"data":"Zap","floor":7,"key":"SMITH"},{"data":"Dualcast","floor":10,"key":"SMITH"},{"data":"Reinforced Body","floor":15,"key":"SMITH"}],"neow_cost":"NONE","seed_source_timestamp":206982212157900,"circlet_count":0,"master_deck":["AscendersBane","Strike_B","Strike_B","Strike_B","Defend_B","Defend_B","Defend_B+1","Defend_B","Zap+1","Dualcast+1","Sweeping Beam","Cold Snap","Reinforced Body+1","White Noise","Capacitor","Decay","Buffer","Hologram","Cold Snap","FTL","Steam","Core Surge"],"relics":["Cracked Core","Peace Pipe","DataDisk","Mercury Hourglass","Bag of Marbles","Tiny House"],"potions_floor_usage":[6,12,16,22],"damage_taken":[{"damage":2,"enemies":"Jaw Worm","floor":1,"turns":4},{"damage":1,"enemies":"2 Louse","floor":2,"turns":2},{"damage":0,"enemies":"Cultist","floor":4,"turns":3},{"damage":7,"enemies":"Blue Slaver","floor":5,"turns":4},{"damage":23,"enemies":"3 Sentries","floor":6,"turns":9},{"damage":13,"enemies":"Gremlin Nob","floor":12,"turns":4},{"damage":0,"enemies":"3 Louse","floor":13,"turns":2},{"damage":28,"enemies":"Slime Boss","floor":16,"turns":8},{"damage":35,"enemies":"Shell Parasite","floor":18,"turns":8},{"damage":18,"enemies":"3 Byrds","floor":19,"turns":5},{"damage":11,"enemies":"Centurion and Healer","floor":21,"turns":8},{"damage":14,"enemies":"Snake Plant","floor":22,"turns":1}],"seed_played":"-2045848054265693934","potions_obtained":[{"floor":2,"key":"Ancient Potion"},{"floor":4,"key":"Regen Potion"},{"floor":6,"key":"Weak Potion"},{"floor":12,"key":"SkillPotion"},{"floor":17,"key":"SpeedPotion"},{"floor":18,"key":"Dexterity Potion"},{"floor":21,"key":"Regen Potion"}],"is_trial":false,"path_per_floor":["M","M","?","M","M","E","R","$","T","R","$","E","M","?","R","B",null,"M","M","$","M","M"],"character_chosen":"DEFECT","items_purchased":["DataDisk","Capacitor","FTL","Steam"],"campfire_rested":0,"item_purchase_floors":[8,11,20,20],"current_hp_per_floor":[69,68,73,73,66,58,58,58,58,58,58,45,45,45,45,17,72,37,19,19,8,0],"gold":60,"neow_bonus":"TEN_PERCENT_HP_BONUS","is_prod":false,"is_daily":false,"chose_seed":false,"campfire_upgraded":3,"win_rate":0,"timestamp":1549644958,"path_taken":["M","M","?","M","M","E","R","$","T","R","$","E","M","?","R","BOSS","M","?","$","M","M"],"build_version":"2019-01-23","purchased_purges":1,"victory":false,"max_hp_per_floor":[78,78,83,83,83,83,83,83,83,83,83,83,83,83,83,83,88,88,88,88,88,88],"card_choices":[{"not_picked":["Barrage","Fusion"],"picked":"Sweeping Beam","floor":1},{"not_picked":["Static Discharge","Coolheaded"],"picked":"Cold Snap","floor":2},{"not_picked":["Turbo","Leap"],"picked":"Reinforced Body","floor":4},{"not_picked":["Beam Cell","Hologram"],"picked":"White Noise","floor":5},{"not_picked":["Streamline","Barrage","Reboot"],"picked":"SKIP","floor":6},{"not_picked":["Fusion","Gash","Creative AI"],"picked":"SKIP","floor":12},{"not_picked":["Rebound","Barrage","Redo"],"picked":"SKIP","floor":13},{"not_picked":["Reboot","Fission"],"picked":"Buffer","floor":16},{"not_picked":["Force Field","Reprogram"],"picked":"Hologram","floor":17},{"not_picked":["Compile Driver","Reinforced Body","Stack"],"picked":"SKIP","floor":18},{"not_picked":["Redo","Beam Cell+1"],"picked":"Cold Snap","floor":19},{"not_picked":["Compile Driver","Leap+1"],"picked":"Core Surge","floor":21}],"player_experience":478761,"relics_obtained":[{"floor":6,"key":"Peace Pipe"},{"floor":9,"key":"Mercury Hourglass"},{"floor":12,"key":"Bag of Marbles"}],"event_choices":[{"damage_healed":0,"gold_gain":0,"player_choice":"Donut","damage_taken":0,"max_hp_gain":5,"max_hp_loss":0,"event_name":"Big Fish","floor":3,"gold_loss":0},{"damage_healed":0,"gold_gain":0,"player_choice":"Cursed","damage_taken":0,"max_hp_gain":0,"max_hp_loss":0,"event_name":"Wheel of Change","floor":14,"gold_loss":0,"cards_obtained":["Decay"]}],"is_beta":false,"boss_relics":[{"not_picked":["Lizard Tail","Busted Crown"],"picked":"Tiny House"}],"items_purged_floors":[20],"is_endless":false,"potions_floor_spawned":[2,4,6,12,18,21],"killed_by":"Snake Plant","ascension_level":17}