{"gold_per_floor":[114,114,36,46,57,82,92,92,149,172,44,9,43,43,43,148,148,168,168,182,281,61,61,75,92,92,92,92,192,202,202],"floor_reached":31,"playtime":725,"items_purged":["Regret"],"score":389,"play_id":"822a856c-99ae-48aa-a22f-b58ae3f04e4a","local_time":"20190320012303","is_ascension_mode":true,"campfire_choices":[{"data":"Fusion","floor":15,"key":"SMITH"},{"floor":23,"key":"REST"},{"floor":27,"key":"REST"}],"neow_cost":"NONE","seed_source_timestamp":604235583899589,"circlet_count":0,"master_deck":["AscendersBane","Strike_B","Strike_B","Strike_B","Strike_B","Defend_B","Defend_B","Defend_B","Defend_B","Zap+1","Dualcast","Ball Lightning","Sunder","Fusion+1","Doom and Gloom","Go for the Eyes","Hologram","Loop","Echo Form","Conserve Battery+1","Coolheaded","Coolheaded","Echo Form","Self Repair"],"relics":["Cracked Core","NeowsBlessing","Orichalcum","Ancient Tea Set","Tiny Chest","Bag of Marbles","Blood Vial","Ornamental Fan","Cursed Key","Membership Card","Symbiotic Virus"],"potions_floor_usage":[6,6,24,25,30],"damage_taken":[{"damage":0,"enemies":"2 Louse","floor":1,"turns":1},{"damage":0,"enemies":"Cultist","floor":4,"turns":1},{"damage":0,"enemies":"Small Slimes","floor":5,"turns":1},{"damage":25,"enemies":"3 Sentries","floor":6,"turns":7},{"damage":0,"enemies":"Exordium Wildlife","floor":7,"turns":2},{"damage":10,"enemies":"Gremlin Nob","floor":13,"turns":3},{"damage":17,"enemies":"Slime Boss","floor":16,"turns":8},{"damage":22,"enemies":"2 Thieves","floor":18,"turns":3},{"damage":19,"enemies":"Chosen","floor":20,"turns":5},{"damage":0,"enemies":"Snecko","floor":24,"turns":4},{"damage":26,"enemies":"Snake Plant","floor":25,"turns":6},{"damage":21,"enemies":"Centurion and Healer","floor":30,"turns":4},{"damage":31,"enemies":"Shelled Parasite and Fungi","floor":31,"turns":4}],"seed_played":"970897736385273783","potions_obtained":[{"floor":1,"key":"Regen Potion"},{"floor":4,"key":"Dexterity Potion"},{"floor":13,"key":"SpeedPotion"},{"floor":20,"key":"SkillPotion"},{"floor":25,"key":"SneckoOil"}],"is_trial":false,"path_per_floor":["M","?","$","M","M","E","M","?","T","T","$","?","E","T","R","B",null,"M","?","M","?","$","R","M","M","T","R","?","?","M","M"],"character_chosen":"DEFECT","items_purchased":["Sunder","Hologram","Membership Card","Coolheaded"],"campfire_rested":2,"item_purchase_floors":[3,11,22,22],"current_hp_per_floor":[68,68,68,68,68,55,55,55,55,55,55,73,63,63,63,48,68,48,34,17,17,17,41,43,19,19,43,43,43,24,0],"gold":202,"neow_bonus":"THREE_ENEMY_KILL","is_prod":false,"is_daily":false,"chose_seed":false,"campfire_upgraded":1,"win_rate":0,"timestamp":1553055783,"path_taken":["M","?","$","?","M","E","M","?","T","?","$","?","E","?","R","BOSS","M","?","M","?","$","R","M","M","T","R","?","?","M","M"],"build_version":"2019-01-23","purchased_purges":1,"victory":false,"max_hp_per_floor":[75,75,75,75,75,75,75,75,75,75,75,75,75,75,75,75,75,75,80,80,80,80,80,80,80,80,80,80,80,80,80],"card_choices":[{"not_picked":["Blizzard","Steam Power"],"picked":"Ball Lightning","floor":1},{"not_picked":["Turbo","Rebound"],"picked":"Fusion","floor":4},{"not_picked":["Loop","Streamline"],"picked":"Doom and Gloom","floor":5},{"not_picked":["Fusion","BootSequence","Redo"],"picked":"SKIP","floor":6},{"not_picked":["Compile Driver","Multi-Cast"],"picked":"Go for the Eyes","floor":7},{"not_picked":["Tempest","FTL"],"picked":"Loop","floor":13},{"not_picked":["Rainbow","Biased Cognition"],"picked":"Echo Form","floor":16},{"not_picked":["Beam Cell+1","Doom and Gloom"],"picked":"Conserve Battery+1","floor":18},{"not_picked":["Hologram","Gash+1"],"picked":"Coolheaded","floor":20},{"not_picked":["Ball Lightning","Beam Cell+1","Barrage"],"picked":"SKIP","floor":24},{"not_picked":["Rebound+1","Fusion+1"],"picked":"Echo Form","floor":25},{"not_picked":["Leap+1","Turbo+1"],"picked":"Self Repair","floor":30}],"player_experience":976707,"relics_obtained":[{"floor":6,"key":"Orichalcum"},{"floor":9,"key":"Tiny Chest"},{"floor":10,"key":"Bag of Marbles"},{"floor":13,"key":"Blood Vial"},{"floor":14,"key":"Ornamental Fan"},{"floor":26,"key":"Symbiotic Virus"}],"event_choices":[{"damage_healed":0,"gold_gain":0,"player_choice":"Upgraded","damage_taken":0,"max_hp_gain":0,"max_hp_loss":0,"event_name":"Upgrade Shrine","floor":2,"gold_loss":0,"cards_upgraded":["Zap"]},{"damage_healed":0,"gold_gain":0,"player_choice":"Box","damage_taken":0,"relics_obtained":["Ancient Tea Set"],"max_hp_gain":0,"max_hp_loss":0,"event_name":"Big Fish","floor":8,"gold_loss":0,"cards_obtained":["Regret"]},{"damage_healed":18,"gold_gain":0,"player_choice":"Healed","damage_taken":0,"max_hp_gain":0,"max_hp_loss":0,"event_name":"The Cleric","floor":12,"gold_loss":35},{"damage_healed":0,"gold_gain":0,"player_choice":"Shed Blood","damage_taken":19,"max_hp_gain":5,"max_hp_loss":0,"event_name":"Forgotten Altar","floor":19,"gold_loss":0},{"damage_healed":0,"gold_gain":99,"player_choice":"Stole From Cult","damage_taken":0,"max_hp_gain":0,"max_hp_loss":0,"event_name":"Nest","floor":21,"gold_loss":0},{"cards_removed":["Normality"],"damage_healed":0,"gold_gain":0,"player_choice":"Elegance","damage_taken":0,"max_hp_gain":0,"max_hp_loss":0,"event_name":"Back to Basics","floor":28,"gold_loss":0},{"damage_healed":0,"gold_gain":100,"player_choice":"Pray","damage_taken":0,"max_hp_gain":0,"max_hp_loss":0,"event_name":"Golden Shrine","floor":29,"gold_loss":0}],"is_beta":false,"boss_relics":[{"not_picked":["Orrery","White Beast Statue"],"picked":"Cursed Key"}],"items_purged_floors":[11],"is_endless":false,"potions_floor_spawned":[1,4,13,20,25],"killed_by":"Shelled Parasite and Fungi","ascension_level":12}