{"gold_per_floor":[117,117,133,4,16,51,51,78,101,166,166,196,196,221,233,346,358,384,68,68,18,198,223,223,240,240,240,254,267,267,302,302,404,404,423,441,156,156,168,194,207,234,234,260,274,291,291,306,306,306,306,306,110,140,140],"floor_reached":56,"playtime":4577,"items_purged":["Defend_B","Strike_B","Strike_B","Decay"],"score":1642,"play_id":"e03c6c5f-0f95-4406-baa1-757624e76d21","local_time":"20190404025400","is_ascension_mode":true,"campfire_choices":[{"data":"Loop","floor":11,"key":"SMITH"},{"data":"Coolheaded","floor":15,"key":"SMITH"},{"floor":24,"key":"REST"},{"data":"Mayhem","floor":27,"key":"SMITH"},{"data":"Capacitor","floor":32,"key":"SMITH"},{"floor":47,"key":"REST"},{"floor":49,"key":"RECALL"},{"data":"Loop","floor":52,"key":"SMITH"}],"neow_cost":"NONE","seed_source_timestamp":2012415489051405,"circlet_count":0,"master_deck":["Strike_B+1","Defend_B","Defend_B","Defend_B","Zap+1","Dualcast","Compile Driver+1","Darkness+1","Loop+1","Steam","Cold Snap","Glacier","Coolheaded+1","Buffer","Leap","Hologram","Mayhem+1","Coolheaded+1","Capacitor+1","Genetic Algorithm+1","Go for the Eyes+1","Buffer","Defragment+1","Turbo+1","Rainbow","Creative AI","Redo","Go for the Eyes+1","Glacier+1","Redo","Loop+1","Parasite","Hologram+1","Coolheaded+1","Conserve Battery+1","Sweeping Beam+1","Heatsinks","BootSequence","Stack","Defragment+1","Hello World+1","Seek"],"relics":["Cracked Core","CultistMask","Prayer Wheel","Pantograph","Smiling Mask","Tiny Chest","War Paint","MawBank","Nuclear Battery","Letter Opener","Incense Burner","Gremlin Horn","Whetstone","Cursed Key","ClockworkSouvenir","Ancient Tea Set","Centennial Puzzle","Oddly Smooth Stone","Art of War","Ginger","Bottled Flame"],"potions_floor_usage":[6,16,31,33,36,42,55,55,55],"damage_taken":[{"damage":1,"enemies":"Jaw Worm","floor":1,"turns":3},{"damage":0,"enemies":"Cultist","floor":3,"turns":3},{"damage":5,"enemies":"Small Slimes","floor":5,"turns":4},{"damage":28,"enemies":"Gremlin Nob","floor":6,"turns":4},{"damage":6,"enemies":"3 Sentries","floor":8,"turns":10},{"damage":8,"enemies":"Lagavulin","floor":10,"turns":6},{"damage":19,"enemies":"Gremlin Nob","floor":14,"turns":4},{"damage":0,"enemies":"Slime Boss","floor":16,"turns":11},{"damage":0,"enemies":"Chosen","floor":18,"turns":5},{"damage":11,"enemies":"Book of Stabbing","floor":23,"turns":5},{"damage":0,"enemies":"Spheric Guardian","floor":25,"turns":3},{"damage":9,"enemies":"Snecko","floor":28,"turns":6},{"damage":0,"enemies":"Centurion and Healer","floor":29,"turns":6},{"damage":0,"enemies":"Gremlin Leader","floor":31,"turns":7},{"damage":0,"enemies":"Collector","floor":33,"turns":11},{"damage":0,"enemies":"Orb Walker","floor":35,"turns":5},{"damage":0,"enemies":"3 Darklings","floor":36,"turns":5},{"damage":0,"enemies":"Transient","floor":39,"turns":5},{"damage":18,"enemies":"Nemesis","floor":40,"turns":6},{"damage":0,"enemies":"Writhing Mass","floor":41,"turns":8},{"damage":34,"enemies":"Reptomancer","floor":42,"turns":5},{"damage":0,"enemies":"Giant Head","floor":44,"turns":10},{"damage":0,"enemies":"Jaw Worm Horde","floor":45,"turns":6},{"damage":1,"enemies":"Maw","floor":46,"turns":9},{"damage":4,"enemies":"Sphere and 2 Shapes","floor":48,"turns":7},{"damage":0,"enemies":"Time Eater","floor":50,"turns":14},{"damage":0,"enemies":"Shield and Spear","floor":54,"turns":9},{"damage":0,"enemies":"The Heart","floor":55,"turns":16}],"seed_played":"1302380384217394717","potions_obtained":[{"floor":6,"key":"Energy Potion"},{"floor":10,"key":"Explosive Potion"},{"floor":16,"key":"Fire Potion"},{"floor":33,"key":"Swift Potion"},{"floor":39,"key":"FearPotion"},{"floor":41,"key":"FocusPotion"},{"floor":44,"key":"PowerPotion"}],"is_trial":false,"path_per_floor":["M","?","M","$","M","E","T","E","T","E","R","?","?","E","R","B",null,"M","$","T","$","?","E","R","M","T","R","M","M","?","E","R","B",null,"M","M","$","T","M","E","M","E","T","E","M","M","R","M","R","B",null,"R","$","E","B",null],"character_chosen":"DEFECT","items_purchased":["Loop","Fire Potion","Hologram","Mayhem","Fire Potion","ClockworkSouvenir","Loop","FocusPotion","Seek"],"campfire_rested":2,"item_purchase_floors":[4,4,19,19,19,37,37,53,53],"current_hp_per_floor":[74,74,74,74,69,41,41,35,35,27,27,27,75,56,56,75,75,75,75,75,75,54,43,65,65,65,65,56,56,56,56,56,75,75,75,75,75,75,75,57,57,23,23,23,23,22,44,40,40,65,75,75,75,75,75],"gold":140,"neow_bonus":"REMOVE_CARD","is_prod":false,"is_daily":false,"chose_seed":false,"campfire_upgraded":5,"win_rate":0,"timestamp":1554360840,"path_taken":["M","?","M","?","M","E","?","E","T","E","R","?","?","E","R","BOSS","M","$","?","?","?","E","R","M","T","R","?","?","?","E","R","BOSS","M","M","$","?","M","E","?","E","T","E","M","M","R","M","R","BOSS","R","$","E","BOSS"],"build_version":"2019-03-15","purchased_purges":4,"victory":true,"max_hp_per_floor":[75,75,75,75,75,75,75,75,75,75,75,75,75,75,75,75,75,75,75,75,75,75,75,75,75,75,75,75,75,75,75,75,75,75,75,75,75,75,75,75,75,75,75,75,75,75,75,75,75,75,75,75,75,75,75],"card_choices":[{"not_picked":["Scrape","Turbo"],"picked":"Compile Driver","floor":1},{"not_picked":["Genetic Algorithm","Gash"],"picked":"Darkness","floor":3},{"not_picked":["Melter","Force Field"],"picked":"Steam","floor":5},{"not_picked":["Steam","Go for the Eyes"],"picked":"Chill","floor":6},{"not_picked":["Rebound","Meteor Strike"],"picked":"Cold Snap","floor":8},{"not_picked":["Self Repair","Reinforced Body"],"picked":"Glacier","floor":10},{"not_picked":["Blizzard","Double Energy"],"picked":"Coolheaded","floor":14},{"not_picked":["Seek","Amplify"],"picked":"Buffer","floor":16},{"not_picked":["Ball Lightning","Beam Cell"],"picked":"Leap","floor":18},{"not_picked":["Gash","Cold Snap","Rebound"],"picked":"SKIP","floor":18},{"not_picked":["Skim","Recycle"],"picked":"Coolheaded+1","floor":23},{"not_picked":["Ball Lightning","BootSequence"],"picked":"Capacitor","floor":25},{"not_picked":["Leap","Barrage"],"picked":"Genetic Algorithm+1","floor":25},{"not_picked":["Compile Driver","Steam Power"],"picked":"Go for the Eyes+1","floor":28},{"not_picked":["Cold Snap","Rip and Tear"],"picked":"Buffer","floor":28},{"not_picked":["Doom and Gloom","Barrage"],"picked":"Defragment+1","floor":29},{"not_picked":["Cold Snap","Sweeping Beam"],"picked":"Turbo+1","floor":29},{"not_picked":["Hologram","Beam Cell"],"picked":"Rainbow","floor":31},{"not_picked":["Hyperbeam","Thunder Strike"],"picked":"Creative AI","floor":33},{"not_picked":["Recycle+1","Go for the Eyes+1"],"picked":"Redo","floor":35},{"not_picked":["Beam Cell+1","Barrage+1"],"picked":"Go for the Eyes+1","floor":35},{"not_picked":["Stack","Go for the Eyes"],"picked":"Glacier+1","floor":36},{"not_picked":["Force Field","Stack+1"],"picked":"Redo","floor":36},{"not_picked":["Compile Driver+1","Hyperbeam"],"picked":"Hologram+1","floor":39},{"not_picked":["Go for the Eyes","Hologram","Streamline"],"picked":"SKIP","floor":39},{"not_picked":["Buffer","FTL"],"picked":"Coolheaded+1","floor":40},{"not_picked":["Streamline+1","Redo+1"],"picked":"Conserve Battery+1","floor":41},{"not_picked":["Streamline","Melter","Double Energy"],"picked":"SKIP","floor":41},{"not_picked":["Double Energy+1","Thunder Strike"],"picked":"Sweeping Beam+1","floor":42},{"not_picked":["Stack","Force Field"],"picked":"Heatsinks","floor":44},{"not_picked":["Gash+1","Heatsinks"],"picked":"BootSequence","floor":45},{"not_picked":["Reinforced Body","Cold Snap","Rebound+1"],"picked":"SKIP","floor":45},{"not_picked":["Go for the Eyes","BootSequence"],"picked":"Stack","floor":46},{"not_picked":["Gash","BootSequence+1"],"picked":"Defragment+1","floor":46},{"not_picked":["Ball Lightning","Rebound+1"],"picked":"Hello World+1","floor":48},{"not_picked":["Rebound+1","Steam+1","Redo"],"picked":"SKIP","floor":48},{"not_picked":["Genetic Algorithm","Auto Shields","Compile Driver"],"picked":"SKIP","floor":54}],"player_experience":5142184,"relics_obtained":[{"floor":6,"key":"Prayer Wheel"},{"floor":8,"key":"Pantograph"},{"floor":9,"key":"Smiling Mask"},{"floor":10,"key":"Tiny Chest"},{"floor":14,"key":"MawBank"},{"floor":20,"key":"Letter Opener"},{"floor":23,"key":"Incense Burner"},{"floor":26,"key":"Gremlin Horn"},{"floor":31,"key":"Whetstone"},{"floor":38,"key":"Ancient Tea Set"},{"floor":40,"key":"Centennial Puzzle"},{"floor":42,"key":"Oddly Smooth Stone"},{"floor":43,"key":"Art of War"},{"floor":44,"key":"Ginger"},{"floor":54,"key":"Bottled Flame"}],"event_choices":[{"damage_healed":0,"gold_gain":0,"player_choice":"Trade","damage_taken":0,"relics_obtained":["CultistMask"],"max_hp_gain":0,"max_hp_loss":0,"event_name":"FaceTrader","floor":2,"gold_loss":0},{"damage_healed":0,"gold_gain":30,"player_choice":"Searched \u00273\u0027 times","damage_taken":0,"relics_obtained":["War Paint"],"max_hp_gain":0,"max_hp_loss":0,"event_name":"Dead Adventurer","floor":12,"gold_loss":0},{"cards_removed":["Chill"],"damage_healed":48,"gold_gain":0,"player_choice":"Offered Uncommon","damage_taken":0,"max_hp_gain":0,"max_hp_loss":0,"event_name":"Bonfire Elementals","floor":13,"gold_loss":0},{"damage_healed":0,"gold_gain":180,"player_choice":"GOLD GOLD ","damage_taken":21,"max_hp_gain":0,"max_hp_loss":0,"event_name":"Knowing Skull","floor":22,"potions_obtained":[],"gold_loss":0,"cards_obtained":[]},{"damage_healed":0,"gold_gain":0,"player_choice":"Ignored","damage_taken":0,"max_hp_gain":0,"max_hp_loss":0,"event_name":"NoteForYourself","floor":30,"gold_loss":0}],"is_beta":true,"boss_relics":[{"not_picked":["Ectoplasm","Black Star"],"picked":"Nuclear Battery"},{"not_picked":["Busted Crown","Astrolabe"],"picked":"Cursed Key"}],"items_purged_floors":[19,21,37,53],"is_endless":false,"potions_floor_spawned":[6,10,16,29,33,39,41,44,48,54],"ascension_level":1}