{"gold_per_floor":[214,232,123,134,134,165,165,165,241,273,2,21,21,39,39,142,142,162,175,175,189,9,34,34,46,71,71,90,101,101],"floor_reached":30,"playtime":1081,"items_purged":["Defend_B","Strike_B","Strike_B"],"score":262,"play_id":"0f274604-3411-4b07-9091-ef780323e6fe","local_time":"20190326131253","is_ascension_mode":false,"campfire_choices":[{"data":"Defragment","floor":8,"key":"SMITH"},{"data":"Zap","floor":13,"key":"SMITH"},{"data":"Doom and Gloom","floor":15,"key":"SMITH"},{"data":"Biased Cognition","floor":24,"key":"SMITH"},{"data":"Capacitor","floor":27,"key":"SMITH"}],"neow_cost":"NONE","seed_source_timestamp":443017911301286,"circlet_count":0,"master_deck":["Strike_B","Strike_B","Defend_B","Defend_B","Defend_B","Zap+1","Dualcast","Glacier","Doom and Gloom+1","Defragment+1","Genetic Algorithm","Sweeping Beam","Compile Driver","Cold Snap","Ball Lightning","Biased Cognition+1","Heatsinks+1","Capacitor+1","Core Surge","Storm+1","Turbo","Echo Form","Go for the Eyes+1"],"relics":["FrozenCore","Art of War","Dodecahedron","Gremlin Horn","Membership Card","Omamori","Potion Belt"],"potions_floor_usage":[23,23,30],"damage_taken":[{"damage":0,"enemies":"2 Louse","floor":1,"turns":1},{"damage":0,"enemies":"Cultist","floor":2,"turns":3},{"damage":0,"enemies":"Jaw Worm","floor":4,"turns":4},{"damage":15,"enemies":"Gremlin Nob","floor":6,"turns":4},{"damage":12,"enemies":"3 Sentries","floor":10,"turns":6},{"damage":0,"enemies":"Looter","floor":12,"turns":3},{"damage":0,"enemies":"Blue Slaver","floor":14,"turns":3},{"damage":21,"enemies":"Slime Boss","floor":16,"turns":4},{"damage":0,"enemies":"Spheric Guardian","floor":18,"turns":3},{"damage":0,"enemies":"Shell Parasite","floor":19,"turns":5},{"damage":12,"enemies":"Snake Plant","floor":21,"turns":4},{"damage":15,"enemies":"Gremlin Leader","floor":23,"turns":5},{"damage":21,"enemies":"3 Cultists","floor":25,"turns":5},{"damage":12,"enemies":"Shelled Parasite and Fungi","floor":28,"turns":4},{"damage":3,"enemies":"Cultist and Chosen","floor":29,"turns":4},{"damage":20,"enemies":"Slavers","floor":30,"turns":1}],"seed_played":"6056393242050055862","potions_obtained":[{"floor":1,"key":"Regen Potion"},{"floor":7,"key":"Energy Potion"},{"floor":7,"key":"LiquidBronze"},{"floor":18,"key":"Strength Potion"}],"is_trial":false,"path_per_floor":["M","M","$","M","?","E","?","R","T","E","$","M","R","M","R","B",null,"M","M","?","M","$","E","R","M","T","R","M","M","E"],"character_chosen":"DEFECT","items_purchased":["Defragment","Membership Card","Cold Snap","Capacitor","Core Surge"],"campfire_rested":0,"item_purchase_floors":[3,11,11,22,22],"current_hp_per_floor":[75,75,75,75,75,60,60,60,60,48,48,48,48,48,48,27,75,75,75,75,63,63,48,48,27,27,27,15,12,0],"gold":101,"neow_bonus":"HUNDRED_GOLD","is_prod":false,"is_daily":false,"chose_seed":false,"campfire_upgraded":5,"win_rate":0,"timestamp":1553605973,"path_taken":["M","M","$","M","?","E","?","R","T","E","$","?","R","M","R","BOSS","M","M","?","M","$","E","R","M","T","R","M","?","E"],"build_version":"2019-03-15","purchased_purges":3,"victory":false,"max_hp_per_floor":[75,75,75,75,75,75,75,75,75,75,75,75,75,75,75,75,75,75,75,75,75,75,75,75,75,75,75,75,75,75],"card_choices":[{"not_picked":["Undo","Beam Cell"],"picked":"Glacier","floor":1},{"not_picked":["Beam Cell","Leap"],"picked":"Doom and Gloom","floor":2},{"not_picked":["Static Discharge","Hologram"],"picked":"Genetic Algorithm","floor":4},{"not_picked":["Steam","Coolheaded"],"picked":"Sweeping Beam","floor":6},{"not_picked":["Self Repair","Fusion"],"picked":"Compile Driver","floor":10},{"not_picked":["Stack","Fission"],"picked":"Ball Lightning","floor":12},{"not_picked":["Conserve Battery","Redo","Hello World"],"picked":"SKIP","floor":14},{"not_picked":["Amplify","Reboot"],"picked":"Biased Cognition","floor":16},{"not_picked":["Streamline","Conserve Battery","Reinforced Body"],"picked":"SKIP","floor":18},{"not_picked":["Darkness","Coolheaded"],"picked":"Heatsinks+1","floor":19},{"not_picked":["Go for the Eyes","Redo","Sweeping Beam"],"picked":"SKIP","floor":21},{"not_picked":["Go for the Eyes+1","Heatsinks"],"picked":"Storm+1","floor":23},{"not_picked":["Leap","Compile Driver"],"picked":"Turbo","floor":25},{"not_picked":["Chill","Hello World"],"picked":"Echo Form","floor":28},{"not_picked":["Coolheaded","Leap+1"],"picked":"Go for the Eyes+1","floor":29}],"player_experience":1152090,"relics_obtained":[{"floor":6,"key":"Art of War"},{"floor":9,"key":"Dodecahedron"},{"floor":10,"key":"Gremlin Horn"},{"floor":23,"key":"Omamori"},{"floor":26,"key":"Potion Belt"}],"event_choices":[{"damage_healed":0,"gold_gain":0,"player_choice":"Ignored","damage_taken":0,"max_hp_gain":0,"max_hp_loss":0,"event_name":"Liars Game","floor":5,"gold_loss":0},{"damage_healed":0,"gold_gain":0,"player_choice":"Got Potions","damage_taken":0,"max_hp_gain":0,"max_hp_loss":0,"event_name":"Lab","floor":7,"gold_loss":0},{"damage_healed":0,"gold_gain":0,"player_choice":"Bought 0 Potions","damage_taken":0,"max_hp_gain":0,"max_hp_loss":0,"event_name":"The Woman in Blue","floor":20,"gold_loss":0}],"is_beta":true,"boss_relics":[{"not_picked":["Orrery","Eternal Feather"],"picked":"FrozenCore"}],"items_purged_floors":[3,11,22],"is_endless":false,"potions_floor_spawned":[1,12,16,18,19],"killed_by":"Slavers","ascension_level":0}