{"gold_per_floor":[113,128,146,159,93,124,124,134,134,164,164,41,74,38,38,115,115,130,130,142,67,27,53,53,85,85,98,98,116,129,129,129,129],"floor_reached":33,"playtime":1219,"items_purged":["Strike_G"],"score":561,"play_id":"b2ea18db-8cc4-483c-9c56-21d55641358c","local_time":"20190424165615","is_ascension_mode":true,"campfire_choices":[{"data":"Glass Knife","floor":7,"key":"SMITH"},{"floor":11,"key":"REST"},{"floor":15,"key":"REST"},{"data":"Choke","floor":24,"key":"SMITH"},{"floor":28,"key":"REST"},{"data":"Envenom","floor":32,"key":"SMITH"}],"neow_cost":"NONE","seed_source_timestamp":1133732178568542,"circlet_count":0,"master_deck":["AscendersBane","Defend_G+1","Defend_G+1","Defend_G+1","Defend_G+1","Defend_G+1","Strike_G+1","Strike_G+1","Strike_G+1","Survivor","Neutralize","Deadly Poison","Backstab","Leg Sweep","Backstab","Glass Knife+1","Sucker Punch","Bouncing Flask","Poisoned Stab","Deadly Poison","Choke+1","Terror","Deadly Poison","Envenom+1","Noxious Fumes","Bane","Bane","Backflip+1","Backstab"],"relics":["Ring of the Snake","Pear","Ancient Tea Set","Dream Catcher","Ornamental Fan","Ninja Scroll","Busted Crown","Bottled Flame","Matryoshka","The Courier","Omamori"],"potions_floor_usage":[6,6,23,33],"damage_taken":[{"damage":13,"enemies":"Cultist","floor":1,"turns":6},{"damage":2,"enemies":"Small Slimes","floor":2,"turns":4},{"damage":0,"enemies":"Jaw Worm","floor":3,"turns":3},{"damage":26,"enemies":"Large Slime","floor":4,"turns":10},{"damage":10,"enemies":"3 Sentries","floor":6,"turns":10},{"damage":0,"enemies":"Exordium Wildlife","floor":8,"turns":2},{"damage":29,"enemies":"Lagavulin","floor":10,"turns":7},{"damage":13,"enemies":"Gremlin Nob","floor":13,"turns":3},{"damage":30,"enemies":"The Guardian","floor":16,"turns":9},{"damage":0,"enemies":"3 Byrds","floor":18,"turns":5},{"damage":0,"enemies":"Shell Parasite","floor":20,"turns":2},{"damage":19,"enemies":"Book of Stabbing","floor":23,"turns":4},{"damage":0,"enemies":"Slavers","floor":25,"turns":5},{"damage":21,"enemies":"Sentry and Sphere","floor":27,"turns":5},{"damage":0,"enemies":"3 Cultists","floor":29,"turns":4},{"damage":9,"enemies":"Centurion and Healer","floor":30,"turns":4},{"damage":50,"enemies":"Champ","floor":33,"turns":6}],"seed_played":"-8055047854314851435","potions_obtained":[{"floor":1,"key":"Energy Potion"},{"floor":3,"key":"Regen Potion"},{"floor":10,"key":"Ancient Potion"},{"floor":13,"key":"FearPotion"},{"floor":27,"key":"Energy Potion"}],"is_trial":false,"path_per_floor":["M","M","M","M","?","E","R","M","T","E","R","$","E","$","R","B",null,"M","?","M","?","$","E","R","E","T","M","R","M","M","?","R","B"],"character_chosen":"THE_SILENT","items_purchased":["Deadly Poison","Terror","Noxious Fumes"],"campfire_rested":3,"item_purchase_floors":[12,14,22],"current_hp_per_floor":[52,50,50,24,34,39,39,39,39,10,34,34,21,21,45,15,65,65,65,65,65,65,46,46,46,46,25,49,49,40,40,40,0],"gold":129,"neow_bonus":"TEN_PERCENT_HP_BONUS","is_prod":false,"is_daily":false,"chose_seed":false,"campfire_upgraded":3,"win_rate":0,"timestamp":1556135775,"path_taken":["M","M","?","M","?","E","R","M","T","E","R","?","E","$","R","BOSS","M","?","M","?","?","E","R","E","T","M","R","M","M","?","R","BOSS"],"build_version":"2019-01-23","purchased_purges":1,"victory":false,"max_hp_per_floor":[72,72,72,72,82,82,82,82,82,82,82,82,82,82,82,82,82,82,82,82,82,82,82,82,82,82,82,82,82,82,82,82,82],"card_choices":[{"not_picked":["Choke","Acrobatics"],"picked":"Deadly Poison","floor":1},{"not_picked":["Slice","Flying Knee"],"picked":"Backstab","floor":2},{"not_picked":["Cloak And Dagger","Grand Finale"],"picked":"Leg Sweep","floor":3},{"not_picked":["Slice","Prepared"],"picked":"Backstab","floor":4},{"not_picked":["Acrobatics","Flying Knee"],"picked":"Glass Knife","floor":6},{"not_picked":["Slice","Acrobatics"],"picked":"Sucker Punch","floor":8},{"not_picked":["Deflect","Quick Slash"],"picked":"Bouncing Flask","floor":10},{"not_picked":["Sucker Punch","Slice"],"picked":"Poisoned Stab","floor":11},{"not_picked":["Masterful Stab","Venomology"],"picked":"Choke","floor":13},{"not_picked":["Concentrate","Reflex"],"picked":"Deadly Poison","floor":15},{"not_picked":["Phantasmal Killer","A Thousand Cuts"],"picked":"Envenom","floor":16},{"not_picked":["Sucker Punch"],"picked":"SKIP","floor":18},{"not_picked":["Prepared"],"picked":"SKIP","floor":20},{"not_picked":[],"picked":"Bane","floor":23},{"not_picked":[],"picked":"Bane","floor":25},{"not_picked":["Slice"],"picked":"SKIP","floor":27},{"not_picked":[],"picked":"Backflip+1","floor":28},{"not_picked":["Blade Dance"],"picked":"SKIP","floor":29},{"not_picked":[],"picked":"Backstab","floor":30}],"player_experience":1187788,"relics_obtained":[{"floor":6,"key":"Ancient Tea Set"},{"floor":9,"key":"Dream Catcher"},{"floor":10,"key":"Ornamental Fan"},{"floor":13,"key":"Ninja Scroll"},{"floor":23,"key":"Bottled Flame"},{"floor":25,"key":"Matryoshka"},{"floor":26,"key":"The Courier"},{"floor":26,"key":"Omamori"}],"event_choices":[{"damage_healed":0,"gold_gain":0,"player_choice":"Paid Gold","damage_taken":0,"relics_obtained":["Pear"],"max_hp_gain":0,"max_hp_loss":0,"event_name":"WeMeetAgain","floor":5,"gold_loss":66},{"damage_healed":0,"gold_gain":0,"player_choice":"Simplicity","damage_taken":0,"max_hp_gain":0,"max_hp_loss":0,"event_name":"Back to Basics","floor":19,"gold_loss":0,"cards_upgraded":["Defend_G","Defend_G","Defend_G","Defend_G","Defend_G","Strike_G","Strike_G","Strike_G","Strike_G"]},{"cards_removed":["Strike_G"],"damage_healed":0,"gold_gain":0,"player_choice":"Gave Gold","damage_taken":0,"max_hp_gain":0,"max_hp_loss":0,"event_name":"Beggar","floor":21,"gold_loss":75},{"damage_healed":0,"gold_gain":0,"player_choice":"Ignored","damage_taken":0,"max_hp_gain":0,"max_hp_loss":0,"event_name":"Ghosts","floor":31,"gold_loss":0}],"is_beta":false,"boss_relics":[{"not_picked":["HoveringKite","Empty Cage"],"picked":"Busted Crown"}],"items_purged_floors":[12],"is_endless":false,"potions_floor_spawned":[1,3,10,13,27,30],"killed_by":"Champ","ascension_level":14}