{"gold_per_floor":[112,122,122,122,140,171,171,198,198,218,218,232,232,250,250,250],"floor_reached":16,"playtime":561,"items_purged":[],"score":162,"play_id":"ab2c6116-5ae1-4c05-a34f-5400d6838489","local_time":"20190311004456","is_ascension_mode":true,"campfire_choices":[{"floor":11,"key":"REST"},{"data":"Defragment","floor":13,"key":"SMITH"},{"data":"Creative AI","floor":15,"key":"SMITH"}],"neow_cost":"NONE","seed_source_timestamp":2113772076622042,"circlet_count":0,"master_deck":["Strike_B","Strike_B","Strike_B","Defend_B","Defend_B+1","Defend_B","Defend_B","Zap","Dualcast","Conserve Battery+1","FTL","Defragment","Beam Cell","Defragment+1","Self Repair","Creative AI+1"],"relics":["Cracked Core","DataDisk","War Paint","Matryoshka","Orichalcum","Singing Bowl","Ancient Tea Set"],"potions_floor_usage":[8,8,16],"damage_taken":[{"damage":2,"enemies":"2 Louse","floor":1,"turns":2},{"damage":0,"enemies":"Small Slimes","floor":2,"turns":3},{"damage":0,"enemies":"Cultist","floor":5,"turns":3},{"damage":12,"enemies":"3 Sentries","floor":6,"turns":7},{"damage":5,"enemies":"Lagavulin","floor":8,"turns":5},{"damage":5,"enemies":"Looter","floor":10,"turns":3},{"damage":19,"enemies":"3 Louse","floor":12,"turns":3},{"damage":15,"enemies":"Lots of Slimes","floor":14,"turns":4},{"damage":33,"enemies":"Hexaghost","floor":16,"turns":9}],"seed_played":"5058445187732810449","potions_obtained":[{"floor":1,"key":"Block Potion"},{"floor":6,"key":"Strength Potion"},{"floor":14,"key":"Energy Potion"}],"is_trial":false,"path_per_floor":["M","M","?","?","M","E","?","E","T","M","R","M","R","M","R","B"],"character_chosen":"DEFECT","items_purchased":[],"campfire_rested":1,"item_purchase_floors":[],"current_hp_per_floor":[66,66,66,59,59,47,47,42,42,37,59,40,40,32,32,0],"gold":250,"neow_bonus":"RANDOM_COMMON_RELIC","is_prod":false,"is_daily":false,"chose_seed":false,"campfire_upgraded":2,"win_rate":0,"timestamp":1552275896,"path_taken":["M","M","?","?","M","E","?","E","T","M","R","M","R","?","R","BOSS"],"build_version":"2019-01-23","purchased_purges":0,"victory":false,"max_hp_per_floor":[75,75,75,75,75,75,75,75,75,75,75,75,75,75,75,75],"card_choices":[{"not_picked":["Blizzard","Beam Cell"],"picked":"Conserve Battery","floor":1},{"not_picked":["Barrage","Conserve Battery"],"picked":"FTL","floor":2},{"not_picked":["Redo","Machine Learning"],"picked":"Defragment","floor":5},{"not_picked":["Scrape","Force Field"],"picked":"Beam Cell","floor":6},{"not_picked":["Compile Driver","Heatsinks","Barrage"],"picked":"SKIP","floor":8},{"not_picked":["Ball Lightning","Turbo"],"picked":"Defragment","floor":10},{"not_picked":["Cold Snap","Coolheaded"],"picked":"Self Repair","floor":12},{"not_picked":["Redo","Streamline"],"picked":"Creative AI","floor":14}],"player_experience":906089,"relics_obtained":[{"floor":6,"key":"Matryoshka"},{"floor":8,"key":"Orichalcum"},{"floor":9,"key":"Singing Bowl"},{"floor":9,"key":"Ancient Tea Set"}],"event_choices":[{"damage_healed":0,"gold_gain":0,"player_choice":"Box","damage_taken":0,"relics_obtained":["War Paint"],"max_hp_gain":0,"max_hp_loss":0,"event_name":"Big Fish","floor":3,"gold_loss":0,"cards_obtained":["Regret"]},{"cards_removed":["Regret"],"damage_healed":0,"gold_gain":0,"player_choice":"Card Removal","damage_taken":7,"max_hp_gain":0,"max_hp_loss":0,"event_name":"Golden Wing","floor":4,"gold_loss":0},{"cards_removed":["Strike_B"],"damage_healed":0,"gold_gain":0,"player_choice":"Offered Basic","damage_taken":0,"max_hp_gain":0,"max_hp_loss":0,"event_name":"Bonfire Elementals","floor":7,"gold_loss":0}],"is_beta":false,"boss_relics":[],"items_purged_floors":[],"is_endless":false,"potions_floor_spawned":[1,6,14],"killed_by":"Hexaghost","ascension_level":9}