{"gold_per_floor":[418,418,77,77,93,93,20,20,96,122,142,204,204,229,229,327,327,342,442,453,47,47,47,62,62,62,140,167,9,20,32,32,132,132,145,155,172,172,188,188,215,227,227,227,240,240,51,51,51,51,51,51,51,83,83],"floor_reached":56,"playtime":2840,"items_purged":["Strike_R","Strike_R","Decay","Regret"],"score":1303,"play_id":"ceaefd56-3f04-4a6b-a0f8-bdaed4b3a16f","local_time":"20190514002251","is_ascension_mode":false,"campfire_choices":[{"data":"Inflame","floor":6,"key":"SMITH"},{"data":"Bash","floor":8,"key":"SMITH"},{"data":"Rampage","floor":13,"key":"SMITH"},{"data":"Pommel Strike","floor":15,"key":"SMITH"},{"data":"Flame Barrier","floor":23,"key":"SMITH"},{"data":"Disarm","floor":25,"key":"SMITH"},{"data":"Feel No Pain","floor":32,"key":"SMITH"},{"data":"Limit Break","floor":40,"key":"SMITH"},{"data":"Battle Trance","floor":46,"key":"SMITH"},{"floor":49,"key":"RECALL"},{"data":"Headbutt","floor":52,"key":"SMITH"}],"neow_cost":"TEN_PERCENT_HP_LOSS","seed_source_timestamp":1341584785696355,"circlet_count":0,"master_deck":["Strike_R+1","Strike_R+1","Strike_R+1","Defend_R+1","Defend_R+1","Defend_R+1","Defend_R+1","Bash+1","Thunderclap+1","Inflame+1","Feel No Pain+1","Disarm+1","Pommel Strike+1","Flame Barrier+1","Headbutt+1","True Grit+1","Dual Wield+1","Shrug It Off+1","Battle Trance+1","Anger+1","True Grit+1","Shrug It Off+1","Limit Break+1","Whirlwind+1","Shrug It Off+1","Barricade+1","Uppercut+1","Inflame+1","Clumsy","Entrench+1","Metallicize+1"],"relics":["Burning Blood","Old Coin","Happy Flower","Frozen Egg 2","Bag of Preparation","Magic Flower","Bird Faced Urn","Cursed Key","Prayer Wheel","Shuriken","Lantern","PreservedInsect","Self Forming Clay","Letter Opener","Snecko Eye","Art of War","Torii","Whetstone"],"potions_floor_usage":[16,19,42,45,55,55,55],"damage_taken":[{"damage":1,"enemies":"2 Louse","floor":1,"turns":3},{"damage":3,"enemies":"Jaw Worm","floor":5,"turns":3},{"damage":15,"enemies":"Gremlin Nob","floor":10,"turns":4},{"damage":0,"enemies":"Small Slimes","floor":11,"turns":3},{"damage":28,"enemies":"Gremlin Nob","floor":12,"turns":4},{"damage":13,"enemies":"3 Sentries","floor":14,"turns":5},{"damage":0,"enemies":"Slime Boss","floor":16,"turns":6},{"damage":15,"enemies":"2 Thieves","floor":18,"turns":5},{"damage":20,"enemies":"Colosseum Slavers","floor":19,"turns":3},{"damage":9,"enemies":"Colosseum Nobs","floor":19,"turns":4},{"damage":0,"enemies":"Spheric Guardian","floor":20,"turns":3},{"damage":3,"enemies":"Shelled Parasite and Fungi","floor":24,"turns":3},{"damage":2,"enemies":"Gremlin Leader","floor":28,"turns":4},{"damage":6,"enemies":"Cultist and Chosen","floor":30,"turns":4},{"damage":0,"enemies":"Snake Plant","floor":31,"turns":3},{"damage":58,"enemies":"Collector","floor":33,"turns":10},{"damage":9,"enemies":"3 Shapes","floor":35,"turns":4},{"damage":2,"enemies":"3 Darklings","floor":36,"turns":4},{"damage":2,"enemies":"Sphere and 2 Shapes","floor":37,"turns":7},{"damage":16,"enemies":"Maw","floor":39,"turns":7},{"damage":2,"enemies":"Giant Head","floor":41,"turns":8},{"damage":13,"enemies":"Transient","floor":42,"turns":5},{"damage":33,"enemies":"Spire Growth","floor":45,"turns":5},{"damage":0,"enemies":"Awakened One","floor":50,"turns":16},{"damage":45,"enemies":"Shield and Spear","floor":54,"turns":9},{"damage":30,"enemies":"The Heart","floor":55,"turns":10}],"seed_played":"-1092543359230262031","potions_obtained":[{"floor":10,"key":"Energy Potion"},{"floor":11,"key":"GamblersBrew"},{"floor":12,"key":"AttackPotion"},{"floor":19,"key":"Swift Potion"},{"floor":31,"key":"SpeedPotion"},{"floor":42,"key":"Ancient Potion"},{"floor":45,"key":"PowerPotion"}],"is_trial":false,"path_per_floor":["M","?","$","?","M","R","$","R","T","E","M","?","R","E","R","B",null,"M","?","M","$","?","R","M","R","T","T","E","$","M","M","R","B",null,"M","M","M","T","M","R","E","M","T","T","M","R","$","?","R","B",null,"R","$","E","B",null],"character_chosen":"IRONCLAD","items_purchased":["Happy Flower","Inflame","Rampage","Disarm","Lantern","PreservedInsect","Battle Trance","Metallicize+1"],"campfire_rested":0,"item_purchase_floors":[3,3,3,7,21,21,29,47],"current_hp_per_floor":[72,72,72,72,72,72,72,72,72,63,69,50,50,46,46,61,72,72,67,72,72,72,72,72,72,72,72,72,72,72,72,72,38,72,72,72,72,72,68,68,72,71,71,71,49,49,49,49,49,72,72,72,72,45,48],"gold":83,"neow_bonus":"ONE_RARE_RELIC","is_prod":false,"is_daily":false,"chose_seed":false,"campfire_upgraded":10,"win_rate":0,"timestamp":1557789771,"path_taken":["M","?","$","?","M","R","?","R","T","E","M","?","R","E","R","BOSS","M","?","M","$","?","R","?","R","T","?","E","$","M","?","R","BOSS","M","M","?","?","M","R","E","M","T","?","M","R","?","?","R","BOSS","R","$","E","BOSS"],"build_version":"2019-05-07","purchased_purges":4,"victory":true,"max_hp_per_floor":[72,72,72,72,72,72,72,72,72,72,72,72,72,72,72,72,72,72,72,72,72,72,72,72,72,72,72,72,72,72,72,72,72,72,72,72,72,72,72,72,72,72,72,72,72,72,72,72,72,72,72,72,72,72,72],"card_choices":[{"not_picked":["Clash","Bloodletting"],"picked":"Thunderclap","floor":1},{"not_picked":["Flex","Perfected Strike"],"picked":"Feel No Pain","floor":5},{"not_picked":["Sentinel","Sever Soul"],"picked":"Pommel Strike","floor":10},{"not_picked":["Armaments","Pommel Strike"],"picked":"Flame Barrier","floor":11},{"not_picked":["Flame Barrier","Burning Pact"],"picked":"Headbutt","floor":12},{"not_picked":["Cleave","Intimidate","Armaments"],"picked":"SKIP","floor":14},{"not_picked":["Feel No Pain+1","Twin Strike+1"],"picked":"True Grit+1","floor":18},{"not_picked":["Twin Strike+1","Battle Trance+1"],"picked":"Dual Wield+1","floor":20},{"not_picked":["Clash","Shrug It Off","Power Through"],"picked":"SKIP","floor":20},{"not_picked":["Flex","Pummel"],"picked":"Shrug It Off+1","floor":24},{"not_picked":["Evolve+1","Clothesline","Wild Strike+1"],"picked":"SKIP","floor":24},{"not_picked":["Pommel Strike","Sword Boomerang","Flex+1"],"picked":"SKIP","floor":28},{"not_picked":["Impervious","Perfected Strike+1"],"picked":"Anger+1","floor":30},{"not_picked":["Wild Strike","Flex","True Grit"],"picked":"SKIP","floor":30},{"not_picked":["Thunderclap","Infernal Blade"],"picked":"True Grit+1","floor":31},{"not_picked":["Clash","Sword Boomerang"],"picked":"Shrug It Off+1","floor":31},{"not_picked":["Feed","Bludgeon"],"picked":"Limit Break","floor":33},{"not_picked":["Battle Trance+1","Pommel Strike+1"],"picked":"Whirlwind+1","floor":35},{"not_picked":["Twin Strike+1","Intimidate","Reckless Charge+1"],"picked":"SKIP","floor":35},{"not_picked":["Rage","Warcry+1","Thunderclap"],"picked":"SKIP","floor":36},{"not_picked":["Clothesline","Heavy Blade","Body Slam"],"picked":"SKIP","floor":36},{"not_picked":["Cleave","Sword Boomerang","Twin Strike+1"],"picked":"SKIP","floor":37},{"not_picked":["Shrug It Off+1","Armaments","Cleave"],"picked":"SKIP","floor":37},{"not_picked":["Armaments","Cleave"],"picked":"Shrug It Off+1","floor":37},{"not_picked":["Cleave","Sword Boomerang","Twin Strike+1"],"picked":"SKIP","floor":37},{"not_picked":["True Grit","Shrug It Off+1"],"picked":"Barricade+1","floor":39},{"not_picked":["Ghostly Armor","Sword Boomerang","Dropkick+1"],"picked":"SKIP","floor":39},{"not_picked":["Havoc+1","Warcry+1"],"picked":"Uppercut+1","floor":41},{"not_picked":["Anger+1","Iron Wave"],"picked":"Inflame+1","floor":42},{"not_picked":["Perfected Strike","Entrench+1","Havoc+1"],"picked":"SKIP","floor":42},{"not_picked":["Warcry","Pommel Strike+1"],"picked":"Entrench+1","floor":45},{"not_picked":["Sword Boomerang","Iron Wave","Flex+1"],"picked":"SKIP","floor":45},{"not_picked":["Armaments","Fire Breathing+1","Hemokinesis+1"],"picked":"SKIP","floor":54}],"player_experience":1419748,"relics_obtained":[{"floor":9,"key":"Frozen Egg 2"},{"floor":10,"key":"Bag of Preparation"},{"floor":14,"key":"Bird Faced Urn"},{"floor":19,"key":"Prayer Wheel"},{"floor":19,"key":"Shuriken"},{"floor":27,"key":"Self Forming Clay"},{"floor":28,"key":"Letter Opener"},{"floor":41,"key":"Art of War"},{"floor":44,"key":"Torii"},{"floor":54,"key":"Whetstone"}],"event_choices":[{"damage_healed":0,"gold_gain":0,"player_choice":"Grow","damage_taken":0,"max_hp_gain":0,"max_hp_loss":0,"event_name":"Living Wall","floor":2,"gold_loss":0,"cards_upgraded":["Thunderclap"]},{"damage_healed":0,"gold_gain":0,"player_choice":"Ignored","damage_taken":0,"max_hp_gain":0,"max_hp_loss":0,"event_name":"Liars Game","floor":4,"gold_loss":0},{"damage_healed":0,"gold_gain":30,"player_choice":"Searched \u00273\u0027 times","damage_taken":0,"relics_obtained":["Magic Flower"],"max_hp_gain":0,"max_hp_loss":0,"event_name":"Dead Adventurer","floor":12,"gold_loss":0},{"damage_healed":0,"gold_gain":0,"player_choice":"Fight","damage_taken":0,"max_hp_gain":0,"max_hp_loss":0,"event_name":"Colosseum","floor":19,"gold_loss":0},{"damage_healed":0,"gold_gain":0,"player_choice":"Fought Nobs","damage_taken":0,"max_hp_gain":0,"max_hp_loss":0,"event_name":"Colosseum","floor":19,"gold_loss":0},{"damage_healed":0,"gold_gain":0,"player_choice":"Simplicity","damage_taken":0,"max_hp_gain":0,"max_hp_loss":0,"event_name":"Back to Basics","floor":22,"gold_loss":0,"cards_upgraded":["Strike_R","Strike_R","Strike_R","Defend_R","Defend_R","Defend_R","Defend_R"]},{"cards_removed":["Rampage"],"damage_healed":0,"gold_gain":0,"player_choice":"Removed Attack","damage_taken":0,"max_hp_gain":0,"max_hp_loss":0,"event_name":"Falling","floor":48,"gold_loss":0}],"is_beta":true,"boss_relics":[{"not_picked":["Black Blood","Runic Cube"],"picked":"Cursed Key"},{"not_picked":["Orrery","Velvet Choker"],"picked":"Snecko Eye"}],"items_purged_floors":[3,21,29,47],"is_endless":false,"potions_floor_spawned":[10,11,12,19,31,33,39,42,45],"ascension_level":0}