{"gold_per_floor":[119,119,69,69,126,126,151,151,151,169,186,186,226,151,151,270,270,288,311,311,349,364,364,407,425,425,468,468,481,481,496,496,496],"floor_reached":33,"playtime":1097,"items_purged":["Injury"],"score":362,"play_id":"8253411a-953c-4d87-a157-0298e288c1b8","local_time":"20190510101319","is_ascension_mode":true,"campfire_choices":[{"data":"Armaments","floor":6,"key":"SMITH"},{"data":"1","floor":8,"key":"LIFT"},{"floor":15,"key":"REST"},{"data":"2","floor":23,"key":"LIFT"},{"data":"3","floor":28,"key":"LIFT"},{"data":"Flame Barrier","floor":32,"key":"SMITH"}],"neow_cost":"NONE","seed_source_timestamp":381954116792000,"circlet_count":0,"master_deck":["Strike_R","Strike_R","Strike_R+1","Strike_R+1","Strike_R","Defend_R","Defend_R+1","Defend_R","Defend_R","Bash+1","Limit Break","Sword Boomerang","Armaments+1","Twin Strike","Anger","Battle Trance","Feel No Pain","Immolate+1","Rage","Flame Barrier+1","Shockwave","Flex+1","Inflame"],"relics":["Burning Blood","Girya","Shuriken","Golden Idol","Question Card","Coffee Dripper","Red Mask","Strawberry","Mango","Whetstone","Paper Frog"],"potions_floor_usage":[16,16,25,33,33],"damage_taken":[{"damage":9,"enemies":"Small Slimes","floor":1,"turns":5},{"damage":46,"enemies":"3 Sentries","floor":7,"turns":15},{"damage":0,"enemies":"Cultist","floor":10,"turns":3},{"damage":8,"enemies":"2 Louse","floor":11,"turns":2},{"damage":10,"enemies":"Gremlin Nob","floor":13,"turns":3},{"damage":13,"enemies":"Hexaghost","floor":16,"turns":6},{"damage":23,"enemies":"Shell Parasite","floor":18,"turns":4},{"damage":17,"enemies":"2 Thieves","floor":19,"turns":2},{"damage":0,"enemies":"Masked Bandits","floor":21,"turns":2},{"damage":13,"enemies":"Snecko","floor":22,"turns":3},{"damage":22,"enemies":"Slavers","floor":24,"turns":5},{"damage":14,"enemies":"Shelled Parasite and Fungi","floor":25,"turns":4},{"damage":19,"enemies":"Book of Stabbing","floor":27,"turns":4},{"damage":22,"enemies":"Centurion and Healer","floor":29,"turns":4},{"damage":10,"enemies":"Snake Plant","floor":31,"turns":3},{"damage":18,"enemies":"Automaton","floor":33,"turns":4}],"seed_played":"-4430782108589838719","potions_obtained":[{"floor":1,"key":"SteroidPotion"},{"floor":13,"key":"PowerPotion"},{"floor":18,"key":"SteroidPotion"},{"floor":25,"key":"FearPotion"},{"floor":31,"key":"SkillPotion"}],"is_trial":false,"path_per_floor":["M","?","$","?","?","R","E","R","T","M","M","?","E","$","R","B",null,"M","M","?","?","M","R","E","M","T","E","R","M","?","M","R","B"],"character_chosen":"IRONCLAD","items_purchased":["Armaments"],"campfire_rested":1,"item_purchase_floors":[3],"current_hp_per_floor":[77,77,77,61,61,61,21,21,21,27,25,25,21,21,45,38,80,63,52,52,58,51,51,42,34,48,35,35,19,19,15,15,0],"gold":496,"neow_bonus":"ONE_RANDOM_RARE_CARD","is_prod":false,"is_daily":false,"chose_seed":false,"campfire_upgraded":2,"win_rate":0,"timestamp":1557497599,"path_taken":["M","?","?","?","?","R","E","R","T","M","M","?","E","?","R","BOSS","M","M","?","?","M","R","E","M","T","E","R","M","?","?","R","BOSS"],"build_version":"2019-01-23","purchased_purges":1,"victory":false,"max_hp_per_floor":[80,80,80,80,80,80,80,80,80,80,80,80,80,80,80,80,80,80,80,80,80,80,80,87,87,101,101,101,101,101,101,101,101],"card_choices":[{"not_picked":["Uppercut","Iron Wave"],"picked":"Sword Boomerang","floor":1},{"not_picked":["Clothesline","Power Through"],"picked":"Twin Strike","floor":7},{"not_picked":["Body Slam","Pommel Strike"],"picked":"Anger","floor":10},{"not_picked":["Armaments","Clash"],"picked":"Battle Trance","floor":11},{"not_picked":["Dark Embrace","Havoc"],"picked":"Feel No Pain","floor":13},{"not_picked":["Barricade","Dark Embrace","Brutality"],"picked":"Immolate","floor":16},{"not_picked":["Clothesline","Reckless Charge","Shrug It Off"],"picked":"Rage","floor":18},{"not_picked":["Wild Strike","Havoc","Heavy Blade"],"picked":"Flame Barrier","floor":19},{"not_picked":["Body Slam","Wild Strike","Twin Strike+1"],"picked":"Shockwave","floor":21},{"not_picked":["Sever Soul+1","Second Wind","Sentinel"],"picked":"Flex+1","floor":22},{"not_picked":["Barricade","Evolve","Battle Trance","Havoc"],"picked":"SKIP","floor":24},{"not_picked":["Wild Strike","Warcry+1","Ghostly Armor","Body Slam"],"picked":"SKIP","floor":25},{"not_picked":["Rage","Dropkick","Armaments","Headbutt"],"picked":"SKIP","floor":27},{"not_picked":["Armaments","Pommel Strike","Cleave"],"picked":"Inflame","floor":29},{"not_picked":["Warcry","Rage","Spot Weakness","Inflame"],"picked":"SKIP","floor":31}],"player_experience":168870,"relics_obtained":[{"floor":7,"key":"Girya"},{"floor":9,"key":"Shuriken"},{"floor":13,"key":"Question Card"},{"floor":21,"key":"Red Mask"},{"floor":24,"key":"Strawberry"},{"floor":26,"key":"Mango"},{"floor":27,"key":"Whetstone"}],"event_choices":[{"damage_healed":0,"gold_gain":0,"player_choice":"Forge","damage_taken":0,"max_hp_gain":0,"max_hp_loss":0,"event_name":"Accursed Blacksmith","floor":2,"gold_loss":0,"cards_upgraded":["Bash"]},{"damage_healed":0,"gold_gain":0,"player_choice":"Entered Light","damage_taken":16,"max_hp_gain":0,"max_hp_loss":0,"event_name":"Shining Light","floor":4,"gold_loss":0,"cards_upgraded":["Strike_R","Defend_R"]},{"damage_healed":0,"gold_gain":57,"player_choice":"Gained Gold","damage_taken":0,"max_hp_gain":0,"max_hp_loss":0,"event_name":"Golden Wing","floor":5,"gold_loss":0},{"damage_healed":0,"gold_gain":0,"player_choice":"Take Wound","damage_taken":0,"relics_obtained":["Golden Idol"],"max_hp_gain":0,"max_hp_loss":0,"event_name":"Golden Idol","floor":12,"gold_loss":0,"cards_obtained":["Injury"]},{"damage_healed":0,"gold_gain":0,"player_choice":"Ignored","damage_taken":0,"max_hp_gain":0,"max_hp_loss":0,"event_name":"Beggar","floor":20,"gold_loss":0},{"damage_healed":0,"gold_gain":0,"player_choice":"Fought Bandits","damage_taken":0,"max_hp_gain":0,"max_hp_loss":0,"event_name":"Masked Bandits","floor":21,"gold_loss":0},{"damage_healed":0,"gold_gain":0,"player_choice":"Opened","damage_taken":0,"relics_obtained":["Paper Frog"],"max_hp_gain":0,"max_hp_loss":0,"event_name":"The Mausoleum","floor":30,"gold_loss":0}],"is_beta":false,"boss_relics":[{"not_picked":["Philosopher\u0027s Stone","Orrery"],"picked":"Coffee Dripper"}],"items_purged_floors":[14],"is_endless":false,"potions_floor_spawned":[1,13,18,25,31],"killed_by":"Automaton","ascension_level":3}