{"gold_per_floor":[117,132,232,242,12,12,12,25,25,44,57,388,388,388,388,493,493,513,530,64,78,93,124,124,153,180,180,210,210,226,101,101,204,204,215,215,232,232,247,278,278,278,278,278,311,311,88,106,106,106,106,106,106,132,132],"floor_reached":56,"playtime":3012,"items_purged":["Strike_R","Strike_R","Strike_R","Strike_R"],"score":1471,"play_id":"cce8c560-52ee-4354-9e4b-d91dd74e37b7","local_time":"20190514231456","is_ascension_mode":true,"campfire_choices":[{"data":"Bash","floor":6,"key":"SMITH"},{"data":"Armaments","floor":13,"key":"SMITH"},{"data":"Anger","floor":15,"key":"SMITH"},{"floor":24,"key":"REST"},{"floor":27,"key":"REST"},{"floor":32,"key":"RECALL"},{"floor":41,"key":"REST"},{"floor":46,"key":"REST"},{"floor":49,"key":"REST"},{"floor":52,"key":"REST"}],"neow_cost":"NONE","seed_source_timestamp":1423739458466873,"circlet_count":0,"master_deck":["Strike_R","Defend_R","Defend_R","Defend_R","Defend_R+1","Bash+1","Shrug It Off","Anger+1","Cleave+1","Armaments+1","Metallicize+1","Metallicize+1","Barricade+1","Twin Strike+1","Shrug It Off+1","True Grit+1","Feel No Pain+1","Clothesline+1","Inflame+1","Dual Wield+1","Impervious+1","Reaper+1","Shockwave+1","Offering+1","Disarm+1","Shrug It Off+1","Dark Shackles+1","Madness+1","Madness+1","Metallicize+1","Inflame+1","Battle Trance+1","Whirlwind+1","Body Slam+1"],"relics":["Black Star","Red Skull","Frozen Egg 2","Old Coin","Matryoshka","Oddly Smooth Stone","Sozu","Toxic Egg 2","Pantograph","Dream Catcher","FossilizedHelix","War Paint","Blood Vial","Gremlin Horn","Centennial Puzzle","Fusion Hammer","Lantern","PreservedInsect","Bottled Tornado","Darkstone Periapt","Whetstone","StoneCalendar","Sundial","Paper Frog"],"potions_floor_usage":[55,55],"damage_taken":[{"damage":16,"enemies":"Jaw Worm","floor":1,"turns":4},{"damage":6,"enemies":"Cultist","floor":2,"turns":7},{"damage":2,"enemies":"Small Slimes","floor":4,"turns":3},{"damage":5,"enemies":"Looter","floor":8,"turns":3},{"damage":0,"enemies":"Blue Slaver","floor":10,"turns":4},{"damage":0,"enemies":"Red Slaver","floor":11,"turns":4},{"damage":10,"enemies":"Lagavulin","floor":12,"turns":9},{"damage":18,"enemies":"Slime Boss","floor":16,"turns":11},{"damage":8,"enemies":"Shell Parasite","floor":18,"turns":7},{"damage":5,"enemies":"3 Byrds","floor":19,"turns":8},{"damage":8,"enemies":"Shelled Parasite and Fungi","floor":21,"turns":8},{"damage":0,"enemies":"Chosen and Byrds","floor":22,"turns":10},{"damage":41,"enemies":"Slavers","floor":23,"turns":8},{"damage":18,"enemies":"Gremlin Leader","floor":25,"turns":8},{"damage":0,"enemies":"Book of Stabbing","floor":28,"turns":9},{"damage":0,"enemies":"Snake Plant","floor":30,"turns":6},{"damage":8,"enemies":"Automaton","floor":33,"turns":15},{"damage":0,"enemies":"3 Darklings","floor":35,"turns":7},{"damage":0,"enemies":"Orb Walker","floor":37,"turns":5},{"damage":0,"enemies":"Maw","floor":39,"turns":9},{"damage":0,"enemies":"Nemesis","floor":40,"turns":11},{"damage":0,"enemies":"Giant Head","floor":45,"turns":8},{"damage":13,"enemies":"3 Darklings","floor":48,"turns":4},{"damage":0,"enemies":"Awakened One","floor":50,"turns":12},{"damage":0,"enemies":"Shield and Spear","floor":54,"turns":7},{"damage":34,"enemies":"The Heart","floor":55,"turns":13}],"seed_played":"-6165341929119967516","potions_obtained":[{"floor":4,"key":"Ancient Potion"},{"floor":11,"key":"BloodPotion"},{"floor":12,"key":"Ancient Potion"}],"is_trial":false,"path_per_floor":["M","M","?","M","$","R","$","M","T","M","M","E","R","?","R","B",null,"M","M","$","M","M","E","R","E","T","R","E","?","M","$","R","B",null,"M","?","M","?","M","E","R","?","T","?","E","R","$","M","R","B",null,"R","$","E","B",null],"character_chosen":"IRONCLAD","items_purchased":["Red Skull","Toxic Egg 2","True Grit+1","Feel No Pain+1","Battle Trance+1"],"campfire_rested":6,"item_purchase_floors":[5,20,20,20,47],"current_hp_per_floor":[64,58,58,56,56,56,56,51,51,51,51,41,41,29,29,11,80,72,67,67,59,59,18,42,24,24,48,56,56,61,61,61,80,80,80,80,80,80,80,80,80,70,70,60,77,80,80,80,80,80,80,80,80,80,46],"gold":132,"neow_bonus":"BOSS_RELIC","is_prod":false,"is_daily":false,"chose_seed":false,"campfire_upgraded":3,"win_rate":1,"timestamp":1557872096,"path_taken":["M","M","?","M","$","R","?","?","T","?","M","E","R","?","R","BOSS","M","M","$","M","M","E","R","E","T","R","E","?","M","$","R","BOSS","M","?","?","?","M","E","R","?","T","?","E","R","$","M","R","BOSS","R","$","E","BOSS"],"build_version":"2019-05-07","purchased_purges":4,"victory":true,"max_hp_per_floor":[80,80,80,80,80,80,80,80,80,80,80,80,80,80,80,80,80,80,80,80,80,80,80,80,80,80,80,80,80,80,80,80,80,80,80,80,80,80,80,80,80,80,80,80,80,80,80,80,80,80,80,80,80,80,80],"card_choices":[{"not_picked":["Carnage","Dual Wield"],"picked":"Shrug It Off","floor":1},{"not_picked":["Rage","Burning Pact"],"picked":"Anger","floor":2},{"not_picked":["Carnage","Shrug It Off"],"picked":"Cleave","floor":4},{"not_picked":["Anger","Hemokinesis"],"picked":"Shrug It Off","floor":8},{"not_picked":["Uppercut","Pommel Strike"],"picked":"Armaments","floor":10},{"not_picked":["Shrug It Off","Infernal Blade"],"picked":"Metallicize+1","floor":11},{"not_picked":["Pommel Strike","Heavy Blade"],"picked":"Metallicize+1","floor":12},{"not_picked":["Offering","Dark Embrace+1"],"picked":"Barricade+1","floor":16},{"not_picked":["Clothesline","Pommel Strike"],"picked":"Twin Strike+1","floor":18},{"not_picked":["Infernal Blade","Thunderclap"],"picked":"Shrug It Off","floor":19},{"not_picked":["Heavy Blade+1","Armaments+1","Clothesline+1"],"picked":"SKIP","floor":21},{"not_picked":["Heavy Blade+1","Armaments+1"],"picked":"Clothesline+1","floor":21},{"not_picked":["True Grit+1","Sword Boomerang"],"picked":"Inflame+1","floor":22},{"not_picked":["Heavy Blade","Fire Breathing+1"],"picked":"Dual Wield+1","floor":23},{"not_picked":["Pommel Strike","Armaments+1"],"picked":"Impervious+1","floor":24},{"not_picked":["Twin Strike+1","Seeing Red+1"],"picked":"Reaper","floor":25},{"not_picked":["Iron Wave","Clothesline"],"picked":"Shockwave+1","floor":27},{"not_picked":["Clash","Spot Weakness+1","Reckless Charge"],"picked":"SKIP","floor":28},{"not_picked":["Headbutt+1","Infernal Blade+1","Ghostly Armor+1"],"picked":"SKIP","floor":30},{"not_picked":["Fiend Fire","Berserk+1"],"picked":"Offering+1","floor":33},{"not_picked":["Cleave","Bloodletting+1"],"picked":"Disarm+1","floor":35},{"not_picked":["Perfected Strike","Pommel Strike","Anger"],"picked":"SKIP","floor":37},{"not_picked":["Perfected Strike","Clash+1","Intimidate+1"],"picked":"SKIP","floor":39},{"not_picked":["Flex+1","Thunderclap+1"],"picked":"Shrug It Off+1","floor":40},{"not_picked":["Enlightenment+1","Sadistic Nature+1"],"picked":"Dark Shackles+1","floor":42},{"not_picked":["Thunderclap+1","Pommel Strike"],"picked":"Metallicize+1","floor":45},{"not_picked":["Rampage","Seeing Red+1"],"picked":"Inflame+1","floor":46},{"not_picked":["Pummel","Iron Wave+1"],"picked":"Whirlwind+1","floor":48},{"not_picked":["Intimidate+1","Shrug It Off+1"],"picked":"Body Slam+1","floor":54}],"player_experience":7428,"relics_obtained":[{"floor":9,"key":"Frozen Egg 2"},{"floor":12,"key":"Old Coin"},{"floor":12,"key":"Matryoshka"},{"floor":23,"key":"Pantograph"},{"floor":23,"key":"Dream Catcher"},{"floor":25,"key":"FossilizedHelix"},{"floor":25,"key":"War Paint"},{"floor":26,"key":"Blood Vial"},{"floor":28,"key":"Gremlin Horn"},{"floor":28,"key":"Centennial Puzzle"},{"floor":40,"key":"Lantern"},{"floor":40,"key":"PreservedInsect"},{"floor":43,"key":"Bottled Tornado"},{"floor":43,"key":"Darkstone Periapt"},{"floor":45,"key":"Whetstone"},{"floor":45,"key":"StoneCalendar"},{"floor":54,"key":"Sundial"},{"floor":54,"key":"Paper Frog"}],"event_choices":[{"damage_healed":0,"gold_gain":100,"player_choice":"Gold","damage_taken":0,"max_hp_gain":0,"max_hp_loss":0,"event_name":"Wheel of Change","floor":3,"gold_loss":0},{"damage_healed":0,"gold_gain":0,"player_choice":"Success","damage_taken":12,"relics_obtained":["Oddly Smooth Stone"],"max_hp_gain":0,"max_hp_loss":0,"event_name":"Scrap Ooze","floor":14,"gold_loss":0},{"damage_healed":0,"gold_gain":0,"player_choice":"Ignored","damage_taken":0,"max_hp_gain":0,"max_hp_loss":0,"event_name":"The Mausoleum","floor":29,"gold_loss":0},{"damage_healed":0,"gold_gain":0,"player_choice":"Ignored","damage_taken":0,"max_hp_gain":0,"max_hp_loss":0,"event_name":"SecretPortal","floor":36,"gold_loss":0},{"cards_removed":["Shrug It Off"],"damage_healed":0,"gold_gain":0,"player_choice":"Removed Skill","damage_taken":0,"max_hp_gain":0,"max_hp_loss":0,"event_name":"Falling","floor":38,"gold_loss":0},{"damage_healed":0,"gold_gain":0,"player_choice":"Memory 3","damage_taken":10,"max_hp_gain":0,"max_hp_loss":0,"event_name":"SensoryStone","floor":42,"gold_loss":0},{"damage_healed":0,"gold_gain":0,"player_choice":"Embrace Madness","damage_taken":10,"max_hp_gain":0,"max_hp_loss":0,"event_name":"Winding Halls","floor":44,"gold_loss":0,"cards_obtained":["Madness","Madness"]}],"is_beta":true,"boss_relics":[{"not_picked":["Coffee Dripper","Tiny House"],"picked":"Sozu"},{"not_picked":["Orrery","Mark of Pain"],"picked":"Fusion Hammer"}],"items_purged_floors":[5,20,31,47],"is_endless":false,"potions_floor_spawned":[4,11,12,21,22,30,33,35,48],"ascension_level":1}