{"gold_per_floor":[118,118,131,39,39,78,78,118,118,168,182,207,228,228],"floor_reached":14,"playtime":718,"items_purged":[],"score":250,"play_id":"89860003-fe71-4f3d-ad9e-425809dadcd1","local_time":"20190428210921","is_ascension_mode":true,"campfire_choices":[{"data":"Noxious Fumes","floor":7,"key":"SMITH"}],"neow_cost":"NONE","seed_source_timestamp":36082353852250,"circlet_count":0,"master_deck":["AscendersBane","Defend_G","Defend_G","Defend_G","Defend_G","Defend_G","Strike_G","Strike_G","Strike_G","Strike_G","Survivor","Neutralize","Backstab","Backstab","Noxious Fumes+1","Deadly Poison","PiercingWail","After Image","Dodge and Roll","Escape Plan","Backflip"],"relics":["Ring of the Snake","NeowsBlessing","Golden Idol","Matryoshka","Shovel","Oddly Smooth Stone","Snake Skull"],"potions_floor_usage":[8,14],"damage_taken":[{"damage":0,"enemies":"Small Slimes","floor":1,"turns":1},{"damage":0,"enemies":"Cultist","floor":3,"turns":1},{"damage":0,"enemies":"3 Sentries","floor":6,"turns":1},{"damage":21,"enemies":"Gremlin Nob","floor":8,"turns":4},{"damage":0,"enemies":"2 Louse","floor":11,"turns":3},{"damage":2,"enemies":"Looter","floor":12,"turns":3},{"damage":9,"enemies":"Exordium Thugs","floor":13,"turns":6},{"damage":13,"enemies":"Gremlin Gang","floor":14,"turns":3}],"seed_played":"-3429098910199825207","potions_obtained":[{"floor":1,"key":"PowerPotion"},{"floor":6,"key":"LiquidBronze"},{"floor":12,"key":"Dexterity Potion"}],"is_trial":false,"path_per_floor":["M","?","M","$","?","E","R","E","T","?","M","M","M","M"],"character_chosen":"THE_SILENT","items_purchased":["Noxious Fumes","Deadly Poison"],"campfire_rested":0,"item_purchase_floors":[4,4],"current_hp_per_floor":[59,59,59,59,36,36,36,15,15,15,15,13,4,0],"gold":228,"neow_bonus":"THREE_ENEMY_KILL","is_prod":false,"is_daily":false,"chose_seed":false,"campfire_upgraded":1,"win_rate":0,"timestamp":1556482161,"path_taken":["M","?","?","?","?","E","R","E","T","?","M","?","?","M"],"build_version":"2019-04-23","purchased_purges":0,"victory":false,"max_hp_per_floor":[66,66,66,66,66,66,66,66,66,66,66,66,66,66],"card_choices":[{"not_picked":["Finisher","PiercingWail"],"picked":"Backstab","floor":1},{"not_picked":["Underhanded Strike","Deflect"],"picked":"Backstab","floor":3},{"not_picked":["Bane","Sucker Punch"],"picked":"PiercingWail","floor":6},{"not_picked":["Crippling Poison","PiercingWail"],"picked":"After Image","floor":8},{"not_picked":["Outmaneuver","PiercingWail"],"picked":"Dodge and Roll","floor":11},{"not_picked":["Eviscerate","Underhanded Strike"],"picked":"Escape Plan","floor":12},{"not_picked":["Infinite Blades","Riddle With Holes"],"picked":"Backflip","floor":13}],"player_experience":1250356,"relics_obtained":[{"floor":6,"key":"Matryoshka"},{"floor":8,"key":"Shovel"},{"floor":9,"key":"Oddly Smooth Stone"},{"floor":9,"key":"Snake Skull"}],"event_choices":[{"cards_removed":["Strike_G"],"damage_healed":0,"gold_gain":0,"player_choice":"Purged","damage_taken":0,"max_hp_gain":0,"max_hp_loss":0,"event_name":"Purifier","floor":2,"gold_loss":0},{"damage_healed":0,"gold_gain":0,"player_choice":"Take Damage","damage_taken":23,"relics_obtained":["Golden Idol"],"max_hp_gain":0,"max_hp_loss":0,"event_name":"Golden Idol","floor":5,"gold_loss":0},{"damage_healed":0,"gold_gain":50,"player_choice":"Pray","damage_taken":0,"max_hp_gain":0,"max_hp_loss":0,"event_name":"Golden Shrine","floor":10,"gold_loss":0}],"is_beta":true,"boss_relics":[],"items_purged_floors":[],"is_endless":false,"potions_floor_spawned":[1,6,12,13],"killed_by":"Gremlin Gang","ascension_level":20}