{"gold_per_floor":[113,129,304,323,323,323,358,372,372,447,447,475,493,518,518,518],"floor_reached":16,"playtime":842,"items_purged":[],"score":148,"play_id":"7610f1c7-68e0-4ea6-9ae0-55612c860209","local_time":"20190303163016","is_ascension_mode":true,"campfire_choices":[{"data":"Chill","floor":6,"key":"SMITH"},{"floor":11,"key":"REST"},{"floor":15,"key":"REST"}],"neow_cost":"NONE","seed_source_timestamp":1478965339938059,"circlet_count":0,"master_deck":["Strike_B","Strike_B","Strike_B","Strike_B","Defend_B","Defend_B","Defend_B","Defend_B","Zap","Dualcast","Loop","Coolheaded","Doubt","Chill+1","Beam Cell","White Noise","Beam Cell","Conserve Battery"],"relics":["Philosopher\u0027s Stone","Golden Idol","Vajra","Bag of Marbles","Odd Mushroom"],"potions_floor_usage":[7,16],"damage_taken":[{"damage":6,"enemies":"2 Louse","floor":1,"turns":2},{"damage":19,"enemies":"Small Slimes","floor":2,"turns":3},{"damage":0,"enemies":"Jaw Worm","floor":4,"turns":6},{"damage":15,"enemies":"Lagavulin","floor":7,"turns":11},{"damage":3,"enemies":"2 Fungi Beasts","floor":8,"turns":4},{"damage":24,"enemies":"The Mushroom Lair","floor":12,"turns":6},{"damage":4,"enemies":"Gremlin Gang","floor":13,"turns":5},{"damage":2,"enemies":"Exordium Thugs","floor":14,"turns":5},{"damage":30,"enemies":"The Guardian","floor":16,"turns":9}],"seed_played":"-4781655802893093041","potions_obtained":[{"floor":2,"key":"Dexterity Potion"},{"floor":4,"key":"PowerPotion"}],"is_trial":false,"path_per_floor":["M","M","?","M","?","R","E","M","T","?","R","?","M","M","R","B"],"character_chosen":"DEFECT","items_purchased":[],"campfire_rested":2,"item_purchase_floors":[],"current_hp_per_floor":[62,43,43,43,43,43,28,25,25,14,34,10,6,4,24,0],"gold":518,"neow_bonus":"BOSS_RELIC","is_prod":false,"is_daily":false,"chose_seed":false,"campfire_upgraded":1,"win_rate":0,"timestamp":1551641416,"path_taken":["M","M","?","M","?","R","E","M","T","?","R","?","?","M","R","BOSS"],"build_version":"2019-01-23","purchased_purges":0,"victory":false,"max_hp_per_floor":[75,75,75,75,69,69,69,69,69,69,69,69,69,69,69,69],"card_choices":[{"not_picked":["Steam","Cold Snap"],"picked":"Loop","floor":1},{"not_picked":["Steam","Barrage"],"picked":"Coolheaded","floor":2},{"not_picked":["Streamline","Redo"],"picked":"Chill","floor":4},{"not_picked":["Skim","Storm"],"picked":"Beam Cell","floor":7},{"not_picked":["Melter","Barrage"],"picked":"White Noise","floor":8},{"not_picked":["Go for the Eyes","Steam Power"],"picked":"Beam Cell","floor":12},{"not_picked":["Recycle","Reinforced Body","Ball Lightning"],"picked":"SKIP","floor":13},{"not_picked":["Capacitor","Thunder Strike"],"picked":"Conserve Battery","floor":14}],"player_experience":881518,"relics_obtained":[{"floor":7,"key":"Vajra"},{"floor":9,"key":"Bag of Marbles"},{"floor":12,"key":"Odd Mushroom"}],"event_choices":[{"damage_healed":0,"gold_gain":175,"player_choice":"AGREE","damage_taken":0,"max_hp_gain":0,"max_hp_loss":0,"event_name":"Liars Game","floor":3,"gold_loss":0,"cards_obtained":["Doubt"]},{"damage_healed":0,"gold_gain":0,"player_choice":"Lose Max HP","damage_taken":0,"relics_obtained":["Golden Idol"],"max_hp_gain":0,"max_hp_loss":6,"event_name":"Golden Idol","floor":5,"gold_loss":0},{"damage_healed":0,"gold_gain":75,"player_choice":"Gather Gold","damage_taken":11,"max_hp_gain":0,"max_hp_loss":0,"event_name":"World of Goop","floor":10,"gold_loss":0},{"damage_healed":0,"gold_gain":0,"player_choice":"Fought Mushrooms","damage_taken":0,"max_hp_gain":0,"max_hp_loss":0,"event_name":"Mushrooms","floor":12,"gold_loss":0}],"is_beta":false,"boss_relics":[],"items_purged_floors":[],"is_endless":false,"potions_floor_spawned":[2,4],"killed_by":"The Guardian","ascension_level":9}