{"path_per_floor":["M","?","?","M","$","R","E","R","T","?","M","M","M","E","R"],"character_chosen":"IRONCLAD","items_purchased":["Limit Break"],"gold_per_floor":[114,114,189,210,134,134,169,169,169,169,187,210,234,272,272,272],"floor_reached":16,"campfire_rested":3,"playtime":941,"item_purchase_floors":[5],"current_hp_per_floor":[80,80,69,67,67,80,66,80,80,80,80,80,72,43,67,0],"items_purged":[],"gold":272,"score":127,"play_id":"ce1bdf23-8197-4376-ad9b-716412a5d23d","local_time":"20180616221529","is_prod":false,"is_daily":false,"chose_seed":false,"is_ascension_mode":true,"campfire_upgraded":0,"win_rate":0,"timestamp":1529198129,"campfire_choices":[{"floor":6,"key":"REST"},{"floor":8,"key":"REST"},{"floor":15,"key":"REST"}],"path_taken":["M","?","?","M","$","R","E","R","T","?","?","M","M","E","R","BOSS"],"build_version":"2018-06-14v2","seed_source_timestamp":258696562664974,"purchased_purges":0,"victory":false,"master_deck":["Strike_R","Strike_R","Strike_R","Strike_R","Strike_R","Defend_R","Defend_R","Defend_R","Defend_R","Bash","Twin Strike","Injury","Anger","Limit Break+1","Cleave","Thunderclap","Ghostly Armor","True Grit","Shrug It Off","Cleave"],"max_hp_per_floor":[80,80,80,80,80,80,80,80,80,80,80,80,80,80,80,80],"relics":["Burning Blood","Golden Idol","Gambling Chip","Darkstone Periapt","Dream Catcher"],"card_choices":[{"not_picked":["Clash","Warcry"],"picked":"Twin Strike","floor":1},{"not_picked":["Shockwave","Blood for Blood"],"picked":"Anger","floor":4},{"not_picked":["Clothesline","Flame Barrier"],"picked":"Cleave","floor":7},{"not_picked":["Hemokinesis","Pommel Strike"],"picked":"Thunderclap","floor":11},{"not_picked":["Searing Blow","Twin Strike"],"picked":"Ghostly Armor","floor":12},{"not_picked":["Clothesline","Sever Soul"],"picked":"True Grit","floor":13},{"not_picked":["Armaments","Cleave"],"picked":"Shrug It Off","floor":14},{"not_picked":["Power Through","Disarm"],"picked":"Cleave","floor":15}],"player_experience":343090,"potions_floor_usage":[7,12,16],"damage_taken":[{"damage":5,"enemies":"2 Louse","floor":1,"turns":3},{"damage":8,"enemies":"Jaw Worm","floor":4,"turns":4},{"damage":20,"enemies":"Lagavulin","floor":7,"turns":5},{"damage":0,"enemies":"Small Slimes","floor":11,"turns":2},{"damage":0,"enemies":"Gremlin Gang","floor":12,"turns":1},{"damage":14,"enemies":"Exordium Thugs","floor":13,"turns":5},{"damage":35,"enemies":"Gremlin Nob","floor":14,"turns":5},{"damage":88,"enemies":"The Guardian","floor":16,"turns":12}],"relics_obtained":[{"floor":7,"key":"Gambling Chip"},{"floor":9,"key":"Darkstone Periapt"},{"floor":14,"key":"Dream Catcher"}],"event_choices":[{"event_name":"Golden Idol","player_choice":"Take Wound","floor":2,"damage_taken":0},{"event_name":"World of Goop","player_choice":"Gather Gold","floor":3,"damage_taken":0},{"event_name":"Living Wall","player_choice":"Grow","floor":10,"damage_taken":0}],"boss_relics":[],"items_purged_floors":[],"is_endless":false,"potions_floor_spawned":[1,11,14],"seed_played":"-1450524951691754443","killed_by":"The Guardian","ascension_level":3,"potions_obtained":[{"floor":1,"key":"AttackPotion"},{"floor":11,"key":"Explosive Potion"},{"floor":14,"key":"GamblersBrew"}],"is_trial":false}