{"gold_per_floor":[111,111,131,306,322,322,341,341,341,23,23,36,111,122,122,122],"floor_reached":16,"playtime":482,"items_purged":["Regret"],"score":124,"play_id":"28718673-a691-4da9-9442-832e6f094540","local_time":"20190131151739","is_ascension_mode":true,"campfire_choices":[{"data":"True Grit","floor":6,"key":"SMITH"},{"data":"Sword Boomerang","floor":8,"key":"SMITH"},{"data":"Armaments","floor":15,"key":"SMITH"}],"neow_cost":"NONE","seed_source_timestamp":138856039683692,"circlet_count":0,"master_deck":["Strike_R","Strike_R","Strike_R","Strike_R","Strike_R","Defend_R","Defend_R","Defend_R","Defend_R","Bash","Impatience","Shrug It Off","True Grit+1","Sword Boomerang+1","Thunderclap","Armaments+1","Sword Boomerang"],"relics":["Burning Blood","Thread and Needle","Nunchaku","Meat on the Bone"],"potions_floor_usage":[],"damage_taken":[{"damage":0,"enemies":"Small Slimes","floor":1,"turns":3},{"damage":3,"enemies":"2 Louse","floor":3,"turns":3},{"damage":9,"enemies":"Jaw Worm","floor":5,"turns":5},{"damage":2,"enemies":"Blue Slaver","floor":7,"turns":5},{"damage":0,"enemies":"3 Louse","floor":12,"turns":4},{"damage":5,"enemies":"Exordium Thugs","floor":14,"turns":5},{"damage":84,"enemies":"Slime Boss","floor":16,"turns":9}],"seed_played":"-8346085440919832112","potions_obtained":[{"floor":1,"key":"LiquidBronze"},{"floor":14,"key":"Poison Potion"}],"is_trial":false,"path_per_floor":["M","?","M","?","M","R","M","R","T","$","?","M","?","M","R","B"],"character_chosen":"IRONCLAD","items_purchased":["Meat on the Bone"],"campfire_rested":0,"item_purchase_floors":[10],"current_hp_per_floor":[78,78,80,80,77,77,80,80,80,80,73,79,68,69,69,0],"gold":122,"neow_bonus":"RANDOM_COLORLESS","is_prod":false,"is_daily":false,"chose_seed":false,"campfire_upgraded":3,"win_rate":0,"timestamp":1548958659,"path_taken":["M","?","M","?","?","R","M","R","T","$","?","M","?","M","R","BOSS"],"build_version":"2019-01-23","purchased_purges":1,"victory":false,"max_hp_per_floor":[80,80,80,80,80,80,80,80,80,80,80,80,80,80,80,80],"card_choices":[{"not_picked":["Warcry","Pommel Strike"],"picked":"Shrug It Off","floor":1},{"not_picked":["Heavy Blade","Blood for Blood"],"picked":"True Grit","floor":3},{"not_picked":["Whirlwind","Pommel Strike"],"picked":"Sword Boomerang","floor":5},{"not_picked":["Cleave","Body Slam"],"picked":"Thunderclap","floor":7},{"not_picked":["Corruption","Shrug It Off"],"picked":"Armaments","floor":12},{"not_picked":["Clash","Combust"],"picked":"Sword Boomerang","floor":14}],"player_experience":692556,"relics_obtained":[{"floor":9,"key":"Nunchaku"}],"event_choices":[{"damage_healed":0,"gold_gain":0,"player_choice":"Box","damage_taken":0,"relics_obtained":["Thread and Needle"],"max_hp_gain":0,"max_hp_loss":0,"event_name":"Big Fish","floor":2,"gold_loss":0,"cards_obtained":["Regret"]},{"damage_healed":0,"gold_gain":175,"player_choice":"AGREE","damage_taken":0,"max_hp_gain":0,"max_hp_loss":0,"event_name":"Liars Game","floor":4,"gold_loss":0,"cards_obtained":["Doubt"]},{"cards_removed":["Doubt"],"damage_healed":0,"gold_gain":0,"player_choice":"Card Removal","damage_taken":7,"max_hp_gain":0,"max_hp_loss":0,"event_name":"Golden Wing","floor":11,"gold_loss":0},{"damage_healed":0,"gold_gain":75,"player_choice":"Gather Gold","damage_taken":11,"max_hp_gain":0,"max_hp_loss":0,"event_name":"World of Goop","floor":13,"gold_loss":0}],"is_beta":false,"boss_relics":[],"items_purged_floors":[10],"is_endless":false,"potions_floor_spawned":[1,14],"killed_by":"Slime Boss","ascension_level":7}