{"gold_per_floor":[119,131,131,8,19,80,80,90,114,132,154,154,6,16,16,90,90,101,101,27,45,45,45,75,75],"floor_reached":25,"playtime":899,"items_purged":["Strike_B","Strike_B"],"score":387,"play_id":"e1fd9ed8-2c7a-4e2c-8906-a727b63d3ef7","local_time":"20190509165522","is_ascension_mode":true,"campfire_choices":[{"data":"Gash","floor":7,"key":"SMITH"},{"floor":12,"key":"REST"},{"floor":15,"key":"REST"},{"floor":23,"key":"REST"}],"neow_cost":"NONE","seed_source_timestamp":2430102224234984,"circlet_count":0,"master_deck":["AscendersBane","Strike_B","Strike_B","Defend_B","Defend_B","Defend_B","Defend_B","Zap","Dualcast","Gash+1","Coolheaded","Rebound","Go for the Eyes","Gash","Beam Cell+1","Streamline","Machine Learning","Beam Cell+1","Decay","Scrape","Hologram","Gash+1"],"relics":["Cracked Core","Tiny Chest","PreservedInsect","Odd Mushroom","Lizard Tail","Whetstone"],"potions_floor_usage":[6,16,16,21],"damage_taken":[{"damage":2,"enemies":"Jaw Worm","floor":1,"turns":3},{"damage":8,"enemies":"Small Slimes","floor":2,"turns":4},{"damage":2,"enemies":"2 Louse","floor":5,"turns":3},{"damage":39,"enemies":"3 Sentries","floor":6,"turns":8},{"damage":12,"enemies":"Lots of Slimes","floor":8,"turns":4},{"damage":8,"enemies":"Large Slime","floor":10,"turns":4},{"damage":5,"enemies":"The Mushroom Lair","floor":11,"turns":4},{"damage":12,"enemies":"Exordium Thugs","floor":14,"turns":4},{"damage":15,"enemies":"Hexaghost","floor":16,"turns":9},{"damage":26,"enemies":"Spheric Guardian","floor":18,"turns":4},{"damage":20,"enemies":"Shell Parasite","floor":21,"turns":5},{"damage":65,"enemies":"Slavers","floor":24,"turns":7},{"damage":38,"enemies":"Snake Plant","floor":25,"turns":3}],"seed_played":"-3451034683890817223","potions_obtained":[{"floor":6,"key":"Fruit Juice"},{"floor":10,"key":"Poison Potion"},{"floor":11,"key":"Block Potion"},{"floor":16,"key":"SkillPotion"},{"floor":24,"key":"Ancient Potion"}],"is_trial":false,"path_per_floor":["M","M","?","$","M","E","R","M","T","M","?","R","$","M","R","B",null,"M","?","$","M","?","R","E","M"],"character_chosen":"DEFECT","items_purchased":["Rebound","Streamline","Scrape"],"campfire_rested":3,"item_purchase_floors":[4,13,20],"current_hp_per_floor":[69,61,66,66,64,30,30,18,18,10,5,31,31,19,45,30,74,48,48,48,28,28,54,38,0],"gold":75,"neow_bonus":"TEN_PERCENT_HP_BONUS","is_prod":false,"is_daily":false,"chose_seed":false,"campfire_upgraded":1,"win_rate":0,"timestamp":1557431722,"path_taken":["M","M","?","$","M","E","R","M","T","M","?","R","$","M","R","BOSS","M","?","$","?","?","R","E","M"],"build_version":"2019-01-23","purchased_purges":2,"victory":false,"max_hp_per_floor":[78,78,83,83,83,88,88,88,88,88,88,88,88,88,88,88,88,88,88,88,88,88,88,88,88],"card_choices":[{"not_picked":["Leap","Redo"],"picked":"Gash","floor":1},{"not_picked":["Streamline","Force Field"],"picked":"Coolheaded","floor":2},{"not_picked":["Conserve Battery","Redo"],"picked":"Go for the Eyes","floor":5},{"not_picked":["Glacier","Scrape"],"picked":"Gash","floor":6},{"not_picked":["BootSequence","Rainbow"],"picked":"Beam Cell","floor":8},{"not_picked":["Streamline","Ball Lightning","Barrage"],"picked":"SKIP","floor":10},{"not_picked":["Redo","Ball Lightning","Leap"],"picked":"SKIP","floor":14},{"not_picked":["Meteor Strike","Hyperbeam"],"picked":"Machine Learning","floor":16},{"not_picked":["Darkness","Leap"],"picked":"Beam Cell","floor":18},{"not_picked":["Streamline","Compile Driver"],"picked":"Hologram","floor":21},{"not_picked":["Redo","Streamline+1","Compile Driver"],"picked":"SKIP","floor":24}],"player_experience":1315370,"relics_obtained":[{"floor":6,"key":"Tiny Chest"},{"floor":9,"key":"PreservedInsect"},{"floor":11,"key":"Odd Mushroom"},{"floor":24,"key":"Whetstone"}],"event_choices":[{"damage_healed":0,"gold_gain":0,"player_choice":"Donut","damage_taken":0,"max_hp_gain":5,"max_hp_loss":0,"event_name":"Big Fish","floor":3,"gold_loss":0},{"damage_healed":0,"gold_gain":0,"player_choice":"Fought Mushrooms","damage_taken":0,"max_hp_gain":0,"max_hp_loss":0,"event_name":"Mushrooms","floor":11,"gold_loss":0},{"damage_healed":0,"gold_gain":0,"player_choice":"Cursed","damage_taken":0,"max_hp_gain":0,"max_hp_loss":0,"event_name":"Wheel of Change","floor":19,"gold_loss":0,"cards_obtained":["Decay"]},{"damage_healed":0,"gold_gain":0,"player_choice":"Copied","damage_taken":0,"max_hp_gain":0,"max_hp_loss":0,"event_name":"Duplicator","floor":22,"gold_loss":0,"cards_obtained":["Gash"]}],"is_beta":false,"boss_relics":[{"not_picked":["Orrery","White Beast Statue"],"picked":"Lizard Tail"}],"items_purged_floors":[4,13],"is_endless":false,"potions_floor_spawned":[6,10,11,16,24],"killed_by":"Snake Plant","ascension_level":15}