{"gold_per_floor":[13,32,42,42,117,117,134,160,211,211,240,240,272,288,288,366,366,380,380,65,78,78,78,113,113,136,236,250,250,250,268,268,268],"floor_reached":33,"playtime":3007,"items_purged":["Shame"],"score":566,"play_id":"2ad58cc0-518e-4c03-9d9a-b059f636b53c","local_time":"20181207162000","is_ascension_mode":true,"campfire_choices":[{"floor":6,"key":"REST"},{"floor":10,"key":"REST"},{"data":"Zap","floor":12,"key":"SMITH"},{"floor":15,"key":"REST"},{"data":"Go for the Eyes","floor":23,"key":"SMITH"},{"floor":25,"key":"REST"},{"floor":32,"key":"REST"}],"neow_cost":"NO_GOLD","seed_source_timestamp":1013617163945815,"circlet_count":0,"master_deck":["AscendersBane","Defend_B","Defend_B","Defend_B","Defend_B","Zap+1","Dualcast","Rebound","Ball Lightning","Cold Snap","Conserve Battery","Streamline","Glacier","Seek","Electrodynamics","Ball Lightning+1","Coolheaded+1","Sweeping Beam+1","Capacitor","Steam","Go for the Eyes+1","Biased Cognition","Genetic Algorithm","Hologram"],"relics":["Cracked Core","Ice Cream","Sundial","Oddly Smooth Stone","Smiling Mask","Question Card","Astrolabe","DataDisk","Potion Belt","Torii","Bag of Preparation","Dead Branch","Matryoshka","Enchiridion"],"potions_floor_usage":[11,13,16,21,27,27,31,33],"damage_taken":[{"damage":7,"enemies":"Jaw Worm","floor":1,"turns":3},{"damage":5,"enemies":"Small Slimes","floor":2,"turns":3},{"damage":1,"enemies":"2 Louse","floor":3,"turns":3},{"damage":7,"enemies":"Looter","floor":7,"turns":3},{"damage":35,"enemies":"3 Sentries","floor":8,"turns":10},{"damage":3,"enemies":"Lagavulin","floor":11,"turns":5},{"damage":10,"enemies":"3 Sentries","floor":13,"turns":11},{"damage":3,"enemies":"Blue Slaver","floor":14,"turns":3},{"damage":20,"enemies":"Hexaghost","floor":16,"turns":11},{"damage":17,"enemies":"3 Byrds","floor":18,"turns":4},{"damage":0,"enemies":"Shell Parasite","floor":21,"turns":6},{"damage":29,"enemies":"Slavers","floor":24,"turns":2},{"damage":1,"enemies":"Colosseum Slavers","floor":27,"turns":3},{"damage":1,"enemies":"Colosseum Nobs","floor":27,"turns":4},{"damage":0,"enemies":"Chosen and Byrds","floor":28,"turns":3},{"damage":1,"enemies":"Snecko","floor":31,"turns":3},{"damage":60,"enemies":"Champ","floor":33,"turns":22}],"seed_played":"534027664192295698","potions_obtained":[{"floor":1,"key":"GamblersBrew"},{"floor":2,"key":"PowerPotion"},{"floor":11,"key":"SkillPotion"},{"floor":13,"key":"PowerPotion"},{"floor":16,"key":"EssenceOfSteel"},{"floor":21,"key":"SpeedPotion"},{"floor":24,"key":"SpeedPotion"}],"is_trial":false,"path_per_floor":["M","M","M","?","?","R","M","E","T","R","E","R","E","M","R","B",null,"M","?","$","M","?","R","E","R","T","?","M","$","?","M","R","B"],"character_chosen":"DEFECT","items_purchased":["Potion Belt","PowerPotion","Steam"],"campfire_rested":5,"item_purchase_floors":[20,20,20],"current_hp_per_floor":[57,52,51,44,33,54,47,12,12,33,30,30,20,17,38,18,58,41,41,41,41,41,41,12,33,33,31,31,31,10,9,30,0],"gold":268,"neow_bonus":"ONE_RARE_RELIC","is_prod":false,"is_daily":false,"chose_seed":false,"campfire_upgraded":2,"win_rate":0,"timestamp":1544217600,"path_taken":["M","M","M","?","?","R","M","E","T","R","E","R","E","?","R","BOSS","M","?","$","M","?","R","E","R","T","?","M","?","?","M","R","BOSS"],"build_version":"2018-12-06","purchased_purges":1,"victory":false,"max_hp_per_floor":[71,71,71,71,71,71,71,71,71,71,71,71,71,71,71,71,71,71,71,71,71,71,71,71,71,71,71,71,71,71,71,71,71],"card_choices":[{"not_picked":["Reprogram","Hologram","Scrape"],"picked":"SKIP","floor":1},{"not_picked":["Conserve Battery","Blizzard"],"picked":"Rebound","floor":2},{"not_picked":["Rebound","Heatsinks"],"picked":"Ball Lightning","floor":3},{"not_picked":["Sweeping Beam","Chill"],"picked":"Cold Snap","floor":7},{"not_picked":["Hologram","Rainbow"],"picked":"Conserve Battery","floor":8},{"not_picked":["Recycle","Steam Power"],"picked":"Streamline","floor":11},{"not_picked":["Ball Lightning","Cold Snap"],"picked":"Glacier","floor":13},{"not_picked":["Chill","Hologram","Go for the Eyes"],"picked":"Seek","floor":14},{"not_picked":["Seek","Biased Cognition","Rainbow"],"picked":"Electrodynamics","floor":16},{"not_picked":["Gash","Beam Cell+1","Hologram"],"picked":"Capacitor","floor":18},{"not_picked":["Force Field","Leap","Barrage"],"picked":"Go for the Eyes","floor":21},{"not_picked":["Leap","Chaos","Doom and Gloom"],"picked":"Biased Cognition","floor":24},{"not_picked":["Stack","Coolheaded","Static Discharge"],"picked":"Genetic Algorithm","floor":27},{"not_picked":["Beam Cell","Reprogram","Go for the Eyes"],"picked":"Hologram","floor":28},{"not_picked":["Lockon","Storm","Redo","Coolheaded"],"picked":"SKIP","floor":31}],"player_experience":1055103,"relics_obtained":[{"floor":8,"key":"Sundial"},{"floor":9,"key":"Oddly Smooth Stone"},{"floor":11,"key":"Smiling Mask"},{"floor":13,"key":"Question Card"},{"floor":24,"key":"Torii"},{"floor":26,"key":"Bag of Preparation"},{"floor":27,"key":"Dead Branch"},{"floor":27,"key":"Matryoshka"},{"floor":30,"key":"Enchiridion"}],"event_choices":[{"cards_removed":["Strike_B"],"damage_healed":0,"gold_gain":0,"player_choice":"Card Removal","damage_taken":7,"max_hp_gain":0,"max_hp_loss":0,"event_name":"Golden Wing","floor":4,"gold_loss":0},{"damage_healed":0,"gold_gain":75,"player_choice":"Gather Gold","damage_taken":11,"max_hp_gain":0,"max_hp_loss":0,"event_name":"World of Goop","floor":5,"gold_loss":0},{"damage_healed":0,"gold_gain":0,"player_choice":"Stole Relic","damage_taken":0,"relics_obtained":["DataDisk"],"max_hp_gain":0,"max_hp_loss":0,"event_name":"Addict","floor":19,"gold_loss":0,"cards_obtained":["Shame"]},{"damage_healed":0,"gold_gain":0,"player_choice":"Ignored","damage_taken":0,"max_hp_gain":0,"max_hp_loss":0,"event_name":"Beggar","floor":22,"gold_loss":0},{"damage_healed":0,"gold_gain":0,"player_choice":"Fight","damage_taken":0,"max_hp_gain":0,"max_hp_loss":0,"event_name":"Colosseum","floor":27,"gold_loss":0},{"damage_healed":0,"gold_gain":0,"player_choice":"Fought Nobs","damage_taken":0,"max_hp_gain":0,"max_hp_loss":0,"event_name":"Colosseum","floor":27,"gold_loss":0},{"damage_healed":0,"gold_gain":0,"player_choice":"Obtained Book","damage_taken":21,"max_hp_gain":0,"max_hp_loss":0,"event_name":"Cursed Tome","floor":30,"gold_loss":0}],"is_beta":true,"boss_relics":[{"not_picked":["Fusion Hammer","Busted Crown"],"picked":"Astrolabe"}],"items_purged_floors":[20],"is_endless":false,"potions_floor_spawned":[1,2,11,13,16,18,21,24],"killed_by":"Champ","ascension_level":20}