{"gold_per_floor":[14,28,45,45,62,62,92,92,92,92,110,63,63,88,88,185,185,205,217,252,167,181,181],"floor_reached":23,"playtime":1001,"items_purged":[],"score":277,"play_id":"1094733c-7b22-4bc7-8914-19d9f141bb12","local_time":"20190228181410","is_ascension_mode":true,"campfire_choices":[{"data":"Self Repair","floor":6,"key":"SMITH"},{"data":"Zap","floor":10,"key":"SMITH"},{"floor":15,"key":"REST"}],"neow_cost":"NO_GOLD","seed_source_timestamp":1225818963512570,"circlet_count":0,"master_deck":["Defend_B","Defend_B","Defend_B","Defend_B","Zap+1","Dualcast","Panacea","Self Repair+1","Auto Shields","Capacitor","Doom and Gloom","Hologram","Conserve Battery","Coolheaded","Leap","Defragment","Buffer","Self Repair+1","Thunder Strike+1","Hyperbeam+1","Fusion+1","Capacitor+1","Defragment"],"relics":["Cracked Core","Sundial","Ornamental Fan","Dream Catcher","Odd Mushroom","Astrolabe","Red Mask","Symbiotic Virus"],"potions_floor_usage":[1,16,18,22,23],"damage_taken":[{"damage":3,"enemies":"2 Louse","floor":1,"turns":2},{"damage":6,"enemies":"Cultist","floor":2,"turns":4},{"damage":7,"enemies":"Jaw Worm","floor":3,"turns":5},{"damage":15,"enemies":"Looter","floor":5,"turns":4},{"damage":62,"enemies":"Gremlin Nob","floor":7,"turns":6},{"damage":1,"enemies":"2 Fungi Beasts","floor":11,"turns":4},{"damage":1,"enemies":"The Mushroom Lair","floor":14,"turns":4},{"damage":36,"enemies":"The Guardian","floor":16,"turns":13},{"damage":19,"enemies":"3 Byrds","floor":18,"turns":4},{"damage":42,"enemies":"2 Thieves","floor":19,"turns":4},{"damage":18,"enemies":"Masked Bandits","floor":20,"turns":6},{"damage":34,"enemies":"Shelled Parasite and Fungi","floor":22,"turns":7},{"damage":36,"enemies":"Slavers","floor":23,"turns":3}],"seed_played":"-606868392753237735","potions_obtained":[{"floor":1,"key":"Fruit Juice"},{"floor":7,"key":"EssenceOfSteel"},{"floor":16,"key":"LiquidBronze"},{"floor":19,"key":"Weak Potion"},{"floor":22,"key":"Explosive Potion"}],"is_trial":false,"path_per_floor":["M","M","M","?","M","R","E","?","T","R","M","$","T","?","R","B",null,"M","M","?","?","M","E"],"character_chosen":"DEFECT","items_purchased":["Coolheaded"],"campfire_rested":1,"item_purchase_floors":[12],"current_hp_per_floor":[70,71,71,80,72,72,20,20,20,20,29,29,29,38,62,36,69,70,48,50,50,36,0],"gold":181,"neow_bonus":"RANDOM_COLORLESS_2","is_prod":false,"is_daily":false,"chose_seed":false,"campfire_upgraded":2,"win_rate":0,"timestamp":1551388450,"path_taken":["M","M","M","?","?","R","E","?","T","R","M","?","?","?","R","BOSS","M","M","?","?","M","E"],"build_version":"2019-01-23","purchased_purges":0,"victory":false,"max_hp_per_floor":[80,80,80,80,80,80,80,80,80,80,80,80,80,80,80,80,80,80,80,80,80,80,80],"card_choices":[{"not_picked":["Cold Snap","Rebound"],"picked":"Self Repair","floor":1},{"not_picked":["Sweeping Beam","Conserve Battery"],"picked":"Auto Shields","floor":2},{"not_picked":["Compile Driver","Tempest"],"picked":"Capacitor","floor":3},{"not_picked":["Cold Snap","Turbo"],"picked":"Doom and Gloom","floor":5},{"not_picked":["Force Field","Gash"],"picked":"Hologram","floor":7},{"not_picked":["Stack","Redo"],"picked":"Conserve Battery","floor":11},{"not_picked":["Genetic Algorithm","Stack"],"picked":"Leap","floor":14},{"not_picked":["Recycle","Rebound"],"picked":"Defragment","floor":15},{"not_picked":["Machine Learning","Rainbow"],"picked":"Buffer","floor":16},{"not_picked":["Steam","Streamline"],"picked":"Fusion+1","floor":18},{"not_picked":["Turbo","Conserve Battery"],"picked":"Capacitor+1","floor":19},{"not_picked":["Steam","Compile Driver"],"picked":"Defragment","floor":22}],"player_experience":861806,"relics_obtained":[{"floor":7,"key":"Sundial"},{"floor":9,"key":"Ornamental Fan"},{"floor":13,"key":"Dream Catcher"},{"floor":14,"key":"Odd Mushroom"},{"floor":20,"key":"Red Mask"}],"event_choices":[{"cards_removed":["Forethought"],"damage_healed":9,"gold_gain":0,"player_choice":"Offered Uncommon","damage_taken":0,"max_hp_gain":0,"max_hp_loss":0,"event_name":"Bonfire Elementals","floor":4,"gold_loss":0},{"cards_removed":["Strike_B"],"damage_healed":0,"gold_gain":0,"player_choice":"Card Removal","damage_taken":0,"max_hp_gain":0,"max_hp_loss":0,"event_name":"Wheel of Change","floor":8,"gold_loss":0},{"damage_healed":0,"gold_gain":0,"player_choice":"Fought Mushrooms","damage_taken":0,"max_hp_gain":0,"max_hp_loss":0,"event_name":"Mushrooms","floor":14,"gold_loss":0},{"damage_healed":0,"gold_gain":0,"player_choice":"Fought Bandits","damage_taken":0,"max_hp_gain":0,"max_hp_loss":0,"event_name":"Masked Bandits","floor":20,"gold_loss":0},{"damage_healed":0,"gold_gain":0,"player_choice":"Obtained Relic","damage_taken":0,"relics_obtained":["Symbiotic Virus"],"max_hp_gain":0,"max_hp_loss":0,"event_name":"Addict","floor":21,"gold_loss":85}],"is_beta":false,"boss_relics":[{"not_picked":["Cursed Key","Inserter"],"picked":"Astrolabe"}],"items_purged_floors":[],"is_endless":false,"potions_floor_spawned":[1,7,16,19,22],"killed_by":"Slavers","ascension_level":9}