{"gold_per_floor":[112,112,187,205,45,45,76,91,115,140,23,39,70,89,89,190,190,205,155,166,179,197,223,269,269,318,347,357,370,370,397,397,498,498,508,608,608,620,620,56,56,91,118,118,172,172,172,187,187,187,187,187,85,118,118],"floor_reached":55,"playtime":2810,"items_purged":["Strike_R","Writhe"],"score":842,"play_id":"7403e468-7e7d-46c6-87c3-70cabc91b51f","local_time":"20190209000850","is_ascension_mode":true,"campfire_choices":[{"data":"Uppercut","floor":6,"key":"SMITH"},{"data":"Armaments","floor":15,"key":"SMITH"},{"floor":25,"key":"REST"},{"floor":30,"key":"REST"},{"data":"Discovery","floor":32,"key":"SMITH"},{"data":"Limit Break","floor":41,"key":"SMITH"},{"floor":44,"key":"REST"},{"floor":46,"key":"REST"},{"floor":49,"key":"RECALL"},{"data":"Metallicize","floor":52,"key":"SMITH"}],"neow_cost":"NONE","seed_source_timestamp":4709373908039181,"circlet_count":0,"master_deck":["Strike_R","Strike_R+1","Strike_R","Strike_R","Defend_R","Defend_R","Defend_R","Defend_R+1","Bash+1","Cleave+1","Uppercut+1","Discovery+1","Disarm","Armaments+1","Whirlwind","Metallicize+1","Spot Weakness+1","Limit Break+1","Dropkick","Thunderclap+1","Clothesline","True Grit","Spot Weakness","Armaments+1","PanicButton","Discovery","HandOfGreed","Shrug It Off+1"],"relics":["Burning Blood","Art of War","Red Skull","Whetstone","Mercury Hourglass","Busted Crown","Bronze Scales","Oddly Smooth Stone","Boot","WingedGreaves","PreservedInsect","Runic Dome","StoneCalendar","Strange Spoon","Kunai","War Paint","Anchor","Bottled Tornado","Bag of Preparation"],"potions_floor_usage":[4,14,16,20,21,27,33,35,50,50,54,55,55,55],"damage_taken":[{"damage":6,"enemies":"Jaw Worm","floor":1,"turns":4},{"damage":1,"enemies":"Cultist","floor":4,"turns":3},{"damage":21,"enemies":"Gremlin Nob","floor":7,"turns":4},{"damage":0,"enemies":"2 Louse","floor":8,"turns":2},{"damage":19,"enemies":"Lagavulin","floor":10,"turns":9},{"damage":7,"enemies":"Gremlin Gang","floor":12,"turns":2},{"damage":19,"enemies":"Gremlin Nob","floor":13,"turns":4},{"damage":2,"enemies":"Exordium Thugs","floor":14,"turns":3},{"damage":14,"enemies":"The Guardian","floor":16,"turns":9},{"damage":12,"enemies":"Spheric Guardian","floor":18,"turns":5},{"damage":3,"enemies":"2 Thieves","floor":20,"turns":3},{"damage":21,"enemies":"Centurion and Healer","floor":21,"turns":3},{"damage":10,"enemies":"Snake Plant","floor":22,"turns":3},{"damage":22,"enemies":"Book of Stabbing","floor":23,"turns":5},{"damage":19,"enemies":"Slavers","floor":27,"turns":2},{"damage":20,"enemies":"Sentry and Sphere","floor":28,"turns":4},{"damage":12,"enemies":"Centurion and Healer","floor":29,"turns":3},{"damage":4,"enemies":"Gremlin Leader","floor":31,"turns":5},{"damage":14,"enemies":"Champ","floor":33,"turns":8},{"damage":0,"enemies":"3 Shapes","floor":35,"turns":5},{"damage":10,"enemies":"Mind Bloom Boss Battle","floor":36,"turns":6},{"damage":4,"enemies":"Orb Walker","floor":38,"turns":3},{"damage":50,"enemies":"Giant Head","floor":42,"turns":7},{"damage":35,"enemies":"Reptomancer","floor":45,"turns":5},{"damage":2,"enemies":"Writhing Mass","floor":48,"turns":7},{"damage":35,"enemies":"Time Eater","floor":50,"turns":6},{"damage":24,"enemies":"Shield and Spear","floor":54,"turns":7},{"damage":78,"enemies":"The Heart","floor":55,"turns":5}],"seed_played":"-7316755834287551636","potions_obtained":[{"floor":4,"key":"Fruit Juice"},{"floor":7,"key":"Explosive Potion"},{"floor":12,"key":"Strength Potion"},{"floor":13,"key":"Dexterity Potion"},{"floor":14,"key":"BloodPotion"},{"floor":18,"key":"Block Potion"},{"floor":23,"key":"Strength Potion"},{"floor":27,"key":"SteroidPotion"},{"floor":31,"key":"Weak Potion"},{"floor":33,"key":"AttackPotion"},{"floor":42,"key":"AttackPotion"},{"floor":54,"key":"Fire Potion"}],"is_trial":false,"path_per_floor":["M","?","?","M","$","R","E","M","T","E","$","M","E","M","R","B",null,"M","?","M","M","M","E","T","R","T","E","M","M","R","E","R","B",null,"M","?","?","M","?","$","R","E","T","R","E","R","$","M","R","B",null,"R","$","E","B"],"character_chosen":"IRONCLAD","items_purchased":["Discovery","Armaments","Whirlwind","Strange Spoon","Kunai","SteroidPotion","Block Potion"],"campfire_rested":4,"item_purchase_floors":[5,11,11,40,40,53,53],"current_hp_per_floor":[80,80,72,82,82,82,67,73,73,60,60,59,46,50,50,42,85,79,79,82,75,71,55,55,80,80,67,53,47,72,74,74,66,85,85,81,71,73,85,85,85,41,41,66,37,62,62,66,66,37,85,85,85,67,0],"gold":118,"neow_bonus":"RANDOM_COMMON_RELIC","is_prod":false,"is_daily":false,"chose_seed":false,"campfire_upgraded":5,"win_rate":0,"timestamp":1549688930,"path_taken":["M","?","?","M","$","R","E","M","T","E","$","M","E","?","R","BOSS","M","?","?","M","M","E","?","R","T","E","M","M","R","E","R","BOSS","M","?","?","M","?","$","R","E","T","R","E","R","?","?","R","BOSS","R","$","E","BOSS"],"build_version":"2019-02-06","purchased_purges":2,"victory":false,"max_hp_per_floor":[80,80,80,85,85,85,85,85,85,85,85,85,85,85,85,85,85,85,85,85,85,85,85,85,85,85,85,85,85,85,85,85,85,85,85,85,85,85,85,85,85,85,85,85,85,85,85,85,85,85,85,85,85,85,85],"card_choices":[{"not_picked":["Twin Strike","Headbutt"],"picked":"Cleave","floor":1},{"not_picked":["Pommel Strike","Warcry"],"picked":"Uppercut","floor":4},{"not_picked":["Hemokinesis","Dark Embrace","Pummel"],"picked":"SKIP","floor":7},{"not_picked":["Iron Wave","Body Slam"],"picked":"Disarm","floor":8},{"not_picked":["Searing Blow","Twin Strike","Wild Strike"],"picked":"SKIP","floor":10},{"not_picked":["Juggernaut","Clothesline"],"picked":"Metallicize","floor":12},{"not_picked":["Reckless Charge","Pommel Strike","Havoc"],"picked":"SKIP","floor":13},{"not_picked":["Hemokinesis","Power Through"],"picked":"Spot Weakness","floor":14},{"not_picked":["Offering","Exhume"],"picked":"Limit Break","floor":16},{"not_picked":["Bloodletting"],"picked":"SKIP","floor":18},{"not_picked":[],"picked":"Dropkick","floor":20},{"not_picked":[],"picked":"Thunderclap+1","floor":21},{"not_picked":["Thunderclap"],"picked":"SKIP","floor":22},{"not_picked":["Sever Soul"],"picked":"SKIP","floor":23},{"not_picked":[],"picked":"Clothesline","floor":27},{"not_picked":[],"picked":"True Grit","floor":28},{"not_picked":["Uppercut"],"picked":"SKIP","floor":29},{"not_picked":["Seeing Red"],"picked":"SKIP","floor":31},{"not_picked":[],"picked":"Spot Weakness","floor":35},{"not_picked":[],"picked":"Armaments+1","floor":36},{"not_picked":[],"picked":"PanicButton","floor":37},{"not_picked":[],"picked":"Discovery","floor":37},{"not_picked":[],"picked":"HandOfGreed","floor":37},{"not_picked":[],"picked":"Shrug It Off+1","floor":38},{"not_picked":["Perfected Strike+1"],"picked":"SKIP","floor":42},{"not_picked":["Twin Strike"],"picked":"SKIP","floor":45},{"not_picked":["Anger+1"],"picked":"SKIP","floor":48},{"not_picked":["Thunderclap"],"picked":"SKIP","floor":54}],"player_experience":4423968,"relics_obtained":[{"floor":7,"key":"Red Skull"},{"floor":10,"key":"Whetstone"},{"floor":13,"key":"Mercury Hourglass"},{"floor":23,"key":"Bronze Scales"},{"floor":24,"key":"Oddly Smooth Stone"},{"floor":26,"key":"Boot"},{"floor":27,"key":"WingedGreaves"},{"floor":31,"key":"PreservedInsect"},{"floor":36,"key":"StoneCalendar"},{"floor":42,"key":"War Paint"},{"floor":43,"key":"Anchor"},{"floor":45,"key":"Bottled Tornado"},{"floor":54,"key":"Bag of Preparation"}],"event_choices":[{"damage_healed":0,"gold_gain":0,"player_choice":"Grow","damage_taken":0,"max_hp_gain":0,"max_hp_loss":0,"event_name":"Living Wall","floor":2,"gold_loss":0,"cards_upgraded":["Cleave"]},{"damage_healed":0,"gold_gain":75,"player_choice":"Touch","damage_taken":8,"max_hp_gain":0,"max_hp_loss":0,"event_name":"FaceTrader","floor":3,"gold_loss":0},{"damage_healed":0,"gold_gain":0,"player_choice":"Bet on Owner","damage_taken":0,"max_hp_gain":0,"max_hp_loss":0,"event_name":"The Joust","floor":19,"gold_loss":50},{"damage_healed":0,"gold_gain":0,"player_choice":"Fight","damage_taken":0,"max_hp_gain":0,"max_hp_loss":0,"event_name":"MindBloom","floor":36,"gold_loss":0},{"damage_healed":0,"gold_gain":0,"player_choice":"Memory 3","damage_taken":10,"max_hp_gain":0,"max_hp_loss":0,"event_name":"SensoryStone","floor":37,"gold_loss":0},{"damage_healed":21,"gold_gain":0,"player_choice":"Writhe","damage_taken":0,"max_hp_gain":0,"max_hp_loss":0,"event_name":"Winding Halls","floor":39,"gold_loss":0,"cards_obtained":["Writhe"]}],"is_beta":true,"boss_relics":[{"not_picked":["Orrery","Fusion Hammer"],"picked":"Busted Crown"},{"not_picked":["Mark of Pain","Cursed Key"],"picked":"Runic Dome"}],"items_purged_floors":[5,40],"is_endless":false,"potions_floor_spawned":[4,7,12,13,14,18,23,27,31,33,42,54],"killed_by":"The Heart","ascension_level":1}