{"path_per_floor":["M","M","M","M","M","R","E","R","T","M","$","R","$","M","R","B",null,"M","?","$","M","M","R","M","M","T","R","?","R","?","M","R"],"character_chosen":"DEFECT","items_purchased":["Leap","Strawberry","Hologram","Steam","Flash of Steel"],"gold_per_floor":[109,129,146,159,173,173,203,203,229,241,41,41,17,32,32,128,128,143,143,9,24,39,39,53,67,90,90,90,90,90,105,105,105],"floor_reached":33,"campfire_rested":3,"playtime":3004,"item_purchase_floors":[11,11,13,20,20],"current_hp_per_floor":[67,66,66,66,64,64,22,42,42,44,51,51,51,52,52,24,75,67,53,53,39,42,42,29,29,29,53,53,53,53,32,56,0],"items_purged":[],"gold":105,"score":289,"play_id":"54173169-5cb8-4bc1-b40a-4daf76095de4","local_time":"20180610165706","is_prod":false,"is_daily":false,"chose_seed":false,"is_ascension_mode":true,"campfire_upgraded":0,"win_rate":0,"timestamp":1528660626,"campfire_choices":[{"floor":6,"key":"DIG"},{"floor":8,"key":"REST"},{"floor":12,"key":"DIG"},{"floor":15,"key":"DIG"},{"floor":23,"key":"DIG"},{"floor":27,"key":"REST"},{"floor":29,"key":"DIG"},{"floor":32,"key":"REST"}],"path_taken":["BOSS","M","?","?","?","M","R","E","R","T","M","$","R","$","M","R","BOSS","M","?","$","M","M","R","M","M","T","R","?","R","?","M","R","BOSS"],"build_version":"2018-06-07v3","seed_source_timestamp":0,"purchased_purges":0,"victory":false,"master_deck":["Strike_B+1","Strike_B+1","Strike_B+1","Strike_B+1","Defend_B+1","Defend_B+1","Defend_B+1","Defend_B+1","Zap","Dualcast","Leap","Redo","Redo","Sweeping Beam","Rip and Tear","Hello World","White Noise","Leap","Hologram","Conserve Battery","Seek","Redo","Steam","Flash of Steel","Melter","Hologram+1","Go for the Eyes+1","Ball Lightning+1","Beam Cell"],"max_hp_per_floor":[68,68,68,68,68,68,68,68,68,68,75,75,75,75,75,75,75,75,80,80,80,80,80,80,80,80,80,80,80,80,80,80,80],"relics":["Cracked Core","Shovel","Blood Vial","Omamori","Art of War","Strawberry","Whetstone","Lantern","Nuclear Battery","Dead Branch","Vajra","Bag of Marbles","Peace Pipe"],"card_choices":[{"not_picked":["Tempest","Steam"],"picked":"Leap","floor":1},{"not_picked":["Steam","Turbo"],"picked":"Redo","floor":2},{"not_picked":["Turbo","Hologram"],"picked":"Redo","floor":3},{"not_picked":["Stack","Turbo"],"picked":"Sweeping Beam","floor":4},{"not_picked":["Rebound","Recycle"],"picked":"Rip and Tear","floor":5},{"not_picked":["Meteor Strike","Stack"],"picked":"Hello World","floor":7},{"not_picked":["Static Discharge","Doom and Gloom"],"picked":"White Noise","floor":10},{"not_picked":["Compile Driver","Stack"],"picked":"Conserve Battery","floor":14},{"not_picked":["All For One","Meteor Strike"],"picked":"Seek","floor":16},{"not_picked":["Coolheaded","Barrage"],"picked":"Redo","floor":18},{"not_picked":["Compile Driver","Turbo"],"picked":"Melter","floor":21},{"not_picked":["White Noise","Loop"],"picked":"Hologram+1","floor":22},{"not_picked":["Barrage+1","Glacier"],"picked":"Go for the Eyes+1","floor":24},{"not_picked":["Go for the Eyes+1","Gash"],"picked":"Ball Lightning+1","floor":25},{"not_picked":["Conserve Battery","Compile Driver"],"picked":"Beam Cell","floor":31}],"player_experience":319608,"potions_floor_usage":[5,16,18,21,22,33,33],"damage_taken":[{"damage":1,"enemies":"Cultist","floor":1,"turns":4},{"damage":1,"enemies":"2 Louse","floor":2,"turns":3},{"damage":0,"enemies":"Jaw Worm","floor":3,"turns":3},{"damage":0,"enemies":"Exordium Wildlife","floor":4,"turns":3},{"damage":2,"enemies":"Looter","floor":5,"turns":3},{"damage":44,"enemies":"Gremlin Nob","floor":7,"turns":4},{"damage":0,"enemies":"Large Slime","floor":10,"turns":5},{"damage":1,"enemies":"Blue Slaver","floor":14,"turns":2},{"damage":30,"enemies":"Hexaghost","floor":16,"turns":9},{"damage":8,"enemies":"Shell Parasite","floor":18,"turns":4},{"damage":16,"enemies":"3 Byrds","floor":21,"turns":5},{"damage":6,"enemies":"Snake Plant","floor":22,"turns":4},{"damage":15,"enemies":"3 Cultists","floor":24,"turns":5},{"damage":2,"enemies":"Snecko","floor":25,"turns":5},{"damage":23,"enemies":"Snake Plant","floor":31,"turns":4},{"damage":62,"enemies":"Collector","floor":33,"turns":8}],"relics_obtained":[{"floor":6,"key":"Blood Vial"},{"floor":7,"key":"Omamori"},{"floor":9,"key":"Art of War"},{"floor":12,"key":"Whetstone"},{"floor":15,"key":"Lantern"},{"floor":23,"key":"Dead Branch"},{"floor":26,"key":"Vajra"},{"floor":29,"key":"Peace Pipe"}],"event_choices":[{"event_name":"Forgotten Altar","player_choice":"Shed Blood","floor":19,"damage_taken":0},{"event_name":"The Mausoleum","player_choice":"Yes","floor":28,"damage_taken":0},{"event_name":"Back to Basics","player_choice":"Simplicity","floor":30,"damage_taken":0}],"boss_relics":[{"not_picked":["Eternal Feather","Snecko Eye"],"picked":"Nuclear Battery"}],"items_purged_floors":[],"potions_floor_spawned":[3,4,7,14,16,18,22,31],"seed_played":"2098713337460389094","killed_by":"Collector","ascension_level":3,"potions_obtained":[{"floor":3,"key":"SpeedPotion"},{"floor":4,"key":"Block Potion"},{"floor":7,"key":"FocusPotion"},{"floor":14,"key":"FocusPotion"},{"floor":16,"key":"AttackPotion"},{"floor":18,"key":"SkillPotion"},{"floor":22,"key":"Ancient Potion"},{"floor":31,"key":"LiquidBronze"}],"is_trial":false}