{"gold_per_floor":[110,75,35,35,46,60,77,77,77,92,119,119,133,151,151,254,254,274,288,312,331,341,341,358,75,75,93,93,105,105,160,160,160],"floor_reached":33,"playtime":921,"items_purged":["Decay"],"score":367,"play_id":"00874bb8-8683-40ff-a3b5-776edebd6fc0","local_time":"20190201021516","is_ascension_mode":true,"campfire_choices":[{"data":"Spot Weakness","floor":8,"key":"SMITH"},{"data":"Armaments","floor":12,"key":"SMITH"},{"data":"Infernal Blade","floor":15,"key":"SMITH"},{"floor":23,"key":"REST"},{"data":"Immolate","floor":30,"key":"SMITH"},{"data":"Seeing Red","floor":32,"key":"SMITH"}],"neow_cost":"NONE","seed_source_timestamp":177872617005948,"circlet_count":0,"master_deck":["Strike_R","Strike_R","Strike_R","Strike_R","Strike_R","Defend_R","Defend_R","Defend_R","Defend_R","Bash","Armaments+1","Infernal Blade+1","Iron Wave","Spot Weakness+1","Pommel Strike","Wild Strike","Iron Wave","Clash","Seeing Red+1","Immolate+1","Clash+1","Ghostly Armor","Dropkick","Ghostly Armor+1","Headbutt+1","Regret","True Grit+1","Pain"],"relics":["Burning Blood","NeowsBlessing","Mango","Dodecahedron","Cursed Key","Bronze Scales","Lee\u0027s Waffle","Question Card","Enchiridion"],"potions_floor_usage":[3,11,13,16,22,27,27,33],"damage_taken":[{"damage":0,"enemies":"2 Louse","floor":1,"turns":1},{"damage":0,"enemies":"Cultist","floor":5,"turns":1},{"damage":0,"enemies":"Small Slimes","floor":6,"turns":1},{"damage":10,"enemies":"Exordium Wildlife","floor":7,"turns":3},{"damage":6,"enemies":"Looter","floor":10,"turns":2},{"damage":10,"enemies":"Gremlin Nob","floor":11,"turns":3},{"damage":7,"enemies":"Lots of Slimes","floor":13,"turns":3},{"damage":9,"enemies":"Red Slaver","floor":14,"turns":2},{"damage":56,"enemies":"Slime Boss","floor":16,"turns":12},{"damage":16,"enemies":"Spheric Guardian","floor":18,"turns":4},{"damage":14,"enemies":"2 Thieves","floor":19,"turns":3},{"damage":37,"enemies":"Cultist and Chosen","floor":21,"turns":5},{"damage":8,"enemies":"Centurion and Healer","floor":22,"turns":4},{"damage":19,"enemies":"Snake Plant","floor":24,"turns":2},{"damage":20,"enemies":"Chosen and Byrds","floor":27,"turns":8},{"damage":4,"enemies":"Centurion and Healer","floor":29,"turns":3},{"damage":78,"enemies":"Champ","floor":33,"turns":12}],"seed_played":"-3446921482000119681","potions_obtained":[{"floor":3,"key":"Fruit Juice"},{"floor":3,"key":"BloodPotion"},{"floor":3,"key":"Dexterity Potion"},{"floor":5,"key":"Poison Potion"},{"floor":11,"key":"Explosive Potion"},{"floor":13,"key":"SmokeBomb"},{"floor":18,"key":"SpeedPotion"},{"floor":24,"key":"GamblersBrew"},{"floor":27,"key":"Block Potion"}],"is_trial":false,"path_per_floor":["M","$","?","$","M","M","M","R","T","M","E","R","M","M","R","B",null,"M","M","T","M","M","R","M","$","T","M","?","M","R","T","R","B"],"character_chosen":"IRONCLAD","items_purchased":["Infernal Blade","Lee\u0027s Waffle"],"campfire_rested":1,"item_purchase_floors":[2,25],"current_hp_per_floor":[78,78,83,83,85,85,81,81,95,95,91,91,90,87,87,46,86,76,68,68,37,35,64,51,106,106,92,76,78,78,78,78,0],"gold":160,"neow_bonus":"THREE_ENEMY_KILL","is_prod":false,"is_daily":false,"chose_seed":false,"campfire_upgraded":5,"win_rate":0,"timestamp":1548998116,"path_taken":["M","$","?","$","?","M","M","R","T","M","E","R","M","M","R","BOSS","M","?","?","?","M","R","M","$","T","M","?","M","R","?","R","BOSS"],"build_version":"2019-01-23","purchased_purges":1,"victory":false,"max_hp_per_floor":[80,80,85,85,85,85,85,85,99,99,99,99,99,99,99,99,99,99,99,99,99,99,99,99,106,106,106,106,106,106,106,106,106],"card_choices":[{"not_picked":["True Grit","Heavy Blade"],"picked":"Armaments","floor":1},{"not_picked":["Reckless Charge","Barricade"],"picked":"Iron Wave","floor":5},{"not_picked":["Anger","Body Slam"],"picked":"Spot Weakness","floor":6},{"not_picked":["Rupture","Reckless Charge"],"picked":"Pommel Strike","floor":7},{"not_picked":["Warcry","Evolve"],"picked":"Wild Strike","floor":10},{"not_picked":["Shrug It Off","Cleave"],"picked":"Iron Wave","floor":11},{"not_picked":["Warcry","True Grit"],"picked":"Clash","floor":13},{"not_picked":["Body Slam","Corruption"],"picked":"Seeing Red","floor":14},{"not_picked":["Impervious","Berserk"],"picked":"Immolate","floor":16},{"not_picked":["Anger+1","Reckless Charge+1"],"picked":"Clash+1","floor":18},{"not_picked":["Searing Blow+1","Heavy Blade+1"],"picked":"Ghostly Armor","floor":19},{"not_picked":["Twin Strike","Sentinel"],"picked":"Dropkick","floor":21},{"not_picked":["Combust","Seeing Red"],"picked":"Ghostly Armor+1","floor":22},{"not_picked":["Cleave","Anger+1"],"picked":"Headbutt+1","floor":24},{"not_picked":["Whirlwind","Havoc","Brutality","Fire Breathing+1"],"picked":"SKIP","floor":27},{"not_picked":["Bloodletting","Clothesline","Feel No Pain"],"picked":"True Grit+1","floor":29}],"player_experience":702900,"relics_obtained":[{"floor":9,"key":"Mango"},{"floor":11,"key":"Dodecahedron"},{"floor":20,"key":"Bronze Scales"},{"floor":26,"key":"Question Card"},{"floor":28,"key":"Enchiridion"}],"event_choices":[{"damage_healed":0,"gold_gain":0,"player_choice":"Bought 3 Potions","damage_taken":0,"max_hp_gain":0,"max_hp_loss":0,"event_name":"The Woman in Blue","floor":3,"gold_loss":0},{"damage_healed":0,"gold_gain":0,"player_choice":"Obtained Book","damage_taken":16,"max_hp_gain":0,"max_hp_loss":0,"event_name":"Cursed Tome","floor":28,"gold_loss":0}],"is_beta":false,"boss_relics":[{"not_picked":["Astrolabe","Black Blood"],"picked":"Cursed Key"}],"items_purged_floors":[25],"is_endless":false,"potions_floor_spawned":[5,10,11,13,18,24,27],"killed_by":"Champ","ascension_level":7}