{"gold_per_floor":[118,137,19,19,19,19,94,119,119,119,154,154,154,181,181,281,281,299,318,318,318,330,362,362,380,430,430,441,459,459,486,486,586,586,596,612,627,645,156,181,57,57,84,84,84,84,0,75,75,75,75,75,4,37,37],"floor_reached":55,"playtime":3262,"items_purged":["Strike_R+1","Strike_R+1"],"score":760,"play_id":"7abb801a-59fe-4f7c-8e00-50ac1540299a","local_time":"20190224155148","is_ascension_mode":true,"campfire_choices":[{"data":"Metallicize","floor":6,"key":"SMITH"},{"data":"Iron Wave","floor":10,"key":"SMITH"},{"data":"Sword Boomerang","floor":12,"key":"SMITH"},{"data":"Rage","floor":15,"key":"SMITH"},{"data":"Bludgeon","floor":24,"key":"SMITH"},{"data":"Rampage","floor":32,"key":"SMITH"},{"floor":42,"key":"RECALL"}],"neow_cost":"TEN_PERCENT_HP_LOSS","seed_source_timestamp":6061296865437416,"circlet_count":0,"master_deck":["Strike_R+1","Strike_R+1","Defend_R+1","Defend_R+1","Defend_R+1","Defend_R+1","Bash+1","Battle Trance","Metallicize+1","Iron Wave+1","Sword Boomerang+1","Rage+1","Bludgeon+1","Armaments+1","Dropkick","Rampage+1","Whirlwind","Shrug It Off","Dual Wield","Headbutt","Fiend Fire","Thunderclap+1","True Grit","Battle Trance","Master of Strategy","Warcry+1","Shrug It Off","The Bomb","Offering"],"relics":["Burning Blood","Champion Belt","Nunchaku","Omamori","Boot","Bag of Preparation","Darkstone Periapt","Coffee Dripper","StoneCalendar","Vajra","Letter Opener","Smiling Mask","Fusion Hammer","Ornamental Fan","Regal Pillow","Red Mask","Pear"],"potions_floor_usage":[16,19,31,33,37,40,50,54,55,55],"damage_taken":[{"damage":3,"enemies":"Jaw Worm","floor":1,"turns":3},{"damage":0,"enemies":"Small Slimes","floor":2,"turns":3},{"damage":10,"enemies":"3 Sentries","floor":8,"turns":12},{"damage":11,"enemies":"Lagavulin","floor":11,"turns":8},{"damage":2,"enemies":"3 Sentries","floor":14,"turns":8},{"damage":4,"enemies":"Slime Boss","floor":16,"turns":10},{"damage":0,"enemies":"Chosen","floor":18,"turns":5},{"damage":3,"enemies":"3 Byrds","floor":19,"turns":2},{"damage":0,"enemies":"Shelled Parasite and Fungi","floor":22,"turns":5},{"damage":8,"enemies":"Book of Stabbing","floor":23,"turns":5},{"damage":0,"enemies":"Snake Plant","floor":25,"turns":2},{"damage":2,"enemies":"Chosen and Byrds","floor":28,"turns":4},{"damage":1,"enemies":"Sentry and Sphere","floor":29,"turns":3},{"damage":0,"enemies":"Gremlin Leader","floor":31,"turns":6},{"damage":22,"enemies":"Champ","floor":33,"turns":9},{"damage":0,"enemies":"Orb Walker","floor":35,"turns":2},{"damage":8,"enemies":"3 Shapes","floor":36,"turns":4},{"damage":0,"enemies":"Jaw Worm Horde","floor":37,"turns":1},{"damage":0,"enemies":"Transient","floor":38,"turns":5},{"damage":33,"enemies":"Reptomancer","floor":40,"turns":6},{"damage":14,"enemies":"Donu and Deca","floor":50,"turns":8},{"damage":13,"enemies":"Shield and Spear","floor":54,"turns":4},{"damage":75,"enemies":"The Heart","floor":55,"turns":8}],"seed_played":"-7605746112602032305","potions_obtained":[{"floor":1,"key":"GamblersBrew"},{"floor":14,"key":"LiquidBronze"},{"floor":19,"key":"Fire Potion"},{"floor":25,"key":"PowerPotion"},{"floor":33,"key":"SteroidPotion"},{"floor":35,"key":"Poison Potion"},{"floor":40,"key":"Strength Potion"},{"floor":54,"key":"SkillPotion"}],"is_trial":false,"path_per_floor":["M","M","$","?","?","R","?","E","T","R","E","R","T","E","R","B",null,"M","M","?","?","M","E","R","M","T","?","M","M","?","E","R","B",null,"M","M","M","M","$","E","$","R","T","R","?","?","?","?","R","B",null,"R","$","E","B"],"character_chosen":"IRONCLAD","items_purchased":["Metallicize","Iron Wave","Ornamental Fan","Master of Strategy","PowerPotion","Shrug It Off","Ancient Potion"],"campfire_rested":0,"item_purchase_floors":[3,3,39,39,41,41,53],"current_hp_per_floor":[72,72,72,58,58,58,47,43,43,43,38,38,38,42,42,44,72,72,72,72,72,72,70,70,72,72,72,72,72,72,72,72,56,72,72,70,72,72,72,45,45,45,45,45,45,45,45,38,38,30,72,72,72,75,0],"gold":37,"neow_bonus":"ONE_RARE_RELIC","is_prod":false,"is_daily":false,"chose_seed":false,"campfire_upgraded":6,"win_rate":0,"timestamp":1551041508,"path_taken":["M","M","$","?","?","R","?","E","T","R","E","R","?","E","R","BOSS","M","M","?","?","?","E","R","M","T","?","M","M","?","E","R","BOSS","M","M","M","M","$","E","$","R","T","R","?","?","?","?","R","BOSS","R","$","E","BOSS"],"build_version":"2019-02-06","purchased_purges":2,"victory":false,"max_hp_per_floor":[72,72,72,72,72,72,72,72,72,72,72,72,72,72,72,72,72,72,72,72,72,72,72,72,72,72,72,72,72,72,72,72,72,72,72,72,72,72,72,72,72,72,72,72,72,72,72,72,72,72,72,72,72,82,82],"card_choices":[{"not_picked":["Heavy Blade","Clothesline"],"picked":"Battle Trance","floor":1},{"not_picked":["Warcry","Rupture","Flex"],"picked":"SKIP","floor":2},{"not_picked":["Warcry","Dual Wield"],"picked":"Cleave","floor":8},{"not_picked":["Clash","Havoc"],"picked":"Sword Boomerang","floor":11},{"not_picked":["Warcry","Second Wind"],"picked":"Rage","floor":14},{"not_picked":["Exhume","Brutality"],"picked":"Bludgeon","floor":16},{"not_picked":["Heavy Blade","Cleave"],"picked":"Armaments+1","floor":18},{"not_picked":["Feel No Pain+1","Heavy Blade"],"picked":"Dropkick","floor":19},{"not_picked":["Searing Blow","Pommel Strike"],"picked":"Rampage","floor":22},{"not_picked":["Corruption","Armaments+1"],"picked":"Whirlwind","floor":23},{"not_picked":["Flex","Rampage","Pommel Strike"],"picked":"SKIP","floor":25},{"not_picked":["Armaments","Wild Strike+1"],"picked":"Shrug It Off","floor":28},{"not_picked":["Iron Wave","Rupture"],"picked":"Dual Wield","floor":29},{"not_picked":["Second Wind","Blood for Blood+1","Wild Strike"],"picked":"SKIP","floor":31},{"not_picked":["Reaper","Impervious"],"picked":"Fiend Fire","floor":33},{"not_picked":["Combust+1","Anger"],"picked":"Thunderclap+1","floor":35},{"not_picked":["Intimidate","Havoc","Thunderclap"],"picked":"SKIP","floor":36},{"not_picked":["Impervious","Bloodletting"],"picked":"True Grit","floor":37},{"not_picked":["Perfected Strike+1","Burning Pact"],"picked":"Battle Trance","floor":38},{"not_picked":["Sever Soul","Combust"],"picked":"Warcry+1","floor":40},{"not_picked":["HandOfGreed","Forethought"],"picked":"The Bomb","floor":46},{"not_picked":["Disarm+1","Body Slam"],"picked":"Offering","floor":54}],"player_experience":4674820,"relics_obtained":[{"floor":8,"key":"Nunchaku"},{"floor":9,"key":"Omamori"},{"floor":11,"key":"Boot"},{"floor":13,"key":"Bag of Preparation"},{"floor":14,"key":"Darkstone Periapt"},{"floor":23,"key":"StoneCalendar"},{"floor":26,"key":"Vajra"},{"floor":31,"key":"Smiling Mask"},{"floor":40,"key":"Regal Pillow"},{"floor":54,"key":"Pear"}],"event_choices":[{"damage_healed":0,"gold_gain":0,"player_choice":"Entered Light","damage_taken":14,"max_hp_gain":0,"max_hp_loss":0,"event_name":"Shining Light","floor":4,"gold_loss":0,"cards_upgraded":["Bash","Strike_R"]},{"damage_healed":0,"gold_gain":0,"player_choice":"Leave","damage_taken":0,"max_hp_gain":0,"max_hp_loss":0,"event_name":"The Cleric","floor":5,"gold_loss":0},{"damage_healed":0,"gold_gain":75,"player_choice":"Gather Gold","damage_taken":11,"max_hp_gain":0,"max_hp_loss":0,"event_name":"World of Goop","floor":7,"gold_loss":0},{"damage_healed":0,"gold_gain":0,"player_choice":"Simplicity","damage_taken":0,"max_hp_gain":0,"max_hp_loss":0,"event_name":"Back to Basics","floor":20,"gold_loss":0,"cards_upgraded":["Strike_R","Strike_R","Strike_R","Strike_R","Defend_R","Defend_R","Defend_R","Defend_R"]},{"cards_removed":["Strike_R"],"damage_healed":0,"gold_gain":0,"player_choice":"Purged","damage_taken":0,"max_hp_gain":0,"max_hp_loss":0,"event_name":"Purifier","floor":21,"gold_loss":0},{"damage_healed":0,"gold_gain":0,"player_choice":"Opened","damage_taken":0,"relics_obtained":["Letter Opener"],"max_hp_gain":0,"max_hp_loss":0,"event_name":"The Mausoleum","floor":27,"gold_loss":0},{"damage_healed":0,"gold_gain":0,"player_choice":"Read","damage_taken":0,"max_hp_gain":0,"max_hp_loss":0,"event_name":"The Library","floor":30,"gold_loss":0,"cards_obtained":["Headbutt"]},{"cards_removed":["Cleave"],"damage_healed":0,"gold_gain":0,"player_choice":"Removed Attack","damage_taken":0,"max_hp_gain":0,"max_hp_loss":0,"event_name":"Falling","floor":45,"gold_loss":0},{"damage_healed":0,"gold_gain":0,"player_choice":"Memory 1","damage_taken":0,"max_hp_gain":0,"max_hp_loss":0,"event_name":"SensoryStone","floor":46,"gold_loss":0},{"damage_healed":0,"gold_gain":0,"player_choice":"Paid","damage_taken":0,"relics_obtained":["Red Mask"],"max_hp_gain":0,"max_hp_loss":0,"event_name":"Tomb of Lord Red Mask","floor":47,"gold_loss":84},{"damage_healed":0,"gold_gain":75,"player_choice":"Touch","damage_taken":7,"max_hp_gain":0,"max_hp_loss":0,"event_name":"FaceTrader","floor":48,"gold_loss":0}],"is_beta":true,"boss_relics":[{"not_picked":["Tiny House","Calling Bell"],"picked":"Coffee Dripper"},{"not_picked":["Black Blood","Runic Cube"],"picked":"Fusion Hammer"}],"items_purged_floors":[39,41],"is_endless":false,"potions_floor_spawned":[1,14,19,25,33,35,40,54],"killed_by":"The Heart","ascension_level":1}