{"gold_per_floor":[110,110,122,122,142,142,161,191,191,191,116,116,116,116,116,192,192,210,73,123,123,141,141,160,188,214,214,227,242,273,283,283,359,359,369,340,340,115,115,115,60,94,94,125,125,125],"floor_reached":46,"playtime":3085,"items_purged":["Strike_R","Strike_R"],"score":1128,"play_id":"1c3148ab-2054-4827-96b1-b2a4a294ccc1","local_time":"20190404160108","is_ascension_mode":true,"campfire_choices":[{"data":"Whirlwind","floor":6,"key":"SMITH"},{"data":"Bash","floor":10,"key":"SMITH"},{"floor":13,"key":"REST"},{"data":"Demon Form","floor":15,"key":"SMITH"},{"floor":23,"key":"REST"},{"data":"Strike_R","floor":27,"key":"PURGE"},{"floor":32,"key":"REST"},{"floor":40,"key":"REST"},{"floor":45,"key":"REST"}],"neow_cost":"NONE","seed_source_timestamp":19874319157342,"circlet_count":0,"master_deck":["AscendersBane","Strike_R","Defend_R","Defend_R","Defend_R","Defend_R","Bash+1","Demon Form+1","Flame Barrier","Whirlwind+1","Iron Wave","Offering","Disarm+1","Corruption","Havoc+1","Flame Barrier","Heavy Blade","Feel No Pain","Reaper","Exhume","Burning Pact","Shrug It Off","Shrug It Off","Shrug It Off","Flame Barrier"],"relics":["Burning Blood","Torii","Du-Vu Doll","Fusion Hammer","Peace Pipe","Pen Nib","Bottled Lightning","Black Star","Bag of Preparation","Molten Egg 2","Mercury Hourglass","Prayer Wheel","Meat on the Bone"],"potions_floor_usage":[8,14,42,42,42,42],"damage_taken":[{"damage":19,"enemies":"Jaw Worm","floor":1,"turns":4},{"damage":0,"enemies":"Small Slimes","floor":3,"turns":4},{"damage":5,"enemies":"2 Louse","floor":5,"turns":4},{"damage":6,"enemies":"Looter","floor":7,"turns":4},{"damage":32,"enemies":"Gremlin Nob","floor":8,"turns":4},{"damage":8,"enemies":"Gremlin Gang","floor":14,"turns":2},{"damage":21,"enemies":"Slime Boss","floor":16,"turns":7},{"damage":29,"enemies":"Shell Parasite","floor":18,"turns":4},{"damage":7,"enemies":"Spheric Guardian","floor":22,"turns":3},{"damage":7,"enemies":"Cultist and Chosen","floor":24,"turns":4},{"damage":6,"enemies":"Gremlin Leader","floor":25,"turns":4},{"damage":14,"enemies":"Centurion and Healer","floor":28,"turns":3},{"damage":15,"enemies":"Shelled Parasite and Fungi","floor":29,"turns":4},{"damage":14,"enemies":"Book of Stabbing","floor":30,"turns":4},{"damage":13,"enemies":"Snecko","floor":31,"turns":5},{"damage":48,"enemies":"Collector","floor":33,"turns":6},{"damage":44,"enemies":"3 Shapes","floor":35,"turns":9},{"damage":51,"enemies":"Nemesis","floor":42,"turns":9},{"damage":28,"enemies":"Giant Head","floor":44,"turns":6},{"damage":64,"enemies":"Nemesis","floor":46,"turns":8}],"seed_played":"-3105838040518518431","potions_obtained":[{"floor":5,"key":"Energy Potion"},{"floor":8,"key":"SmokeBomb"},{"floor":24,"key":"Swift Potion"},{"floor":25,"key":"Strength Potion"},{"floor":30,"key":"EntropicBrew"},{"floor":31,"key":"PowerPotion"}],"is_trial":false,"path_per_floor":["M","?","M","?","M","R","M","E","T","R","$","?","R","M","R","B",null,"M","$","?","?","M","R","M","E","T","R","M","M","E","M","R","B",null,"M","$","?","$","?","R","$","E","T","E","R","E"],"character_chosen":"IRONCLAD","items_purchased":["Corruption","Shrug It Off","Bag of Preparation","Shrug It Off","Shrug It Off"],"campfire_rested":5,"item_purchase_floors":[19,36,38,38,41],"current_hp_per_floor":[55,37,43,43,44,44,44,18,18,18,18,18,40,38,38,23,62,39,39,39,39,38,60,59,59,59,59,51,42,34,27,49,45,68,30,30,30,30,30,52,52,8,8,40,62,0],"gold":125,"neow_bonus":"ONE_RANDOM_RARE_CARD","is_prod":false,"is_daily":false,"chose_seed":false,"campfire_upgraded":3,"win_rate":0,"timestamp":1554408068,"path_taken":["M","?","M","?","M","R","M","E","T","R","$","?","R","M","R","BOSS","M","$","?","?","?","R","M","E","T","R","M","M","E","M","R","BOSS","M","$","?","$","?","R","?","E","T","E","R","E"],"build_version":"2019-01-23","purchased_purges":2,"victory":false,"max_hp_per_floor":[75,75,75,75,75,75,75,75,75,75,75,75,75,75,75,75,75,75,75,75,75,75,75,75,75,75,75,75,75,75,75,75,75,75,75,75,75,75,75,75,75,75,75,75,75,75],"card_choices":[{"not_picked":["Heavy Blade","Perfected Strike"],"picked":"Flame Barrier","floor":1},{"not_picked":["Perfected Strike","Warcry","Thunderclap"],"picked":"SKIP","floor":3},{"not_picked":["Perfected Strike","Clash"],"picked":"Whirlwind","floor":5},{"not_picked":["Whirlwind","Metallicize","Carnage"],"picked":"SKIP","floor":7},{"not_picked":["Sever Soul","Warcry"],"picked":"Iron Wave","floor":8},{"not_picked":["Dark Embrace","Barricade"],"picked":"Offering","floor":16},{"not_picked":["Spot Weakness","Clash"],"picked":"Disarm","floor":18},{"not_picked":["Flex","Infernal Blade","Warcry"],"picked":"SKIP","floor":22},{"not_picked":["Thunderclap","Wild Strike+1","Headbutt"],"picked":"SKIP","floor":24},{"not_picked":["Bludgeon","Warcry"],"picked":"Havoc+1","floor":25},{"not_picked":["Iron Wave","Dual Wield"],"picked":"Flame Barrier","floor":28},{"not_picked":["Uppercut","Thunderclap"],"picked":"Heavy Blade","floor":29},{"not_picked":["Seeing Red","Ghostly Armor"],"picked":"Feel No Pain","floor":30},{"not_picked":["Seeing Red","Shrug It Off"],"picked":"Reaper","floor":31},{"not_picked":["Demon Form","Barricade"],"picked":"Exhume","floor":33},{"not_picked":["Perfected Strike+1","Iron Wave"],"picked":"Burning Pact","floor":35},{"not_picked":["Seeing Red","Inflame","Warcry"],"picked":"SKIP","floor":42},{"not_picked":["Clash+1","Havoc"],"picked":"Flame Barrier","floor":44}],"player_experience":1225369,"relics_obtained":[{"floor":8,"key":"Torii"},{"floor":9,"key":"Du-Vu Doll"},{"floor":25,"key":"Peace Pipe"},{"floor":26,"key":"Pen Nib"},{"floor":30,"key":"Bottled Lightning"},{"floor":42,"key":"Molten Egg 2"},{"floor":42,"key":"Mercury Hourglass"},{"floor":44,"key":"Prayer Wheel"},{"floor":44,"key":"Meat on the Bone"}],"event_choices":[{"damage_healed":0,"gold_gain":0,"player_choice":"Fled","damage_taken":18,"max_hp_gain":0,"max_hp_loss":0,"event_name":"Scrap Ooze","floor":2,"gold_loss":0},{"damage_healed":0,"gold_gain":0,"player_choice":"Ignored","damage_taken":0,"max_hp_gain":0,"max_hp_loss":0,"event_name":"Liars Game","floor":4,"gold_loss":0},{"cards_removed":["Strike_R"],"damage_healed":0,"gold_gain":0,"player_choice":"Forget","damage_taken":0,"max_hp_gain":0,"max_hp_loss":0,"event_name":"Living Wall","floor":12,"gold_loss":0},{"damage_healed":0,"gold_gain":50,"player_choice":"Stole From Cult","damage_taken":0,"max_hp_gain":0,"max_hp_loss":0,"event_name":"Nest","floor":20,"gold_loss":0},{"damage_healed":0,"gold_gain":0,"player_choice":"Upgraded","damage_taken":0,"max_hp_gain":0,"max_hp_loss":0,"event_name":"Upgrade Shrine","floor":21,"gold_loss":0,"cards_upgraded":["Disarm"]},{"damage_healed":0,"gold_gain":0,"player_choice":"Ignored","damage_taken":0,"max_hp_gain":0,"max_hp_loss":0,"event_name":"Tomb of Lord Red Mask","floor":37,"gold_loss":0},{"damage_healed":0,"gold_gain":0,"player_choice":"Ignored","damage_taken":0,"max_hp_gain":0,"max_hp_loss":0,"event_name":"The Moai Head","floor":39,"gold_loss":0}],"is_beta":false,"boss_relics":[{"not_picked":["Pandora\u0027s Box","Coffee Dripper"],"picked":"Fusion Hammer"},{"not_picked":["Black Blood","Philosopher\u0027s Stone"],"picked":"Black Star"}],"items_purged_floors":[11,19],"is_endless":false,"potions_floor_spawned":[5,8,24,25,30,31,33,35],"killed_by":"Nemesis","ascension_level":20}