{"gold_per_floor":[111,125,125,150,164,207,207,207,207,207,207,138,162,186,186,186],"floor_reached":16,"playtime":948,"items_purged":[],"score":152,"play_id":"a0db304c-e334-4fb3-8b58-38522ffac3c8","local_time":"20180713094057","is_ascension_mode":false,"campfire_choices":[{"floor":7,"key":"REST"},{"data":"Sunder","floor":11,"key":"SMITH"},{"floor":15,"key":"REST"}],"neow_cost":"","seed_source_timestamp":0,"circlet_count":0,"master_deck":["Strike_B","Strike_B","Strike_B","Strike_B","Defend_B","Defend_B","Defend_B","Defend_B","Zap","Dualcast","Steam Power","Sunder+1","Defragment","Turbo","Multi-Cast","Tempest","Steam Power","Recycle"],"relics":["Cracked Core","Golden Idol","Centennial Puzzle","DataDisk","Singing Bowl"],"potions_floor_usage":[16,16],"damage_taken":[{"damage":1,"enemies":"Cultist","floor":1,"turns":3},{"damage":2,"enemies":"2 Louse","floor":2,"turns":2},{"damage":3,"enemies":"Jaw Worm","floor":4,"turns":3},{"damage":0,"enemies":"Large Slime","floor":5,"turns":4},{"damage":20,"enemies":"Gremlin Nob","floor":6,"turns":4},{"damage":6,"enemies":"2 Fungi Beasts","floor":13,"turns":2},{"damage":26,"enemies":"Gremlin Gang","floor":14,"turns":2},{"damage":44,"enemies":"The Guardian","floor":16,"turns":7}],"seed_played":"-3367669474538581147","potions_obtained":[{"floor":2,"key":"Swift Potion"},{"floor":4,"key":"Energy Potion"}],"is_trial":true,"path_per_floor":["M","M","?","M","M","E","R","T","T","$","R","$","M","M","R"],"character_chosen":"DEFECT","items_purchased":["Tempest"],"campfire_rested":2,"item_purchase_floors":[12],"current_hp_per_floor":[74,72,54,51,51,31,53,53,53,53,53,53,47,21,43,0],"gold":186,"neow_bonus":"","is_prod":false,"is_daily":false,"chose_seed":false,"campfire_upgraded":1,"win_rate":0,"timestamp":1531485657,"path_taken":["M","?","?","M","M","E","R","?","T","$","R","$","M","M","R","BOSS"],"build_version":"2018-07-12","purchased_purges":0,"victory":false,"max_hp_per_floor":[75,75,75,75,75,75,75,75,75,75,75,75,75,75,75,75],"card_choices":[{"not_picked":["Beam Cell","Force Field"],"picked":"Steam Power","floor":1},{"not_picked":["Force Field","Self Repair"],"picked":"Sunder","floor":2},{"not_picked":["Conserve Battery","Barrage"],"picked":"Defragment","floor":4},{"not_picked":["Beam Cell","Rebound"],"picked":"Turbo","floor":5},{"not_picked":["Gash","Lockon"],"picked":"Multi-Cast","floor":6},{"not_picked":["Compile Driver","Stack"],"picked":"Steam Power","floor":13},{"not_picked":["Go for the Eyes","Cold Snap"],"picked":"Recycle","floor":14}],"player_experience":460326,"relics_obtained":[{"floor":6,"key":"Centennial Puzzle"},{"floor":8,"key":"DataDisk"},{"floor":9,"key":"Singing Bowl"}],"event_choices":[{"event_name":"Golden Idol","player_choice":"Take Damage","floor":3,"damage_taken":0}],"boss_relics":[],"items_purged_floors":[],"is_endless":true,"potions_floor_spawned":[2,4],"killed_by":"The Guardian","ascension_level":0}