{"gold_per_floor":[118,135,153,169,188,188,221,321,321,321,302,329,329,116,116,213,213,232,232,252,84,103,103,132,132,132,159,159],"floor_reached":28,"playtime":917,"items_purged":[],"score":352,"play_id":"f4700401-8cbe-4079-9575-df3e1bd9053c","local_time":"20190115033511","is_ascension_mode":true,"campfire_choices":[{"floor":6,"key":"REST"},{"floor":10,"key":"REST"},{"floor":13,"key":"REST"},{"data":"Noxious Fumes","floor":15,"key":"SMITH"},{"data":"Mayhem","floor":23,"key":"SMITH"},{"floor":25,"key":"REST"}],"neow_cost":"NONE","seed_source_timestamp":142668748740308,"circlet_count":0,"master_deck":["Survivor+1","Neutralize","Poisoned Stab","Poisoned Stab","Deadly Poison","Bouncing Flask","Noxious Fumes","Cloak And Dagger","Poisoned Stab","Escape Plan","Noxious Fumes+1","Cloak And Dagger","Corpse Explosion","Grand Finale","Storm of Steel","Endless Agony","Wraith Form v2","Slice","All Out Attack","Footwork","Envenom","Distraction","Skewer","Deadly Poison","Flying Knee","All Out Attack","Mayhem+1","Finisher","Leg Sweep","Backstab"],"relics":["Ring of the Snake","Oddly Smooth Stone","The Courier","Snake Skull","Omamori","Pandora\u0027s Box","Peace Pipe","Paper Crane","Question Card"],"potions_floor_usage":[2,12,27,27,28],"damage_taken":[{"damage":0,"enemies":"2 Louse","floor":1,"turns":5},{"damage":1,"enemies":"Cultist","floor":2,"turns":4},{"damage":0,"enemies":"Jaw Worm","floor":3,"turns":3},{"damage":8,"enemies":"Blue Slaver","floor":4,"turns":4},{"damage":18,"enemies":"Exordium Wildlife","floor":5,"turns":5},{"damage":22,"enemies":"3 Sentries","floor":7,"turns":8},{"damage":13,"enemies":"Exordium Thugs","floor":11,"turns":4},{"damage":4,"enemies":"Gremlin Nob","floor":12,"turns":4},{"damage":22,"enemies":"The Guardian","floor":16,"turns":7},{"damage":0,"enemies":"Spheric Guardian","floor":18,"turns":2},{"damage":0,"enemies":"3 Byrds","floor":20,"turns":5},{"damage":6,"enemies":"3 Cultists","floor":22,"turns":4},{"damage":44,"enemies":"Slavers","floor":24,"turns":4},{"damage":39,"enemies":"Gremlin Leader","floor":27,"turns":5},{"damage":11,"enemies":"Sentry and Sphere","floor":28,"turns":4}],"seed_played":"6193972351953809093","potions_obtained":[{"floor":1,"key":"Swift Potion"},{"floor":3,"key":"EssenceOfSteel"},{"floor":7,"key":"AttackPotion"},{"floor":16,"key":"FearPotion"},{"floor":27,"key":"GhostInAJar"}],"is_trial":false,"path_per_floor":["M","M","M","M","M","R","E","?","T","R","M","E","R","$","R","B",null,"M","?","M","$","M","R","E","R","T","E","M"],"character_chosen":"THE_SILENT","items_purchased":["Noxious Fumes","Omamori","Cloak And Dagger","All Out Attack","Mayhem"],"campfire_rested":4,"item_purchase_floors":[14,14,14,21,21],"current_hp_per_floor":[70,69,69,61,43,64,42,42,42,63,50,46,67,67,67,45,70,70,70,70,70,64,64,20,41,41,2,0],"gold":159,"neow_bonus":"UPGRADE_CARD","is_prod":false,"is_daily":false,"chose_seed":false,"campfire_upgraded":2,"win_rate":0,"timestamp":1547534111,"path_taken":["M","M","M","M","M","R","E","?","T","R","?","E","R","$","R","BOSS","M","?","M","$","M","R","E","R","T","E","M"],"build_version":"2019-01-10","purchased_purges":0,"victory":false,"max_hp_per_floor":[70,70,70,70,70,70,70,70,70,70,70,70,70,70,70,70,70,70,70,70,70,70,70,70,70,70,70,70],"card_choices":[{"not_picked":["Blur","Dodge and Roll"],"picked":"Poisoned Stab","floor":1},{"not_picked":["Cloak And Dagger","Calculated Gamble"],"picked":"Poisoned Stab","floor":2},{"not_picked":["Underhanded Strike","Slice"],"picked":"Deadly Poison","floor":3},{"not_picked":["Expertise","Underhanded Strike"],"picked":"Bouncing Flask","floor":4},{"not_picked":["Sucker Punch","Calculated Gamble"],"picked":"Noxious Fumes","floor":5},{"not_picked":["PiercingWail","Backflip"],"picked":"Cloak And Dagger","floor":7},{"not_picked":["Tools of the Trade","Deflect"],"picked":"Poisoned Stab","floor":11},{"not_picked":["Deflect","Flechettes"],"picked":"Escape Plan","floor":12},{"not_picked":["Venomology","Burst"],"picked":"Corpse Explosion","floor":16},{"not_picked":["Prepared","Underhanded Strike"],"picked":"Deadly Poison","floor":18},{"not_picked":["Tactician","Concentrate"],"picked":"Flying Knee","floor":20},{"not_picked":["Bane","Dagger Throw"],"picked":"Finisher","floor":22},{"not_picked":["Heel Hook","Dagger Throw+1"],"picked":"Leg Sweep","floor":24},{"not_picked":["Storm of Steel","Concentrate"],"picked":"Backstab","floor":27}],"player_experience":624513,"relics_obtained":[{"floor":7,"key":"Oddly Smooth Stone"},{"floor":9,"key":"The Courier"},{"floor":12,"key":"Snake Skull"},{"floor":24,"key":"Peace Pipe"},{"floor":26,"key":"Paper Crane"},{"floor":27,"key":"Question Card"}],"event_choices":[{"damage_healed":0,"gold_gain":100,"player_choice":"Pray","damage_taken":0,"max_hp_gain":0,"max_hp_loss":0,"event_name":"Golden Shrine","floor":8,"gold_loss":0},{"damage_healed":0,"gold_gain":0,"player_choice":"Ignored","damage_taken":0,"max_hp_gain":0,"max_hp_loss":0,"event_name":"Ghosts","floor":19,"gold_loss":0}],"is_beta":false,"boss_relics":[{"not_picked":["HoveringKite","Coffee Dripper"],"picked":"Pandora\u0027s Box"}],"items_purged_floors":[],"is_endless":false,"potions_floor_spawned":[1,3,7,16,27],"killed_by":"Sentry and Sphere","ascension_level":4}