{"gold_per_floor":[111,186,186,206,206,241,241,267,267,285,312,332,352,372,372,475,475,494,506,506,524,537,562,30,50,50,149,183,183,183,211,211,308,308,328,328,328,344,358,358,390,390,390,405,439,456,456,456,456,456,456,456,34,65,65],"floor_reached":55,"playtime":2919,"items_purged":["Defend_R"],"score":1132,"play_id":"d5c0faed-1c87-4f1e-85fe-b0e421c3b676","local_time":"20190419124732","is_ascension_mode":true,"campfire_choices":[{"data":"Perfected Strike","floor":7,"key":"SMITH"},{"data":"Perfected Strike","floor":15,"key":"SMITH"},{"data":"Offering","floor":30,"key":"SMITH"},{"data":"1","floor":32,"key":"LIFT"},{"data":"2","floor":40,"key":"LIFT"},{"data":"3","floor":42,"key":"LIFT"},{"floor":47,"key":"RECALL"},{"data":"Demon Form","floor":49,"key":"SMITH"},{"data":"Pommel Strike","floor":52,"key":"SMITH"}],"neow_cost":"NONE","seed_source_timestamp":3345709338555844,"circlet_count":0,"master_deck":["Strike_R","Strike_R","Strike_R","Strike_R","Strike_R","Defend_R+1","Defend_R+1","Bash","Perfected Strike+1","Headbutt","Thunderclap","Power Through","Shockwave+1","Wild Strike","Pommel Strike+1","Perfected Strike+1","Offering+1","Shrug It Off","Ghostly","Ghostly","Ghostly","Ghostly","Ghostly","Wild Strike","Battle Trance","Seeing Red+1","Impervious","Feed+1","Power Through+1","Pommel Strike+1","Heavy Blade+1","Demon Form+1","Perfected Strike+1","Perfected Strike+1","Pommel Strike+1","Disarm"],"relics":["Burning Blood","NeowsBlessing","Ornamental Fan","Blood Vial","Pantograph","Girya","Mark of Pain","Boot","Incense Burner","Happy Flower","Molten Egg 2","Champion Belt","Bag of Marbles","Philosopher\u0027s Stone","Centennial Puzzle","Art of War","Cauldron","War Paint","FossilizedHelix"],"potions_floor_usage":[18,33,45,55,55,55],"damage_taken":[{"damage":0,"enemies":"Small Slimes","floor":1,"turns":1},{"damage":0,"enemies":"2 Louse","floor":4,"turns":1},{"damage":0,"enemies":"3 Sentries","floor":6,"turns":1},{"damage":14,"enemies":"Gremlin Nob","floor":8,"turns":3},{"damage":0,"enemies":"Jaw Worm","floor":10,"turns":3},{"damage":16,"enemies":"Lagavulin","floor":11,"turns":7},{"damage":2,"enemies":"Looter","floor":12,"turns":3},{"damage":0,"enemies":"Blue Slaver","floor":13,"turns":2},{"damage":16,"enemies":"Large Slime","floor":14,"turns":2},{"damage":0,"enemies":"Slime Boss","floor":16,"turns":6},{"damage":8,"enemies":"Shell Parasite","floor":18,"turns":4},{"damage":6,"enemies":"3 Byrds","floor":19,"turns":4},{"damage":1,"enemies":"Snake Plant","floor":21,"turns":4},{"damage":3,"enemies":"Cultist and Chosen","floor":22,"turns":5},{"damage":5,"enemies":"Slavers","floor":23,"turns":6},{"damage":1,"enemies":"3 Cultists","floor":25,"turns":3},{"damage":4,"enemies":"Book of Stabbing","floor":28,"turns":4},{"damage":9,"enemies":"Slavers","floor":31,"turns":6},{"damage":6,"enemies":"Collector","floor":33,"turns":7},{"damage":0,"enemies":"Orb Walker","floor":35,"turns":1},{"damage":0,"enemies":"3 Shapes","floor":38,"turns":2},{"damage":0,"enemies":"3 Darklings","floor":39,"turns":5},{"damage":3,"enemies":"Nemesis","floor":41,"turns":5},{"damage":2,"enemies":"Writhing Mass","floor":44,"turns":4},{"damage":18,"enemies":"Reptomancer","floor":45,"turns":8},{"damage":1,"enemies":"Transient","floor":46,"turns":5},{"damage":1,"enemies":"Donu and Deca","floor":50,"turns":7},{"damage":9,"enemies":"Shield and Spear","floor":54,"turns":4},{"damage":75,"enemies":"The Heart","floor":55,"turns":8}],"seed_played":"-7402437606510508977","potions_obtained":[{"floor":6,"key":"SkillPotion"},{"floor":10,"key":"SmokeBomb"},{"floor":13,"key":"Poison Potion"},{"floor":19,"key":"Ancient Potion"},{"floor":23,"key":"SteroidPotion"},{"floor":33,"key":"SpeedPotion"},{"floor":44,"key":"Regen Potion"},{"floor":53,"key":"PowerPotion"}],"is_trial":false,"path_per_floor":["M","?","?","M","?","E","R","E","T","M","E","M","M","M","R","B",null,"M","M","?","M","M","E","$","M","T","?","E","?","R","E","R","B",null,"M","?","?","M","M","R","E","R","T","M","E","M","R","?","R","B",null,"R","$","E","B"],"character_chosen":"IRONCLAD","items_purchased":["Incense Burner","Happy Flower","Strength Potion","Pommel Strike+1","Cauldron","War Paint"],"campfire_rested":0,"item_purchase_floors":[24,24,53,53,53,53],"current_hp_per_floor":[80,69,62,68,73,79,79,71,71,79,71,77,85,75,75,85,85,83,85,42,42,42,42,42,42,42,42,42,42,42,39,39,42,42,42,40,40,44,44,44,44,44,44,48,40,47,47,47,47,56,56,56,56,57,0],"gold":65,"neow_bonus":"THREE_ENEMY_KILL","is_prod":false,"is_daily":false,"chose_seed":false,"campfire_upgraded":5,"win_rate":0,"timestamp":1555692452,"path_taken":["M","?","?","M","?","E","R","E","T","M","E","?","M","M","R","BOSS","M","M","?","M","M","E","$","M","T","?","E","?","R","E","R","BOSS","M","?","?","?","M","R","E","R","T","M","E","M","R","?","R","BOSS","R","$","E","BOSS"],"build_version":"2019-04-04","purchased_purges":1,"victory":false,"max_hp_per_floor":[80,80,80,80,85,85,85,85,85,85,85,85,85,85,85,85,85,85,85,42,42,42,42,42,42,42,42,42,42,42,42,42,42,42,42,40,40,44,44,44,44,44,44,48,52,52,52,52,52,56,56,56,56,60,60],"card_choices":[{"not_picked":["Twin Strike","Havoc"],"picked":"Perfected Strike","floor":1},{"not_picked":["Thunderclap","Rampage"],"picked":"Headbutt","floor":4},{"not_picked":["Headbutt","Heavy Blade"],"picked":"Thunderclap","floor":6},{"not_picked":["Shrug It Off","Pummel"],"picked":"Power Through","floor":8},{"not_picked":["Infernal Blade","Flex"],"picked":"Shockwave","floor":10},{"not_picked":["Flex","Headbutt"],"picked":"Wild Strike","floor":11},{"not_picked":["Flex","Thunderclap"],"picked":"Pommel Strike","floor":12},{"not_picked":["Hemokinesis","Heavy Blade","Shockwave"],"picked":"SKIP","floor":13},{"not_picked":["Shrug It Off","Sentinel"],"picked":"Perfected Strike","floor":14},{"not_picked":["Berserk","Demon Form"],"picked":"Offering","floor":16},{"not_picked":["Flex","Second Wind","Anger"],"picked":"SKIP","floor":18},{"not_picked":["Cleave","Sword Boomerang+1"],"picked":"Shrug It Off","floor":19},{"not_picked":["Flame Barrier","Thunderclap"],"picked":"Wild Strike","floor":21},{"not_picked":["Power Through","Pummel+1"],"picked":"Battle Trance","floor":22},{"not_picked":["Bloodletting","Flame Barrier","Flex"],"picked":"SKIP","floor":23},{"not_picked":["True Grit+1","Body Slam"],"picked":"Seeing Red+1","floor":25},{"not_picked":["True Grit+1","Havoc"],"picked":"Impervious","floor":28},{"not_picked":["Flex","True Grit","Intimidate"],"picked":"SKIP","floor":31},{"not_picked":["Fiend Fire+1","Reaper+1"],"picked":"Feed+1","floor":33},{"not_picked":["Clothesline+1","Clash+1"],"picked":"Power Through+1","floor":35},{"not_picked":["Sword Boomerang+1","Iron Wave+1"],"picked":"Pommel Strike+1","floor":38},{"not_picked":["Shrug It Off","Thunderclap+1"],"picked":"Heavy Blade+1","floor":39},{"not_picked":["Armaments","Seeing Red","Sentinel+1"],"picked":"SKIP","floor":41},{"not_picked":["Wild Strike+1","Flex+1"],"picked":"Demon Form","floor":44},{"not_picked":["Second Wind","Sentinel+1"],"picked":"Perfected Strike+1","floor":45},{"not_picked":["Shockwave+1","Pommel Strike+1"],"picked":"Perfected Strike+1","floor":46},{"not_picked":["Clothesline+1","Inflame"],"picked":"Disarm","floor":54}],"player_experience":5398351,"relics_obtained":[{"floor":6,"key":"Ornamental Fan"},{"floor":8,"key":"Blood Vial"},{"floor":9,"key":"Pantograph"},{"floor":11,"key":"Girya"},{"floor":23,"key":"Boot"},{"floor":26,"key":"Molten Egg 2"},{"floor":28,"key":"Champion Belt"},{"floor":31,"key":"Bag of Marbles"},{"floor":41,"key":"Centennial Puzzle"},{"floor":45,"key":"Art of War"},{"floor":54,"key":"FossilizedHelix"}],"event_choices":[{"damage_healed":0,"gold_gain":75,"player_choice":"Gather Gold","damage_taken":11,"max_hp_gain":0,"max_hp_loss":0,"event_name":"World of Goop","floor":2,"gold_loss":0},{"cards_removed":["Defend_R"],"damage_healed":0,"gold_gain":0,"player_choice":"Card Removal","damage_taken":7,"max_hp_gain":0,"max_hp_loss":0,"event_name":"Golden Wing","floor":3,"gold_loss":0},{"damage_healed":0,"gold_gain":0,"player_choice":"Donut","damage_taken":0,"max_hp_gain":5,"max_hp_loss":0,"event_name":"Big Fish","floor":5,"gold_loss":0},{"damage_healed":0,"gold_gain":0,"player_choice":"Became a Ghost","damage_taken":0,"max_hp_gain":0,"max_hp_loss":43,"event_name":"Ghosts","floor":20,"gold_loss":0,"cards_obtained":["Ghostly","Ghostly","Ghostly","Ghostly","Ghostly"]},{"damage_healed":0,"gold_gain":99,"player_choice":"Stole From Cult","damage_taken":0,"max_hp_gain":0,"max_hp_loss":0,"event_name":"Nest","floor":27,"gold_loss":0},{"damage_healed":0,"gold_gain":0,"player_choice":"Ignored","damage_taken":0,"max_hp_gain":0,"max_hp_loss":0,"event_name":"Vampires","floor":29,"gold_loss":0},{"damage_healed":0,"gold_gain":0,"player_choice":"Max HP","damage_taken":0,"max_hp_gain":0,"max_hp_loss":2,"event_name":"Winding Halls","floor":36,"gold_loss":0},{"damage_healed":0,"gold_gain":0,"player_choice":"Upgraded","damage_taken":0,"max_hp_gain":0,"max_hp_loss":0,"event_name":"Upgrade Shrine","floor":37,"gold_loss":0,"cards_upgraded":["Shockwave"]},{"damage_healed":0,"gold_gain":0,"player_choice":"Ignored","damage_taken":0,"max_hp_gain":0,"max_hp_loss":0,"event_name":"Tomb of Lord Red Mask","floor":48,"gold_loss":0}],"is_beta":true,"boss_relics":[{"not_picked":["Ectoplasm","Eternal Feather"],"picked":"Mark of Pain"},{"not_picked":["Tiny House","Empty Cage"],"picked":"Philosopher\u0027s Stone"}],"items_purged_floors":[24],"is_endless":false,"potions_floor_spawned":[6,10,13,19,23,33,38,39,44],"killed_by":"The Heart","ascension_level":1}