{"gold_per_floor":[218,233,252,13,24,57,57,73,120,139,139,151,37,37,37,37],"floor_reached":16,"playtime":750,"items_purged":["Strike_R"],"score":192,"play_id":"641ac990-fcf4-4232-849b-55e0204fa9f4","local_time":"20190422231158","is_ascension_mode":true,"campfire_choices":[{"data":"Spot Weakness","floor":7,"key":"SMITH"},{"floor":11,"key":"REST"},{"data":"Spot Weakness","floor":15,"key":"SMITH"}],"neow_cost":"NONE","seed_source_timestamp":983935575994840,"circlet_count":0,"master_deck":["AscendersBane","Strike_R","Strike_R","Strike_R","Strike_R","Defend_R","Defend_R","Defend_R","Defend_R","Bash","Whirlwind","Spot Weakness+1","Sword Boomerang","Armaments","Uppercut","Metallicize","Spot Weakness+1","Sword Boomerang","Immolate","Spot Weakness"],"relics":["Burning Blood","Sling","Champion Belt","Lantern"],"potions_floor_usage":[],"damage_taken":[{"damage":8,"enemies":"2 Louse","floor":1,"turns":2},{"damage":12,"enemies":"Cultist","floor":2,"turns":4},{"damage":12,"enemies":"Jaw Worm","floor":3,"turns":3},{"damage":13,"enemies":"Red Slaver","floor":5,"turns":3},{"damage":18,"enemies":"Gremlin Nob","floor":6,"turns":3},{"damage":24,"enemies":"Gremlin Gang","floor":8,"turns":3},{"damage":10,"enemies":"2 Fungi Beasts","floor":10,"turns":3},{"damage":22,"enemies":"Exordium Thugs","floor":12,"turns":4},{"damage":29,"enemies":"Hexaghost","floor":16,"turns":9}],"seed_played":"1048509304576055664","potions_obtained":[{"floor":1,"key":"Poison Potion"},{"floor":5,"key":"FairyPotion"}],"is_trial":false,"path_per_floor":["M","M","M","$","M","E","R","M","T","M","R","M","$","?","R","B"],"character_chosen":"IRONCLAD","items_purchased":["Sling","Armaments","Spot Weakness"],"campfire_rested":1,"item_purchase_floors":[4,4,13],"current_hp_per_floor":[66,60,54,54,47,35,35,17,17,13,35,19,19,19,19,0],"gold":37,"neow_bonus":"HUNDRED_GOLD","is_prod":false,"is_daily":false,"chose_seed":false,"campfire_upgraded":2,"win_rate":0,"timestamp":1555985518,"path_taken":["M","M","M","$","M","E","R","M","T","M","R","M","$","?","R","BOSS"],"build_version":"2019-01-23","purchased_purges":1,"victory":false,"max_hp_per_floor":[75,75,75,75,75,75,75,75,75,75,75,75,75,75,75,75],"card_choices":[{"not_picked":["Clothesline","Wild Strike"],"picked":"Whirlwind","floor":1},{"not_picked":["Cleave","Corruption"],"picked":"Spot Weakness","floor":2},{"not_picked":["Pommel Strike","Hemokinesis"],"picked":"Sword Boomerang","floor":3},{"not_picked":["Reckless Charge","Thunderclap"],"picked":"Uppercut","floor":5},{"not_picked":["Fire Breathing","Wild Strike"],"picked":"Metallicize","floor":6},{"not_picked":["Wild Strike","Evolve"],"picked":"Spot Weakness","floor":8},{"not_picked":["Rampage","Twin Strike"],"picked":"Sword Boomerang","floor":10},{"not_picked":["Pummel","Metallicize"],"picked":"Immolate","floor":12}],"player_experience":1181609,"relics_obtained":[{"floor":6,"key":"Champion Belt"},{"floor":9,"key":"Lantern"}],"event_choices":[{"damage_healed":0,"gold_gain":0,"player_choice":"Fled","damage_taken":0,"max_hp_gain":0,"max_hp_loss":0,"event_name":"Scrap Ooze","floor":14,"gold_loss":0}],"is_beta":false,"boss_relics":[],"items_purged_floors":[13],"is_endless":false,"potions_floor_spawned":[1,5,10],"killed_by":"Hexaghost","ascension_level":17}