{"gold_per_floor":[118,118,118,67,67,67,86,86,86,6,19,19,19,46,46,118,118,131,131,131,143,15,15,42,57,108,108,125,145,159,84,84,161,161,174,46,46,46,46,71,82,82,154,154,154,154,154,165,165,165,165,165,40,40],"floor_reached":54,"playtime":1530,"items_purged":["Strike_R","Strike_R","Writhe"],"score":1222,"play_id":"8e90ba44-1651-417c-8aed-6cb1ea1f2f9b","local_time":"20190420135608","is_ascension_mode":true,"campfire_choices":[{"data":"Searing Blow","floor":6,"key":"SMITH"},{"data":"Searing Blow+1","floor":8,"key":"SMITH"},{"data":"Searing Blow+2","floor":12,"key":"SMITH"},{"data":"Searing Blow+3","floor":15,"key":"SMITH"},{"data":"Searing Blow+4","floor":23,"key":"SMITH"},{"data":"Searing Blow+5","floor":27,"key":"SMITH"},{"data":"Searing Blow+6","floor":32,"key":"SMITH"},{"data":"Searing Blow+7","floor":42,"key":"SMITH"},{"floor":49,"key":"RECALL"},{"data":"Searing Blow+8","floor":52,"key":"SMITH"}],"neow_cost":"NONE","seed_source_timestamp":776990544423161,"circlet_count":0,"master_deck":["AscendersBane","Defend_R","Defend_R","Defend_R","Defend_R","Bash","Searing Blow+9","Headbutt","Iron Wave","Flame Barrier","Armaments","Immolate","Writhe","True Grit","Flame Barrier","Intimidate+1","Battle Trance","Shockwave","Barricade","Armaments","Whirlwind","Doubt"],"relics":["Burning Blood","Darkstone Periapt","Thread and Needle","Meat on the Bone","Pantograph","Sozu","Torii","Art of War","Juzu Bracelet","Busted Crown","Self Forming Clay","Bottled Flame"],"potions_floor_usage":[],"damage_taken":[{"damage":1,"enemies":"Cultist","floor":1,"turns":4},{"damage":3,"enemies":"Jaw Worm","floor":7,"turns":3},{"damage":0,"enemies":"Small Slimes","floor":11,"turns":3},{"damage":16,"enemies":"Lagavulin","floor":14,"turns":5},{"damage":72,"enemies":"Hexaghost","floor":16,"turns":13},{"damage":3,"enemies":"3 Byrds","floor":18,"turns":2},{"damage":6,"enemies":"Spheric Guardian","floor":21,"turns":4},{"damage":16,"enemies":"Slavers","floor":24,"turns":5},{"damage":1,"enemies":"Snake Plant","floor":25,"turns":3},{"damage":1,"enemies":"Centurion and Healer","floor":28,"turns":4},{"damage":1,"enemies":"Snecko","floor":29,"turns":4},{"damage":6,"enemies":"Snake Plant","floor":30,"turns":4},{"damage":73,"enemies":"Collector","floor":33,"turns":10},{"damage":1,"enemies":"3 Darklings","floor":35,"turns":7},{"damage":58,"enemies":"Reptomancer","floor":40,"turns":10},{"damage":8,"enemies":"3 Shapes","floor":41,"turns":5},{"damage":0,"enemies":"Sphere and 2 Shapes","floor":48,"turns":3},{"damage":75,"enemies":"Donu and Deca","floor":50,"turns":9},{"damage":88,"enemies":"Shield and Spear","floor":54,"turns":5}],"seed_played":"-1638464304602006606","potions_obtained":[{"floor":14,"key":"Strength Potion"}],"is_trial":false,"path_per_floor":["M","?","T","$","?","R","M","R","T","$","M","R","$","E","R","B",null,"M","?","?","M","$","R","E","M","T","R","M","M","M","?","R","B",null,"M","$","?","?","$","E","M","R","T","?","?","?","T","M","R","B",null,"R","$","E"],"character_chosen":"IRONCLAD","items_purchased":["Iron Wave","Flame Barrier","True Grit","Armaments"],"campfire_rested":0,"item_purchase_floors":[4,10,22,36],"current_hp_per_floor":[73,66,66,66,40,40,43,43,43,43,49,49,49,51,51,21,62,65,65,71,71,71,71,61,66,66,66,71,76,76,76,76,26,67,72,72,87,87,87,47,57,57,57,93,93,93,93,93,93,36,79,79,79,0],"gold":40,"neow_bonus":"TRANSFORM_CARD","is_prod":false,"is_daily":false,"chose_seed":false,"campfire_upgraded":9,"win_rate":0,"timestamp":1555779368,"path_taken":["M","?","?","$","?","R","M","R","T","$","M","R","?","E","R","BOSS","M","?","?","M","?","R","E","M","T","R","M","M","M","?","R","BOSS","M","$","?","?","$","E","M","R","T","?","?","?","?","M","R","BOSS","R","$","E"],"build_version":"2019-01-23","purchased_purges":3,"victory":false,"max_hp_per_floor":[75,75,75,75,75,75,75,75,75,75,75,75,75,75,75,75,75,75,75,81,81,81,81,81,81,81,81,81,81,81,81,81,81,81,81,81,87,87,87,87,87,87,87,93,93,93,93,93,93,93,93,93,93,93],"card_choices":[{"not_picked":["Shrug It Off","Bloodletting"],"picked":"Headbutt","floor":1},{"not_picked":["Clash","Body Slam"],"picked":"Cleave","floor":7},{"not_picked":["True Grit","Havoc"],"picked":"Armaments","floor":11},{"not_picked":["Clash","Cleave","Burning Pact"],"picked":"SKIP","floor":14},{"not_picked":["Dark Embrace","Bludgeon"],"picked":"Immolate","floor":16},{"not_picked":["Pommel Strike","Perfected Strike","Thunderclap"],"picked":"SKIP","floor":18},{"not_picked":["Intimidate+1","Infernal Blade"],"picked":"Flame Barrier","floor":21},{"not_picked":["Body Slam","Pummel"],"picked":"Flame Barrier","floor":24},{"not_picked":["Shrug It Off+1","Rupture+1"],"picked":"Intimidate+1","floor":25},{"not_picked":["Sword Boomerang","Thunderclap+1"],"picked":"Battle Trance","floor":28},{"not_picked":["Whirlwind","Inflame"],"picked":"Shockwave","floor":29},{"not_picked":["True Grit","Clash","Sword Boomerang"],"picked":"SKIP","floor":30},{"not_picked":["Juggernaut","Demon Form"],"picked":"Barricade","floor":33},{"not_picked":["True Grit"],"picked":"SKIP","floor":35},{"not_picked":["Havoc"],"picked":"SKIP","floor":40},{"not_picked":["Rupture"],"picked":"SKIP","floor":41},{"not_picked":["Cleave"],"picked":"SKIP","floor":48}],"player_experience":1163476,"relics_obtained":[{"floor":3,"key":"Darkstone Periapt"},{"floor":9,"key":"Meat on the Bone"},{"floor":14,"key":"Pantograph"},{"floor":24,"key":"Art of War"},{"floor":26,"key":"Juzu Bracelet"},{"floor":40,"key":"Self Forming Clay"},{"floor":47,"key":"Bottled Flame"}],"event_choices":[{"cards_removed":["Strike_R"],"damage_healed":0,"gold_gain":0,"player_choice":"Card Removal","damage_taken":7,"max_hp_gain":0,"max_hp_loss":0,"event_name":"Golden Wing","floor":2,"gold_loss":0},{"damage_healed":0,"gold_gain":0,"player_choice":"Success","damage_taken":26,"relics_obtained":["Thread and Needle"],"max_hp_gain":0,"max_hp_loss":0,"event_name":"Scrap Ooze","floor":5,"gold_loss":0},{"damage_healed":0,"gold_gain":0,"player_choice":"Ignored","damage_taken":0,"max_hp_gain":0,"max_hp_loss":0,"event_name":"Vampires","floor":19,"gold_loss":0},{"damage_healed":0,"gold_gain":0,"player_choice":"Opened","damage_taken":0,"relics_obtained":["Torii"],"max_hp_gain":0,"max_hp_loss":0,"event_name":"The Mausoleum","floor":20,"gold_loss":0,"cards_obtained":["Writhe"]},{"cards_removed":["Strike_R"],"damage_healed":0,"gold_gain":0,"player_choice":"Gave Gold","damage_taken":0,"max_hp_gain":0,"max_hp_loss":0,"event_name":"Beggar","floor":31,"gold_loss":75},{"damage_healed":16,"gold_gain":0,"player_choice":"Writhe","damage_taken":0,"max_hp_gain":0,"max_hp_loss":0,"event_name":"Winding Halls","floor":37,"gold_loss":0,"cards_obtained":["Writhe"]},{"damage_healed":0,"gold_gain":0,"cards_transformed":["Cleave"],"player_choice":"Transformed","damage_taken":0,"max_hp_gain":0,"max_hp_loss":0,"event_name":"Transmorgrifier","floor":38,"gold_loss":0,"cards_obtained":["Whirlwind"]},{"damage_healed":30,"gold_gain":0,"player_choice":"Heal","damage_taken":0,"max_hp_gain":0,"max_hp_loss":0,"event_name":"MindBloom","floor":44,"gold_loss":0,"cards_obtained":["Doubt"]},{"damage_healed":0,"gold_gain":0,"player_choice":"Ignored","damage_taken":0,"max_hp_gain":0,"max_hp_loss":0,"event_name":"Mysterious Sphere","floor":45,"gold_loss":0},{"cards_removed":["Flame Barrier"],"damage_healed":0,"gold_gain":0,"player_choice":"Removed Skill","damage_taken":0,"max_hp_gain":0,"max_hp_loss":0,"event_name":"Falling","floor":46,"gold_loss":0}],"is_beta":false,"boss_relics":[{"not_picked":["Orrery","Ectoplasm"],"picked":"Sozu"},{"not_picked":["Runic Pyramid","Empty Cage"],"picked":"Busted Crown"}],"items_purged_floors":[22,36,53],"is_endless":false,"potions_floor_spawned":[14,24,28,29,33,35,40,48],"killed_by":"Shield and Spear","ascension_level":16}