{"gold_per_floor":[110,120,120,140,215,239,32,67,67,67,98,98,123,159,159,254,254,274,274,274,274,293,293,314,314,314,328,353,369,369,385,385,481,481,506,47,47,172,195,195,229,229,229,229,229,229,229,249,249,249,249],"floor_reached":52,"playtime":3125,"items_purged":["Strike_G","Strike_G+1"],"score":2054,"play_id":"3f870a29-c980-40a6-a95c-ef7a42b39f65","local_time":"20190310184119","is_ascension_mode":true,"campfire_choices":[{"floor":10.0,"key":"REST"},{"data":"Well Laid Plans","floor":12.0,"key":"SMITH"},{"floor":15.0,"key":"REST"},{"floor":23.0,"key":"REST"},{"data":"Noxious Fumes","floor":25.0,"key":"SMITH"},{"floor":30.0,"key":"REST"},{"floor":32.0,"key":"REST"},{"data":"Choke","floor":40.0,"key":"SMITH"},{"data":"Catalyst","floor":42.0,"key":"SMITH"},{"floor":47.0,"key":"REST"},{"data":"PiercingWail","floor":49.0,"key":"SMITH"}],"neow_cost":"NONE","seed_source_timestamp":552489969903400,"circlet_count":0,"master_deck":["AscendersBane","Defend_G+1","Defend_G+1","Defend_G+1","Defend_G+1","Defend_G+1","Strike_G+1","Strike_G+1","Survivor","Neutralize","Dash","Cloak And Dagger","Catalyst+1","PiercingWail+1","Well Laid Plans+1","Dagger Spray","Backflip","Blade Dance","Backflip","Noxious Fumes+1","Corpse Explosion","Deadly Poison","Necronomicurse","Choke+1","Backflip","Calculated Gamble+1","PiercingWail+1","Deadly Poison+1","Die Die Die","PiercingWail+1","Outmaneuver+1","Backflip+1"],"special_seed":0,"relics":["Ring of the Snake","Ancient Tea Set","Golden Idol","Tough Bandages","Dead Branch","Ninja Scroll","Vajra","Busted Crown","Necronomicon","Bronze Scales","Toxic Egg 2","WristBlade","Torii","Thread and Needle","StoneCalendar","Bottled Tornado"],"potions_floor_usage":[],"damage_taken":[{"damage":1.0,"enemies":"Cultist","floor":1.0,"turns":5.0},{"damage":1.0,"enemies":"2 Louse","floor":2.0,"turns":3.0},{"damage":0.0,"enemies":"Jaw Worm","floor":4.0,"turns":4.0},{"damage":0.0,"enemies":"Blue Slaver","floor":6.0,"turns":6.0},{"damage":28.0,"enemies":"3 Sentries","floor":8.0,"turns":14.0},{"damage":9.0,"enemies":"Lagavulin","floor":11.0,"turns":7.0},{"damage":0.0,"enemies":"Large Slime","floor":13.0,"turns":6.0},{"damage":0.0,"enemies":"3 Sentries","floor":14.0,"turns":4.0},{"damage":0.0,"enemies":"The Guardian","floor":16.0,"turns":10.0},{"damage":7.0,"enemies":"Chosen","floor":18.0,"turns":4.0},{"damage":12.0,"enemies":"Spheric Guardian","floor":22.0,"turns":4.0},{"damage":13.0,"enemies":"Shelled Parasite and Fungi","floor":24.0,"turns":5.0},{"damage":0.0,"enemies":"Cultist and Chosen","floor":27.0,"turns":3.0},{"damage":7.0,"enemies":"Snake Plant","floor":28.0,"turns":2.0},{"damage":0.0,"enemies":"Centurion and Healer","floor":29.0,"turns":3.0},{"damage":0.0,"enemies":"Shelled Parasite and Fungi","floor":31.0,"turns":4.0},{"damage":0.0,"enemies":"Champ","floor":33.0,"turns":6.0},{"damage":0.0,"enemies":"3 Darklings","floor":35.0,"turns":2.0},{"damage":0.0,"enemies":"Mind Bloom Boss Battle","floor":38.0,"turns":5.0},{"damage":0.0,"enemies":"3 Shapes","floor":39.0,"turns":2.0},{"damage":15.0,"enemies":"Giant Head","floor":41.0,"turns":7.0},{"damage":0.0,"enemies":"Writhing Mass","floor":44.0,"turns":1.0},{"damage":0.0,"enemies":"Jaw Worm Horde","floor":48.0,"turns":2.0},{"damage":17.0,"enemies":"Donu and Deca","floor":50.0,"turns":6.0},{"damage":19,"enemies":"Awakened One","floor":51,"turns":17}],"seed_played":"760838446598364173","potions_obtained":[{"floor":8.0,"key":"LiquidBronze"},{"floor":16.0,"key":"SteroidPotion"},{"floor":24.0,"key":"GamblersBrew"},{"floor":27.0,"key":"Block Potion"},{"floor":28.0,"key":"SmokeBomb"},{"floor":29.0,"key":"PowerPotion"},{"floor":33.0,"key":"SmokeBomb"},{"floor":38.0,"key":"Block Potion"},{"floor":48.0,"key":"Block Potion"}],"is_trial":false,"path_per_floor":["M","M","?","M","?","M","$","E","T","R","E","R","M","E","R","B",null,"M","?","?","T","M","R","M","R","T","M","M","M","R","M","R","B",null,"M","$","?","?","M","R","E","R","T","M","?","?","R","M","R","B","B",null],"character_chosen":"THE_SILENT","items_purchased":["Well Laid Plans","Dagger Spray","PiercingWail+1","Torii"],"campfire_rested":6,"item_purchase_floors":[7,7,36,36],"current_hp_per_floor":[58,57,57,57,46,46,46,18,18,36,27,27,27,27,45,45,56,49,28,28,28,16,34,21,21,21,21,14,14,32,32,50,50,58,58,58,58,58,58,58,43,43,43,43,43,43,60,60,60,43,24],"gold":249,"neow_bonus":"RANDOM_COMMON_RELIC","is_prod":false,"is_daily":false,"chose_seed":false,"campfire_upgraded":5,"win_rate":0,"timestamp":1552239679,"path_taken":["M","M","?","M","?","M","$","E","T","R","E","R","M","E","R","BOSS","M","?","?","?","M","R","M","R","T","M","M","M","R","M","R","BOSS","M","$","?","?","M","R","E","R","T","M","?","?","R","M","R","BOSS","BOSS"],"build_version":"2019-01-23","purchased_purges":2,"victory":true,"max_hp_per_floor":[66,66,60,60,60,60,60,60,60,60,60,60,60,60,60,60,60,60,60,60,60,60,60,60,60,60,60,60,60,60,60,60,60,60,60,60,60,60,60,60,60,60,60,60,60,60,60,60,60,60,60],"card_choices":[{"not_picked":["Poisoned Stab","Dodge and Roll"],"picked":"Dash","floor":1.0},{"not_picked":["Backflip","Calculated Gamble"],"picked":"Cloak And Dagger","floor":2.0},{"not_picked":["Flying Knee","Prepared"],"picked":"Catalyst","floor":4.0},{"not_picked":["All Out Attack","Outmaneuver"],"picked":"PiercingWail","floor":6.0},{"not_picked":["Riddle With Holes","Well Laid Plans"],"picked":"Backflip","floor":8.0},{"not_picked":["Tactician","Skewer"],"picked":"Blade Dance","floor":11.0},{"not_picked":["Phantasmal Killer","All Out Attack"],"picked":"Backflip","floor":13.0},{"not_picked":["Blade Dance","Dagger Throw"],"picked":"Noxious Fumes","floor":14.0},{"not_picked":["Unload","Glass Knife"],"picked":"Corpse Explosion","floor":16.0},{"not_picked":[],"picked":"Deadly Poison","floor":18.0},{"not_picked":[],"picked":"Choke","floor":22.0},{"not_picked":[],"picked":"Backflip","floor":24.0},{"not_picked":["Setup+1"],"picked":"SKIP","floor":27.0},{"not_picked":[],"picked":"Calculated Gamble+1","floor":28.0},{"not_picked":[],"picked":"PiercingWail+1","floor":29.0},{"not_picked":[],"picked":"Deadly Poison+1","floor":31.0},{"not_picked":[],"picked":"Die Die Die","floor":33.0},{"not_picked":["Poisoned Stab"],"picked":"SKIP","floor":35.0},{"not_picked":[],"picked":"Outmaneuver+1","floor":38.0},{"not_picked":["Sucker Punch"],"picked":"SKIP","floor":39.0},{"not_picked":[],"picked":"Backflip+1","floor":41.0},{"not_picked":["Poisoned Stab"],"picked":"SKIP","floor":48.0}],"player_experience":542978,"relics_obtained":[{"floor":8.0,"key":"Tough Bandages"},{"floor":9.0,"key":"Dead Branch"},{"floor":11.0,"key":"Ninja Scroll"},{"floor":14.0,"key":"Vajra"},{"floor":19.0,"key":"Necronomicon"},{"floor":21.0,"key":"Bronze Scales"},{"floor":26.0,"key":"Toxic Egg 2"},{"floor":38.0,"key":"Thread and Needle"},{"floor":41.0,"key":"StoneCalendar"},{"floor":43.0,"key":"Bottled Tornado"}],"event_choices":[{"damage_healed":0.0,"max_hp_gain":0.0,"max_hp_loss":6.0,"gold_gain":0.0,"event_name":"Golden Idol","player_choice":"Lose Max HP","floor":3.0,"gold_loss":0.0,"damage_taken":0.0,"relics_obtained":["Golden Idol"]},{"damage_healed":0.0,"max_hp_gain":0.0,"max_hp_loss":0.0,"gold_gain":75.0,"event_name":"World of Goop","player_choice":"Gather Gold","floor":5.0,"gold_loss":0.0,"damage_taken":11.0},{"damage_healed":0.0,"max_hp_gain":0.0,"max_hp_loss":0.0,"gold_gain":0.0,"event_name":"Cursed Tome","player_choice":"Obtained Book","floor":19.0,"gold_loss":0.0,"damage_taken":21.0},{"damage_healed":0.0,"max_hp_gain":0.0,"max_hp_loss":0.0,"gold_gain":0.0,"event_name":"Back to Basics","player_choice":"Simplicity","floor":20.0,"gold_loss":0.0,"damage_taken":0.0,"cards_upgraded":["Defend_G","Defend_G","Defend_G","Defend_G","Defend_G","Strike_G","Strike_G","Strike_G","Strike_G"]},{"cards_removed":["Strike_G"],"damage_healed":0.0,"max_hp_gain":0.0,"max_hp_loss":0.0,"gold_gain":0.0,"event_name":"Falling","player_choice":"Removed Attack","floor":37.0,"gold_loss":0.0,"damage_taken":0.0},{"damage_healed":0.0,"max_hp_gain":0.0,"max_hp_loss":0.0,"gold_gain":0.0,"event_name":"MindBloom","player_choice":"Fight","floor":38.0,"gold_loss":0.0,"damage_taken":0.0},{"damage_healed":0.0,"max_hp_gain":0.0,"max_hp_loss":0.0,"gold_gain":0.0,"event_name":"Mysterious Sphere","player_choice":"Ignored","floor":45.0,"gold_loss":0.0,"damage_taken":0.0},{"damage_healed":0.0,"max_hp_gain":0.0,"max_hp_loss":0.0,"gold_gain":0.0,"event_name":"The Moai Head","player_choice":"Ignored","floor":46.0,"gold_loss":0.0,"damage_taken":0.0}],"is_beta":false,"boss_relics":[{"not_picked":["Runic Pyramid","Fusion Hammer"],"picked":"Busted Crown"},{"not_picked":["Pandora\u0027s Box","Velvet Choker"],"picked":"WristBlade"}],"items_purged_floors":[7,36],"is_endless":false,"potions_floor_spawned":[8,16,24,27,28,29,33,38,48],"ascension_level":20}