{"gold_per_floor":[17,17,17,17,32,32,59,59,59,79,110,127,157,169,169,248,248,266,284,284,49,66,99,99,128,153,184,184,87,87,99,99,176,176,189,89,102,113,130,130,147,163,163,190,201,2,34,49,49,49,49,49,49,7,39,39],"floor_reached":56,"playtime":2233,"items_purged":["Strike_R","Battle Trance","Headbutt"],"score":2008,"play_id":"4fec7f38-bd5b-4800-8c42-96e21edd3dbe","local_time":"20190515160209","is_ascension_mode":true,"campfire_choices":[{"data":"Immolate","floor":6.0,"key":"SMITH"},{"data":"Inflame","floor":8.0,"key":"SMITH"},{"data":"Feed","floor":15.0,"key":"SMITH"},{"data":"Burning Pact","floor":28.0,"key":"SMITH"},{"data":"True Grit","floor":30.0,"key":"SMITH"},{"data":"Rampage","floor":32.0,"key":"SMITH"},{"data":"Offering","floor":40.0,"key":"SMITH"},{"floor":49.0,"key":"RECALL"},{"data":"Body Slam","floor":53.0,"key":"SMITH"}],"neow_cost":"NO_GOLD","seed_source_timestamp":432647845959179,"circlet_count":0,"master_deck":["AscendersBane","Bash","Inflame+1","Immolate+1","Burning Pact+1","Shockwave","Feed+1","Offering+1","Shrug It Off","True Grit+1","Rampage+1","Evolve","Battle Trance","Pommel Strike","Havoc","Body Slam+1","Ghostly Armor+1","Dropkick+1","Feel No Pain","Disarm"],"special_seed":0,"relics":["Burning Blood","Charon\u0027s Ashes","Regal Pillow","Whetstone","Meat on the Bone","StoneCalendar","Busted Crown","Happy Flower","Blood Vial","Incense Burner","Red Skull","Anchor","Pandora\u0027s Box","Strawberry","The Courier","Ornamental Fan"],"potions_floor_usage":[56,56],"damage_taken":[{"damage":12.0,"enemies":"2 Louse","floor":1.0,"turns":3.0},{"damage":7.0,"enemies":"Small Slimes","floor":5.0,"turns":2.0},{"damage":15.0,"enemies":"3 Sentries","floor":7.0,"turns":4.0},{"damage":0.0,"enemies":"Cultist","floor":10.0,"turns":2.0},{"damage":8.0,"enemies":"Gremlin Nob","floor":11.0,"turns":3.0},{"damage":10.0,"enemies":"Red Slaver","floor":12.0,"turns":3.0},{"damage":4.0,"enemies":"3 Louse","floor":14.0,"turns":2.0},{"damage":28.0,"enemies":"Slime Boss","floor":16.0,"turns":7.0},{"damage":14.0,"enemies":"2 Thieves","floor":18.0,"turns":2.0},{"damage":25.0,"enemies":"Spheric Guardian","floor":19.0,"turns":4.0},{"damage":6.0,"enemies":"Cultist and Chosen","floor":22.0,"turns":3.0},{"damage":12.0,"enemies":"Slavers","floor":23.0,"turns":3.0},{"damage":23.0,"enemies":"Book of Stabbing","floor":25.0,"turns":4.0},{"damage":40.0,"enemies":"Slavers","floor":27.0,"turns":2.0},{"damage":14.0,"enemies":"Snecko","floor":31.0,"turns":3.0},{"damage":44.0,"enemies":"Collector","floor":33.0,"turns":6.0},{"damage":6.0,"enemies":"3 Darklings","floor":35.0,"turns":2.0},{"damage":6.0,"enemies":"3 Shapes","floor":37.0,"turns":3.0},{"damage":6.0,"enemies":"Maw","floor":38.0,"turns":5.0},{"damage":18.0,"enemies":"Writhing Mass","floor":39.0,"turns":4.0},{"damage":13.0,"enemies":"Sphere and 2 Shapes","floor":41.0,"turns":4.0},{"damage":1.0,"enemies":"3 Darklings","floor":42.0,"turns":2.0},{"damage":54.0,"enemies":"Reptomancer","floor":44.0,"turns":6.0},{"damage":36.0,"enemies":"Spire Growth","floor":45.0,"turns":3.0},{"damage":7.0,"enemies":"Nemesis","floor":47.0,"turns":5.0},{"damage":1.0,"enemies":"Sphere and 2 Shapes","floor":48.0,"turns":4.0},{"damage":59.0,"enemies":"Donu and Deca","floor":50.0,"turns":7.0},{"damage":56.0,"enemies":"Awakened One","floor":51.0,"turns":8.0},{"damage":56.0,"enemies":"Shield and Spear","floor":55.0,"turns":7.0},{"damage":121,"enemies":"The Heart","floor":56,"turns":8}],"seed_played":"-280287799742753998","potions_obtained":[{"floor":5.0,"key":"SteroidPotion"},{"floor":10.0,"key":"AttackPotion"},{"floor":16.0,"key":"FearPotion"},{"floor":22.0,"key":"Ancient Potion"},{"floor":25.0,"key":"SpeedPotion"},{"floor":55.0,"key":"Poison Potion"}],"is_trial":false,"path_per_floor":["M","?","?","$","M","R","E","R","T","M","E","M","?","M","R","B",null,"M","M","?","$","M","E","$","E","T","E","R","$","R","M","R","B",null,"M","$","M","M","M","R","M","M","T","E","M","$","E","M","R","B","B",null,"R","$","E","B"],"character_chosen":"IRONCLAD","items_purchased":["Happy Flower","True Grit","Rampage","Feel No Pain","Swift Potion"],"campfire_rested":0,"item_purchase_floors":[21,29,29,46,54],"current_hp_per_floor":[62,62,62,62,61,61,52,52,52,58,56,52,52,54,54,48,71,67,52,52,52,56,54,54,51,51,35,35,35,35,45,45,21,83,85,85,91,97,91,91,90,101,101,74,62,62,75,86,86,51,19,114,114,114,82,0],"gold":39,"neow_bonus":"ONE_RARE_RELIC","is_prod":false,"is_daily":false,"chose_seed":false,"campfire_upgraded":8,"win_rate":0,"timestamp":1557907329,"path_taken":["M","?","?","$","M","R","E","R","T","M","E","M","?","M","R","BOSS","M","M","?","$","?","E","$","E","T","E","R","$","R","M","R","BOSS","M","$","M","M","M","R","M","M","T","E","M","$","E","M","R","BOSS","BOSS","R","$","E","BOSS"],"build_version":"2019-01-23","purchased_purges":3,"victory":false,"max_hp_per_floor":[75,75,75,75,75,75,75,75,75,75,75,75,75,75,75,79,79,83,87,87,87,91,95,95,95,95,99,99,99,99,103,103,103,103,103,103,107,111,115,115,119,123,123,130,134,134,134,138,138,142,146,146,146,146,150,150],"card_choices":[{"not_picked":["True Grit","Cleave"],"picked":"Inflame","floor":1.0},{"not_picked":["Body Slam","Havoc"],"picked":"Battle Trance","floor":5.0},{"not_picked":["Dual Wield","Shrug It Off"],"picked":"Burning Pact","floor":7.0},{"not_picked":["Rupture","Battle Trance","Armaments"],"picked":"SKIP","floor":10.0},{"not_picked":["Clash","Twin Strike"],"picked":"Shockwave","floor":11.0},{"not_picked":["Twin Strike","Ghostly Armor","Clothesline"],"picked":"SKIP","floor":12.0},{"not_picked":["Ghostly Armor","Armaments"],"picked":"Feed","floor":14.0},{"not_picked":["Barricade","Reaper"],"picked":"Offering","floor":16.0},{"not_picked":[],"picked":"Shrug It Off","floor":18.0},{"not_picked":["Clothesline+1"],"picked":"SKIP","floor":19.0},{"not_picked":["Blood for Blood"],"picked":"SKIP","floor":22.0},{"not_picked":["Blood for Blood"],"picked":"SKIP","floor":22.0},{"not_picked":["Shrug It Off"],"picked":"SKIP","floor":23.0},{"not_picked":["Reckless Charge"],"picked":"SKIP","floor":25.0},{"not_picked":["Searing Blow"],"picked":"SKIP","floor":27.0},{"not_picked":["Corruption"],"picked":"SKIP","floor":31.0},{"not_picked":["Inflame"],"picked":"SKIP","floor":35.0},{"not_picked":["Pommel Strike"],"picked":"SKIP","floor":37.0},{"not_picked":["Rage"],"picked":"SKIP","floor":38.0},{"not_picked":["Intimidate"],"picked":"SKIP","floor":39.0},{"not_picked":["Shrug It Off"],"picked":"SKIP","floor":41.0},{"not_picked":[],"picked":"Ghostly Armor+1","floor":42.0},{"not_picked":[],"picked":"Dropkick+1","floor":44.0},{"not_picked":["Havoc+1"],"picked":"SKIP","floor":45.0},{"not_picked":["Burning Pact+1"],"picked":"SKIP","floor":47.0},{"not_picked":[],"picked":"Disarm","floor":48.0},{"not_picked":["Evolve"],"picked":"SKIP","floor":55.0}],"player_experience":1690805,"relics_obtained":[{"floor":7.0,"key":"Regal Pillow"},{"floor":9.0,"key":"Whetstone"},{"floor":11.0,"key":"Meat on the Bone"},{"floor":23.0,"key":"Blood Vial"},{"floor":25.0,"key":"Incense Burner"},{"floor":26.0,"key":"Red Skull"},{"floor":27.0,"key":"Anchor"},{"floor":44.0,"key":"Strawberry"},{"floor":47.0,"key":"The Courier"},{"floor":55.0,"key":"Ornamental Fan"}],"event_choices":[{"damage_healed":0.0,"max_hp_gain":0.0,"max_hp_loss":0.0,"gold_gain":0.0,"event_name":"The Cleric","player_choice":"Leave","floor":2.0,"gold_loss":0.0,"damage_taken":0.0},{"damage_healed":0.0,"max_hp_gain":0.0,"max_hp_loss":0.0,"gold_gain":0.0,"cards_transformed":["Strike_R"],"event_name":"Living Wall","player_choice":"Change","floor":3.0,"gold_loss":0.0,"damage_taken":0.0,"cards_obtained":["Immolate"]},{"damage_healed":0.0,"max_hp_gain":0.0,"max_hp_loss":0.0,"gold_gain":30.0,"event_name":"Dead Adventurer","player_choice":"Searched \u00273\u0027 times","floor":13.0,"gold_loss":0.0,"damage_taken":0.0,"relics_obtained":["StoneCalendar"]},{"cards_removed":["Strike_R"],"damage_healed":0.0,"max_hp_gain":0.0,"max_hp_loss":0.0,"gold_gain":0.0,"event_name":"Bonfire Elementals","player_choice":"Offered Basic","floor":20.0,"gold_loss":0.0,"damage_taken":0.0}],"is_beta":false,"boss_relics":[{"not_picked":["Fusion Hammer","Calling Bell"],"picked":"Busted Crown"},{"not_picked":["White Beast Statue","Empty Cage"],"picked":"Pandora\u0027s Box"}],"items_purged_floors":[21,36,46],"is_endless":false,"potions_floor_spawned":[5,10,16,22,25,27,31,33,38,42,44,45,47,55],"killed_by":"The Heart","ascension_level":20}