{"gold_per_floor":[110,110,110,130,140,171,171,205,257,276,276,276,302,322,322,417,417,342,12,12,12,12,12,12,12,12,12,12,12,12,12,12,12,12,12,0,0,0,0,0,0,0,0,0,0,0,0,0,0,0,0,0,0,0,0],"floor_reached":55,"playtime":2454,"items_purged":["Pain"],"score":947,"play_id":"353d5e6d-11c7-4ec7-b281-95fffaf68e1f","local_time":"20190514083715","is_ascension_mode":true,"campfire_choices":[{"data":"Coolheaded","floor":7.0,"key":"SMITH"},{"floor":11.0,"key":"REST"},{"floor":15.0,"key":"REST"},{"floor":23.0,"key":"REST"},{"floor":30.0,"key":"REST"},{"data":"Rainbow","floor":32.0,"key":"SMITH"},{"data":"Lockon","floor":42,"key":"SMITH"},{"floor":44,"key":"RECALL"},{"floor":47,"key":"REST"},{"data":"White Noise","floor":49,"key":"SMITH"},{"data":"Buffer","floor":52,"key":"SMITH"}],"neow_cost":"TEN_PERCENT_HP_LOSS","seed_source_timestamp":0,"circlet_count":0,"master_deck":["Strike_B","Strike_B+1","Strike_B","Strike_B","Defend_B","Defend_B","Defend_B","Defend_B+1","Zap","Dualcast","Cold Snap","Sweeping Beam","Coolheaded+1","Gash","Go for the Eyes","White Noise+1","Cold Snap","Conserve Battery","Rainbow+1","Streamline","Capacitor","Lockon+1","Ball Lightning+1","Decay","Compile Driver","White Noise","Leap","Buffer+1","Electrodynamics","Heatsinks","Flash of Steel","Storm","FTL+1","Storm+1","Self Repair","Coolheaded+1"],"special_seed":0,"relics":["Cracked Core","FossilizedHelix","Kunai","Lantern","Strawberry","WarpedTongs","Pantograph","Ectoplasm","PreservedInsect","Sozu","Red Mask","Vajra","Pen Nib","MawBank","Question Card","Bronze Scales"],"potions_floor_usage":[54,55],"damage_taken":[{"damage":0.0,"enemies":"Cultist","floor":1.0,"turns":3.0},{"damage":0.0,"enemies":"Jaw Worm","floor":4.0,"turns":3.0},{"damage":0.0,"enemies":"Small Slimes","floor":5.0,"turns":2.0},{"damage":17.0,"enemies":"3 Sentries","floor":6.0,"turns":8.0},{"damage":23.0,"enemies":"Lagavulin","floor":8.0,"turns":8.0},{"damage":6.0,"enemies":"Exordium Thugs","floor":10.0,"turns":4.0},{"damage":13.0,"enemies":"3 Sentries","floor":13.0,"turns":6.0},{"damage":15.0,"enemies":"Red Slaver","floor":14.0,"turns":2.0},{"damage":32.0,"enemies":"Hexaghost","floor":16.0,"turns":11.0},{"damage":16.0,"enemies":"2 Thieves","floor":18.0,"turns":4.0},{"damage":0.0,"enemies":"Spheric Guardian","floor":20.0,"turns":4.0},{"damage":19.0,"enemies":"Snake Plant","floor":22.0,"turns":4.0},{"damage":13.0,"enemies":"Centurion and Healer","floor":24.0,"turns":6.0},{"damage":12.0,"enemies":"Shelled Parasite and Fungi","floor":25.0,"turns":4.0},{"damage":15.0,"enemies":"3 Cultists","floor":29.0,"turns":5.0},{"damage":28.0,"enemies":"Champ","floor":33.0,"turns":11.0},{"damage":0.0,"enemies":"Orb Walker","floor":35.0,"turns":3.0},{"damage":17.0,"enemies":"3 Darklings","floor":38.0,"turns":3.0},{"damage":0.0,"enemies":"Spire Growth","floor":39.0,"turns":4.0},{"damage":0.0,"enemies":"Nemesis","floor":40.0,"turns":5.0},{"damage":0,"enemies":"Maw","floor":41,"turns":8},{"damage":28,"enemies":"3 Darklings","floor":45,"turns":4},{"damage":0,"enemies":"Reptomancer","floor":46,"turns":3},{"damage":0,"enemies":"Giant Head","floor":48,"turns":6},{"damage":62,"enemies":"Time Eater","floor":50,"turns":11},{"damage":77,"enemies":"Shield and Spear","floor":54,"turns":6},{"damage":52,"enemies":"The Heart","floor":55,"turns":2}],"seed_played":"-850759180514447643","potions_obtained":[{"floor":4.0,"key":"Fire Potion"},{"floor":8.0,"key":"AttackPotion"},{"floor":10.0,"key":"FocusPotion"},{"floor":20.0,"key":"LiquidBronze"},{"floor":24.0,"key":"Poison Potion"},{"floor":29.0,"key":"Fire Potion"}],"is_trial":false,"path_per_floor":["M","?","?","M","M","E","R","E","T","M","R","?","E","M","R","B",null,"M","$","M","?","M","R","M","M","T","?","$","M","R","?","R","B",null,"M","?","?","M","M","E","M","R","T","R","M","E","R","E","R","B",null,"R","$","E","B"],"character_chosen":"DEFECT","items_purchased":["PreservedInsect","Capacitor","Lockon"],"campfire_rested":5,"item_purchase_floors":[19,19,19],"current_hp_per_floor":[68,73,58,58,58,41,41,18,25,19,43,43,30,15,39,32,80,64,64,64,64,45,69,56,44,44,44,44,29,53,53,53,50,80,80,80,80,63,63,63,63,63,63,63,35,35,59,69,69,25,80,80,80,10,0],"gold":0,"neow_bonus":"ONE_RARE_RELIC","is_prod":false,"is_daily":false,"chose_seed":false,"campfire_upgraded":5,"win_rate":0,"timestamp":1557837435,"path_taken":["M","?","?","M","M","E","R","E","T","M","R","?","E","M","R","BOSS","M","$","M","?","M","R","M","?","T","?","?","M","R","?","R","BOSS","M","?","?","M","M","E","M","R","T","R","M","E","R","E","R","BOSS","R","$","E","BOSS"],"build_version":"2019-01-23","purchased_purges":1,"victory":false,"max_hp_per_floor":[68,73,73,73,73,73,73,73,80,80,80,80,80,80,80,80,80,80,80,80,80,80,80,80,80,80,80,80,80,80,80,80,80,80,80,80,80,80,80,80,80,80,80,80,80,80,80,80,80,80,80,80,80,80,80],"card_choices":[{"not_picked":["Rebound","Hologram"],"picked":"Cold Snap","floor":1.0},{"not_picked":["Rip and Tear","Compile Driver"],"picked":"Sweeping Beam","floor":4.0},{"not_picked":["Rebound","Reboot"],"picked":"Coolheaded","floor":5.0},{"not_picked":["Stack","Streamline"],"picked":"Gash","floor":6.0},{"not_picked":["Aggregate","Rebound"],"picked":"Go for the Eyes","floor":8.0},{"not_picked":["Scrape","Coolheaded"],"picked":"White Noise","floor":10.0},{"not_picked":["Recycle","Rebound"],"picked":"Cold Snap","floor":13.0},{"not_picked":["Rebound","Aggregate"],"picked":"Conserve Battery","floor":14.0},{"not_picked":["Amplify","Hyperbeam"],"picked":"Rainbow","floor":16.0},{"not_picked":["Rebound","Steam+1"],"picked":"Streamline","floor":18.0},{"not_picked":["Go for the Eyes","Stack+1"],"picked":"Ball Lightning+1","floor":20.0},{"not_picked":["Go for the Eyes","Fusion"],"picked":"Compile Driver","floor":22.0},{"not_picked":["Cold Snap","Blizzard+1"],"picked":"White Noise","floor":24.0},{"not_picked":["Undo","Ball Lightning"],"picked":"Leap","floor":25.0},{"not_picked":["Consume","Beam Cell"],"picked":"Buffer","floor":29.0},{"not_picked":["Machine Learning","Meteor Strike"],"picked":"Electrodynamics","floor":33.0},{"not_picked":["Hello World+1","Redo"],"picked":"Heatsinks","floor":35.0},{"not_picked":["Purity","Dramatic Entrance"],"picked":"Flash of Steel","floor":37.0},{"not_picked":["Stack+1","Ball Lightning"],"picked":"Storm","floor":38.0},{"not_picked":["Aggregate+1","Streamline","Ball Lightning"],"picked":"SKIP","floor":39.0},{"not_picked":["Stack","Capacitor","Leap"],"picked":"SKIP","floor":40.0},{"not_picked":["Capacitor","Stack"],"picked":"FTL+1","floor":41},{"not_picked":["Hello World+1","Sweeping Beam"],"picked":"Storm+1","floor":45},{"not_picked":["Ball Lightning+1","Streamline"],"picked":"Self Repair","floor":46},{"not_picked":["All For One","Seek"],"picked":"Coolheaded+1","floor":48},{"not_picked":["Recycle+1","Stack+1","Heatsinks","Static Discharge"],"picked":"SKIP","floor":54}],"player_experience":180628,"relics_obtained":[{"floor":6.0,"key":"Kunai"},{"floor":8.0,"key":"Lantern"},{"floor":9.0,"key":"Strawberry"},{"floor":13.0,"key":"Pantograph"},{"floor":40.0,"key":"Vajra"},{"floor":43,"key":"Pen Nib"},{"floor":46,"key":"MawBank"},{"floor":48,"key":"Question Card"},{"floor":54,"key":"Bronze Scales"}],"event_choices":[{"damage_healed":0.0,"max_hp_gain":5.0,"max_hp_loss":0.0,"gold_gain":0.0,"event_name":"Big Fish","player_choice":"Donut","floor":2.0,"gold_loss":0.0,"damage_taken":0.0},{"damage_healed":0.0,"max_hp_gain":0.0,"max_hp_loss":0.0,"gold_gain":0.0,"event_name":"Shining Light","player_choice":"Entered Light","floor":3.0,"gold_loss":0.0,"damage_taken":15.0,"cards_upgraded":["Defend_B","Strike_B"]},{"damage_healed":0.0,"max_hp_gain":0.0,"max_hp_loss":0.0,"gold_gain":0.0,"event_name":"Accursed Blacksmith","player_choice":"Rummage","floor":12.0,"gold_loss":0.0,"damage_taken":0.0,"relics_obtained":["WarpedTongs"],"cards_obtained":["Pain"]},{"damage_healed":0.0,"max_hp_gain":0.0,"max_hp_loss":0.0,"gold_gain":0.0,"event_name":"Wheel of Change","player_choice":"Cursed","floor":21.0,"gold_loss":0.0,"damage_taken":0.0,"cards_obtained":["Decay"]},{"damage_healed":0.0,"max_hp_gain":0.0,"max_hp_loss":0.0,"gold_gain":100.0,"event_name":"Golden Shrine","player_choice":"Pray","floor":27.0,"gold_loss":0.0,"damage_taken":0.0},{"damage_healed":0.0,"max_hp_gain":0.0,"max_hp_loss":0.0,"gold_gain":0.0,"event_name":"Cursed Tome","player_choice":"Ignored","floor":31.0,"gold_loss":0.0,"damage_taken":0.0},{"damage_healed":0.0,"max_hp_gain":0.0,"max_hp_loss":0.0,"gold_gain":0.0,"event_name":"Tomb of Lord Red Mask","player_choice":"Paid","floor":36.0,"gold_loss":12.0,"damage_taken":0.0,"relics_obtained":["Red Mask"]},{"damage_healed":0.0,"max_hp_gain":0.0,"max_hp_loss":0.0,"gold_gain":0.0,"event_name":"SensoryStone","player_choice":"Memory 1","floor":37.0,"gold_loss":0.0,"damage_taken":0.0}],"is_beta":false,"boss_relics":[{"not_picked":["Tiny House","Busted Crown"],"picked":"Ectoplasm"},{"not_picked":["Orrery","Snecko Eye"],"picked":"Sozu"}],"items_purged_floors":[19],"is_endless":false,"potions_floor_spawned":[4,8,10,13,14,20,24,29,39,40,41,48,54],"killed_by":"The Heart","ascension_level":3}