{"gold_per_floor":[119,133,148,73,91,116,116,144,144,164,195,195,12,0,0,71,71,71,71,71,71,71],"floor_reached":22,"playtime":731,"items_purged":["Strike_R"],"score":340,"play_id":"4f9452d6-5c09-4021-9e22-4e7c87df4af3","local_time":"20190323201138","is_ascension_mode":true,"campfire_choices":[{"floor":7,"key":"REST"},{"data":"Body Slam","floor":12,"key":"SMITH"},{"floor":15,"key":"REST"}],"neow_cost":"NONE","seed_source_timestamp":820690831807200,"circlet_count":0,"master_deck":["AscendersBane","Strike_R","Strike_R","Strike_R","Strike_R","Defend_R","Defend_R","Defend_R","Defend_R","Bash","Body Slam","Pommel Strike","Whirlwind","Demon Form","Evolve","Heavy Blade","Cleave","Feel No Pain+1","Body Slam+1","Panacea","Immolate","Shrug It Off","Heavy Blade+1"],"relics":["Burning Blood","Unceasing Top","Shuriken","Frozen Egg 2","The Courier","Lantern","Ectoplasm"],"potions_floor_usage":[8,16],"damage_taken":[{"damage":5,"enemies":"Jaw Worm","floor":1,"turns":6},{"damage":6,"enemies":"2 Louse","floor":2,"turns":3},{"damage":15,"enemies":"Small Slimes","floor":3,"turns":4},{"damage":7,"enemies":"Looter","floor":5,"turns":4},{"damage":40,"enemies":"3 Sentries","floor":6,"turns":7},{"damage":17,"enemies":"Gremlin Nob","floor":8,"turns":4},{"damage":10,"enemies":"Large Slime","floor":10,"turns":5},{"damage":25,"enemies":"Lagavulin","floor":11,"turns":6},{"damage":23,"enemies":"Slime Boss","floor":16,"turns":6},{"damage":12,"enemies":"Chosen","floor":18,"turns":4},{"damage":11,"enemies":"Spheric Guardian","floor":19,"turns":3},{"damage":19,"enemies":"Centurion and Healer","floor":20,"turns":7},{"damage":46,"enemies":"Shelled Parasite and Fungi","floor":22,"turns":4}],"seed_played":"-1434553527008090583","potions_obtained":[{"floor":1,"key":"Dexterity Potion"},{"floor":6,"key":"EssenceOfSteel"},{"floor":10,"key":"GamblersBrew"},{"floor":11,"key":"AttackPotion"},{"floor":16,"key":"Fire Potion"}],"is_trial":false,"path_per_floor":["M","M","M","$","M","E","R","E","T","M","E","R","$","?","R","B",null,"M","M","M","?","M"],"character_chosen":"IRONCLAD","items_purchased":["Lantern","Panacea"],"campfire_rested":2,"item_purchase_floors":[13,13],"current_hp_per_floor":[73,73,64,64,63,29,53,42,42,38,19,19,19,19,43,26,67,61,56,43,43,0],"gold":71,"neow_bonus":"THREE_CARDS","is_prod":false,"is_daily":false,"chose_seed":false,"campfire_upgraded":1,"win_rate":0,"timestamp":1553368298,"path_taken":["M","M","M","$","M","E","R","E","T","M","E","R","$","?","R","BOSS","M","M","M","?","M"],"build_version":"2019-01-23","purchased_purges":1,"victory":false,"max_hp_per_floor":[80,80,80,80,80,80,80,80,80,80,80,80,80,80,80,80,80,80,80,80,80,80],"card_choices":[{"not_picked":["Thunderclap","Flex"],"picked":"Body Slam","floor":0},{"not_picked":["Dropkick","Clash"],"picked":"Pommel Strike","floor":1},{"not_picked":["Thunderclap","Reckless Charge"],"picked":"Whirlwind","floor":2},{"not_picked":["Flex","Wild Strike"],"picked":"Demon Form","floor":3},{"not_picked":["Wild Strike","Headbutt"],"picked":"Evolve","floor":5},{"not_picked":["Demon Form","Sever Soul"],"picked":"Heavy Blade","floor":6},{"not_picked":["Flex","Demon Form"],"picked":"Cleave","floor":8},{"not_picked":["Burning Pact","Twin Strike"],"picked":"Feel No Pain+1","floor":10},{"not_picked":["Armaments","Inflame+1"],"picked":"Body Slam","floor":11},{"not_picked":["Juggernaut+1","Impervious"],"picked":"Immolate","floor":16},{"not_picked":["Cleave","Havoc"],"picked":"Shrug It Off","floor":18},{"not_picked":["Fire Breathing+1","Sentinel"],"picked":"Heavy Blade+1","floor":19},{"not_picked":["Flex","Combust+1","Warcry"],"picked":"SKIP","floor":20}],"player_experience":561633,"relics_obtained":[{"floor":6,"key":"Unceasing Top"},{"floor":8,"key":"Shuriken"},{"floor":9,"key":"Frozen Egg 2"},{"floor":11,"key":"The Courier"}],"event_choices":[{"damage_healed":0,"gold_gain":0,"player_choice":"Left Gold","damage_taken":0,"max_hp_gain":0,"max_hp_loss":0,"event_name":"World of Goop","floor":14,"gold_loss":12},{"damage_healed":0,"gold_gain":0,"player_choice":"Ignored","damage_taken":0,"max_hp_gain":0,"max_hp_loss":0,"event_name":"Beggar","floor":21,"gold_loss":0}],"is_beta":false,"boss_relics":[{"not_picked":["Black Star","Runic Dome"],"picked":"Ectoplasm"}],"items_purged_floors":[4],"is_endless":false,"potions_floor_spawned":[1,6,10,11,16,20],"killed_by":"Shelled Parasite and Fungi","ascension_level":13}