{"gold_per_floor":[112,187,187,207,9,36,136,155,155,155,188,200,229,246,246,341,341,351,381,77,77,77,77,105,105,105,133,133,158,188,238,238,343,343,354,380,392,403,5,5,15,15,40,72,86,86,26,26,26,26,26,26,6,31,31],"floor_reached":55,"playtime":1794,"items_purged":["Doubt"],"score":1053,"play_id":"4ac3558c-9b92-4079-8032-6cdb7c547fa4","local_time":"20190429191953","is_ascension_mode":true,"campfire_choices":[{"data":"Heavy Blade","floor":10,"key":"SMITH"},{"data":"Armaments","floor":15,"key":"SMITH"},{"data":"Anger","floor":23,"key":"SMITH"},{"data":"Feed","floor":25,"key":"SMITH"},{"data":"Shrug It Off","floor":32,"key":"SMITH"},{"floor":40,"key":"RECALL"},{"floor":42,"key":"REST"},{"data":"Hemokinesis","floor":49,"key":"SMITH"},{"data":"Shrug It Off","floor":52,"key":"SMITH"}],"neow_cost":"NONE","seed_source_timestamp":1483835832130900,"circlet_count":0,"master_deck":["Strike_R","Strike_R","Strike_R","Strike_R","Strike_R","Defend_R","Defend_R","Defend_R","Bash","Armaments+1","Shrug It Off+1","Heavy Blade+1","Shrug It Off+1","Headbutt","Immolate","Cleave","Thunderclap","Offering+1","Metallicize+1","Anger+1","Feed+1","Rupture+1","J.A.X.+1","Fire Breathing+1","Reaper","Heavy Blade+1","Anger+1","Fire Breathing+1","Rupture+1","Fire Breathing+1","Fire Breathing+1","Shrug It Off+1","Hemokinesis+1","Thunderclap","Seeing Red+1"],"relics":["Burning Blood","NeowsBlessing","Brimstone","Frozen Egg 2","Anchor","Pen Nib","Toxic Egg 2","Lizard Tail","Red Mask","Mercury Hourglass","Darkstone Periapt","Pocketwatch","Centennial Puzzle","The Courier","Tiny Chest","Empty Cage","Red Skull","Sling","Orichalcum","Oddly Smooth Stone","Letter Opener"],"potions_floor_usage":[16,16,19,29,44,45,48,50],"damage_taken":[{"damage":0,"enemies":"2 Louse","floor":1,"turns":1},{"damage":0,"enemies":"Small Slimes","floor":4,"turns":1},{"damage":0,"enemies":"Lagavulin","floor":6,"turns":1},{"damage":3,"enemies":"Cultist","floor":8,"turns":3},{"damage":12,"enemies":"Gremlin Nob","floor":11,"turns":3},{"damage":0,"enemies":"Red Slaver","floor":12,"turns":2},{"damage":7,"enemies":"3 Sentries","floor":13,"turns":3},{"damage":0,"enemies":"2 Fungi Beasts","floor":14,"turns":1},{"damage":37,"enemies":"Hexaghost","floor":16,"turns":7},{"damage":6,"enemies":"Shell Parasite","floor":18,"turns":3},{"damage":38,"enemies":"Masked Bandits","floor":19,"turns":4},{"damage":7,"enemies":"Book of Stabbing","floor":24,"turns":3},{"damage":26,"enemies":"Slavers","floor":27,"turns":3},{"damage":6,"enemies":"Gremlin Leader","floor":29,"turns":2},{"damage":57,"enemies":"Automaton","floor":33,"turns":5},{"damage":9,"enemies":"Orb Walker","floor":35,"turns":2},{"damage":17,"enemies":"3 Darklings","floor":37,"turns":2},{"damage":13,"enemies":"Jaw Worm Horde","floor":38,"turns":2},{"damage":29,"enemies":"4 Shapes","floor":41,"turns":3},{"damage":44,"enemies":"Nemesis","floor":44,"turns":5},{"damage":17,"enemies":"Spire Growth","floor":45,"turns":3},{"damage":0,"enemies":"Writhing Mass","floor":48,"turns":1},{"damage":85,"enemies":"Time Eater","floor":50,"turns":5},{"damage":116,"enemies":"Shield and Spear","floor":54,"turns":4},{"damage":79,"enemies":"The Heart","floor":55,"turns":2}],"seed_played":"-4320900174015707394","potions_obtained":[{"floor":6,"key":"EssenceOfSteel"},{"floor":12,"key":"Weak Potion"},{"floor":13,"key":"SkillPotion"},{"floor":14,"key":"Explosive Potion"},{"floor":27,"key":"Energy Potion"},{"floor":33,"key":"Energy Potion"},{"floor":38,"key":"SkillPotion"},{"floor":41,"key":"Block Potion"},{"floor":45,"key":"SmokeBomb"}],"is_trial":false,"path_per_floor":["M","?","?","M","$","E","?","M","T","R","E","M","E","M","R","B",null,"M","?","$","?","?","R","E","R","T","E","?","E","T","?","R","B",null,"M","T","M","M","$","R","M","R","T","E","M","?","$","M","R","B",null,"R","$","E","B"],"character_chosen":"IRONCLAD","items_purchased":["Brimstone","Mercury Hourglass","Anger","Sling","Fire Breathing+1","Rupture+1","Fire Breathing+1","Fire Breathing+1","Thunderclap"],"campfire_rested":1,"item_purchase_floors":[5,20,20,39,39,39,39,39,53],"current_hp_per_floor":[80,69,61,67,67,73,73,76,76,76,70,76,75,80,80,49,80,80,48,48,74,80,80,79,79,79,63,63,67,67,67,67,16,94,95,95,96,89,89,89,66,95,95,62,55,112,112,112,112,33,112,112,112,18,0],"gold":31,"neow_bonus":"THREE_ENEMY_KILL","is_prod":false,"is_daily":false,"chose_seed":false,"campfire_upgraded":7,"win_rate":0,"timestamp":1556579993,"path_taken":["M","?","?","?","?","E","?","M","T","R","E","M","E","?","R","BOSS","M","?","$","?","?","R","E","R","T","E","?","E","?","?","R","BOSS","M","?","M","M","$","R","M","R","T","E","M","?","$","M","R","BOSS","R","$","E","BOSS"],"build_version":"2019-01-23","purchased_purges":1,"victory":false,"max_hp_per_floor":[80,80,80,80,80,80,80,80,80,80,80,80,80,80,80,80,80,80,80,80,80,86,86,86,86,86,90,90,94,94,94,94,94,94,98,98,98,98,98,98,98,98,98,102,106,112,112,112,112,112,112,112,112,112,112],"card_choices":[{"not_picked":["Clash","Searing Blow"],"picked":"Armaments","floor":1},{"not_picked":["Iron Wave","Twin Strike"],"picked":"Shrug It Off","floor":4},{"not_picked":["Cleave","Perfected Strike"],"picked":"Heavy Blade","floor":6},{"not_picked":["Perfected Strike","Entrench"],"picked":"Shrug It Off","floor":8},{"not_picked":["Perfected Strike","Fire Breathing+1"],"picked":"Headbutt","floor":11},{"not_picked":["Thunderclap","Pommel Strike"],"picked":"Immolate","floor":12},{"not_picked":["Body Slam","Rupture+1"],"picked":"Cleave","floor":13},{"not_picked":["Battle Trance+1","Sentinel+1"],"picked":"Thunderclap","floor":14},{"not_picked":["Dark Embrace+1","Juggernaut+1"],"picked":"Offering+1","floor":16},{"not_picked":["Burning Pact+1","Havoc+1"],"picked":"Metallicize+1","floor":18},{"not_picked":["Spot Weakness+1","Anger"],"picked":"Feed","floor":24},{"not_picked":["Cleave","Power Through+1"],"picked":"Rupture+1","floor":27},{"not_picked":["Combust+1","Havoc+1"],"picked":"Fire Breathing+1","floor":29},{"not_picked":["Dark Embrace+1","Juggernaut+1"],"picked":"Reaper","floor":33},{"not_picked":["Armaments+1","Pummel+1"],"picked":"Heavy Blade+1","floor":35},{"not_picked":["Wild Strike+1","Dual Wield+1","Power Through+1"],"picked":"SKIP","floor":37},{"not_picked":["Metallicize+1","Feel No Pain+1"],"picked":"Anger+1","floor":38},{"not_picked":["Headbutt+1","Pommel Strike"],"picked":"Shrug It Off+1","floor":41},{"not_picked":["Warcry+1","Corruption+1","Dual Wield+1"],"picked":"SKIP","floor":44},{"not_picked":["Sever Soul+1","Clothesline"],"picked":"Hemokinesis","floor":45},{"not_picked":["Iron Wave+1","Fiend Fire"],"picked":"Seeing Red+1","floor":54}],"player_experience":127069,"relics_obtained":[{"floor":6,"key":"Frozen Egg 2"},{"floor":9,"key":"Anchor"},{"floor":11,"key":"Pen Nib"},{"floor":13,"key":"Toxic Egg 2"},{"floor":19,"key":"Red Mask"},{"floor":24,"key":"Pocketwatch"},{"floor":27,"key":"Centennial Puzzle"},{"floor":29,"key":"The Courier"},{"floor":30,"key":"Tiny Chest"},{"floor":36,"key":"Red Skull"},{"floor":43,"key":"Orichalcum"},{"floor":44,"key":"Oddly Smooth Stone"},{"floor":54,"key":"Letter Opener"}],"event_choices":[{"damage_healed":0,"gold_gain":75,"player_choice":"Gather Gold","damage_taken":11,"max_hp_gain":0,"max_hp_loss":0,"event_name":"World of Goop","floor":2,"gold_loss":0},{"damage_healed":0,"gold_gain":0,"player_choice":"Damaged","damage_taken":8,"max_hp_gain":0,"max_hp_loss":0,"event_name":"Wheel of Change","floor":3,"gold_loss":0},{"damage_healed":0,"gold_gain":100,"player_choice":"Pray","damage_taken":0,"max_hp_gain":0,"max_hp_loss":0,"event_name":"Golden Shrine","floor":7,"gold_loss":0},{"damage_healed":0,"gold_gain":0,"player_choice":"Fought Bandits","damage_taken":0,"max_hp_gain":0,"max_hp_loss":0,"event_name":"Masked Bandits","floor":19,"gold_loss":0},{"damage_healed":26,"gold_gain":0,"player_choice":"Heal","damage_taken":0,"max_hp_gain":0,"max_hp_loss":0,"event_name":"The Library","floor":21,"gold_loss":0},{"damage_healed":0,"gold_gain":0,"player_choice":"Stole Relic","damage_taken":0,"relics_obtained":["Darkstone Periapt"],"max_hp_gain":0,"max_hp_loss":0,"event_name":"Addict","floor":22,"gold_loss":0,"cards_obtained":["Shame"]},{"damage_healed":0,"gold_gain":0,"player_choice":"Obtain J.A.X.","damage_taken":0,"max_hp_gain":0,"max_hp_loss":0,"event_name":"Drug Dealer","floor":28,"gold_loss":0,"cards_obtained":["J.A.X."]},{"damage_healed":0,"gold_gain":100,"player_choice":"Bet on Murderer","damage_taken":0,"max_hp_gain":0,"max_hp_loss":0,"event_name":"The Joust","floor":31,"gold_loss":50},{"damage_healed":51,"gold_gain":0,"player_choice":"Heal","damage_taken":0,"max_hp_gain":0,"max_hp_loss":0,"event_name":"MindBloom","floor":46,"gold_loss":0,"cards_obtained":["Doubt"]}],"is_beta":false,"boss_relics":[{"not_picked":["Calling Bell","Velvet Choker"],"picked":"Lizard Tail"},{"not_picked":["Orrery","Runic Dome"],"picked":"Empty Cage"}],"items_purged_floors":[47],"is_endless":false,"potions_floor_spawned":[6,12,13,14,27,33,38,41,45],"killed_by":"The Heart","ascension_level":4}