{"gold_per_floor":[114,128,78,78,97,125,125,144,144,175,175,208,44,63,63,161,161,161,101,101,101],"floor_reached":21,"playtime":745,"items_purged":[],"score":279,"play_id":"ac8ec2c0-00d7-48e4-a851-6dab1bc29c76","local_time":"20190124133240","is_ascension_mode":true,"campfire_choices":[{"data":"Barrage","floor":7,"key":"SMITH"},{"floor":11,"key":"REST"},{"floor":15,"key":"REST"}],"neow_cost":"NONE","seed_source_timestamp":140867367712259,"circlet_count":0,"master_deck":["Strike_B","Strike_B","Strike_B","Defend_B","Defend_B","Defend_B","Defend_B","Zap","Dualcast","Compile Driver","Glacier+1","Barrage","Barrage+1","Stack","Double Energy","Redo","Apotheosis","Rip and Tear","Ball Lightning","Thunder Strike","Capacitor+1","Ball Lightning","Necronomicurse"],"relics":["Cracked Core","NeowsBlessing","Mummified Hand","Frozen Egg 2","Bottled Lightning","Dream Catcher","Ectoplasm","Necronomicon"],"potions_floor_usage":[6,16,18],"damage_taken":[{"damage":0,"enemies":"Jaw Worm","floor":1,"turns":1},{"damage":0,"enemies":"2 Louse","floor":2,"turns":1},{"damage":0,"enemies":"Cultist","floor":5,"turns":1},{"damage":12,"enemies":"3 Sentries","floor":6,"turns":7},{"damage":17,"enemies":"Blue Slaver","floor":8,"turns":5},{"damage":56,"enemies":"Gremlin Nob","floor":10,"turns":5},{"damage":8,"enemies":"3 Sentries","floor":12,"turns":8},{"damage":2,"enemies":"Looter","floor":14,"turns":3},{"damage":6,"enemies":"Hexaghost","floor":16,"turns":8},{"damage":6,"enemies":"3 Byrds","floor":18,"turns":4},{"damage":34,"enemies":"2 Thieves","floor":19,"turns":4},{"damage":11,"enemies":"Cultist and Chosen","floor":21,"turns":4}],"seed_played":"2829634427930131606","potions_obtained":[{"floor":1,"key":"LiquidBronze"},{"floor":5,"key":"FairyPotion"},{"floor":12,"key":"FocusPotion"},{"floor":16,"key":"Fire Potion"}],"is_trial":false,"path_per_floor":["M","M","?","?","M","E","R","M","T","E","R","E","$","M","R","B",null,"M","M","?","M"],"character_chosen":"DEFECT","items_purchased":["Apotheosis"],"campfire_rested":2,"item_purchase_floors":[13],"current_hp_per_floor":[68,68,68,68,68,56,56,39,39,7,29,21,21,19,41,35,65,59,25,9,0],"gold":101,"neow_bonus":"THREE_ENEMY_KILL","is_prod":false,"is_daily":false,"chose_seed":false,"campfire_upgraded":1,"win_rate":0,"timestamp":1548347560,"path_taken":["M","M","?","?","M","E","R","M","T","E","R","E","$","?","R","BOSS","M","M","?","M"],"build_version":"2019-01-23","purchased_purges":0,"victory":false,"max_hp_per_floor":[75,75,75,75,75,75,75,75,75,75,75,75,75,75,75,75,75,75,75,75,75],"card_choices":[{"not_picked":["Darkness","Recycle"],"picked":"Compile Driver","floor":1},{"not_picked":["Redo","Leap"],"picked":"Glacier","floor":2},{"not_picked":["Steam","Coolheaded"],"picked":"Barrage","floor":5},{"not_picked":["Genetic Algorithm","Beam Cell"],"picked":"Barrage","floor":6},{"not_picked":["Steam","Coolheaded"],"picked":"Stack","floor":8},{"not_picked":["Streamline","Fission"],"picked":"Double Energy","floor":10},{"not_picked":["Compile Driver","Steam"],"picked":"Redo","floor":12},{"not_picked":["Melter","Force Field"],"picked":"Rip and Tear","floor":14},{"not_picked":["Genetic Algorithm","Hologram"],"picked":"Ball Lightning","floor":15},{"not_picked":["Meteor Strike","Fission"],"picked":"Thunder Strike","floor":16},{"not_picked":["Darkness+1","Leap"],"picked":"Capacitor+1","floor":18},{"not_picked":["Cold Snap","Melter"],"picked":"Ball Lightning","floor":19}],"player_experience":671826,"relics_obtained":[{"floor":6,"key":"Mummified Hand"},{"floor":9,"key":"Frozen Egg 2"},{"floor":10,"key":"Bottled Lightning"},{"floor":12,"key":"Dream Catcher"},{"floor":20,"key":"Necronomicon"}],"event_choices":[{"cards_removed":["Strike_B"],"damage_healed":0,"gold_gain":0,"player_choice":"Card Removal","damage_taken":0,"max_hp_gain":0,"max_hp_loss":0,"event_name":"The Cleric","floor":3,"gold_loss":50},{"damage_healed":0,"gold_gain":0,"player_choice":"Forge","damage_taken":0,"max_hp_gain":0,"max_hp_loss":0,"event_name":"Accursed Blacksmith","floor":4,"gold_loss":0,"cards_upgraded":["Glacier"]},{"damage_healed":0,"gold_gain":0,"player_choice":"Obtained Book","damage_taken":16,"max_hp_gain":0,"max_hp_loss":0,"event_name":"Cursed Tome","floor":20,"gold_loss":0}],"is_beta":false,"boss_relics":[{"not_picked":["Tiny House","Empty Cage"],"picked":"Ectoplasm"}],"items_purged_floors":[],"is_endless":false,"potions_floor_spawned":[1,5,12,16],"killed_by":"Cultist and Chosen","ascension_level":8}