{"gold_per_floor":[112,124,124,6,6,32,32,57,57,57,87,187,205,219,219,321,321,332,348,348,359,290,290,290],"floor_reached":24,"playtime":1701,"items_purged":[],"score":246,"play_id":"a5ac423d-3e69-46a4-a54f-5e00507ad4f4","local_time":"20180624033117","is_ascension_mode":true,"campfire_choices":[{"data":"Backflip","floor":7,"key":"SMITH"},{"floor":10,"key":"REST"},{"floor":15,"key":"REST"},{"floor":23,"key":"REST"}],"neow_cost":"NONE","seed_source_timestamp":192359402710558,"circlet_count":0,"master_deck":["Defend_G+1","Defend_G+1","Defend_G+1","Defend_G+1","Defend_G+1","Strike_G+1","Strike_G+1","Strike_G+1","Strike_G+1","Strike_G+1","Survivor+1","Neutralize","Terror","Backflip+1","Terror","Prepared","Unload+1","Infinite Blades","Storm of Steel","Footwork","A Thousand Cuts","Noxious Fumes","Prepared+1","Slice+1","Infinite Blades"],"relics":["Ring of the Snake","War Paint","Molten Egg 2","Smiling Mask","Kunai","Incense Burner","Runic Pyramid"],"potions_floor_usage":[6,16,24],"damage_taken":[{"damage":0,"enemies":"Cultist","floor":1,"turns":4},{"damage":0,"enemies":"Jaw Worm","floor":2,"turns":3},{"damage":12,"enemies":"Lagavulin","floor":6,"turns":9},{"damage":22,"enemies":"3 Sentries","floor":8,"turns":10},{"damage":10,"enemies":"Lagavulin","floor":11,"turns":7},{"damage":8,"enemies":"2 Louse","floor":13,"turns":2},{"damage":9,"enemies":"Exordium Thugs","floor":14,"turns":5},{"damage":13,"enemies":"Hexaghost","floor":16,"turns":9},{"damage":30,"enemies":"Spheric Guardian","floor":18,"turns":6},{"damage":0,"enemies":"Shell Parasite","floor":19,"turns":5},{"damage":27,"enemies":"Cultist and Chosen","floor":21,"turns":7},{"damage":43,"enemies":"Gremlin Leader","floor":24,"turns":5}],"seed_played":"-4558902466932458733","potions_obtained":[{"floor":2,"key":"Block Potion"},{"floor":11,"key":"LiquidBronze"},{"floor":13,"key":"Poison Potion"}],"is_trial":false,"path_per_floor":["M","M","?","$","$","E","R","E","T","R","E","?","M","M","R","B",null,"M","M","?","M","$","R"],"character_chosen":"THE_SILENT","items_purchased":["Terror","Prepared","Infinite Blades"],"campfire_rested":3,"item_purchase_floors":[4,4,22],"current_hp_per_floor":[70,70,70,70,70,58,58,36,36,57,47,47,39,30,51,38,70,40,40,40,13,13,34,0],"gold":290,"neow_bonus":"RANDOM_COMMON_RELIC","is_prod":false,"is_daily":false,"chose_seed":false,"campfire_upgraded":1,"win_rate":0,"timestamp":1529821877,"path_taken":["M","M","?","?","$","E","R","E","T","R","E","?","M","M","R","BOSS","M","M","?","M","$","R","E"],"build_version":"2018-06-21v2","purchased_purges":0,"victory":false,"max_hp_per_floor":[70,70,70,70,70,70,70,70,70,70,70,70,70,70,70,70,70,70,70,70,70,70,70,70],"card_choices":[{"not_picked":["Dodge and Roll","Blur"],"picked":"Terror","floor":1},{"not_picked":["Dagger Throw","Endless Agony"],"picked":"Backflip","floor":2},{"not_picked":["Calculated Gamble","Sucker Punch"],"picked":"Unload","floor":6},{"not_picked":["Crippling Poison","Deadly Poison"],"picked":"Infinite Blades","floor":8},{"not_picked":["Catalyst","Flying Knee+1"],"picked":"Storm of Steel","floor":11},{"not_picked":["Deadly Poison","Poisoned Stab+1"],"picked":"Footwork","floor":13},{"not_picked":["Dodge and Roll","Underhanded Strike+1","Poisoned Stab+1"],"picked":"SKIP","floor":14},{"not_picked":["Corpse Explosion+1","Adrenaline"],"picked":"A Thousand Cuts","floor":16},{"not_picked":["Dagger Spray+1","Blur"],"picked":"Noxious Fumes","floor":18},{"not_picked":["Heel Hook+1","Well Laid Plans+1"],"picked":"Prepared+1","floor":19},{"not_picked":["Dodge and Roll","Expertise"],"picked":"Slice+1","floor":21}],"player_experience":397575,"relics_obtained":[{"floor":6,"key":"Molten Egg 2"},{"floor":8,"key":"Smiling Mask"},{"floor":9,"key":"Kunai"},{"floor":11,"key":"Incense Burner"}],"event_choices":[{"event_name":"The Cleric","player_choice":"Leave","floor":3,"damage_taken":0},{"event_name":"Golden Shrine","player_choice":"Pray","floor":12,"damage_taken":0},{"event_name":"Back to Basics","player_choice":"Simplicity","floor":20,"damage_taken":0}],"boss_relics":[{"not_picked":["Calling Bell","Pandora\u0027s Box"],"picked":"Runic Pyramid"}],"items_purged_floors":[],"is_endless":false,"potions_floor_spawned":[2,11,13],"killed_by":"Gremlin Leader","ascension_level":3}