{"gold_per_floor":[111,111,386,401,414,414,589,621,682,704,716,60,60,60,60,159,159,172,271,271,271,302,302],"floor_reached":23,"playtime":802,"items_purged":[],"score":231,"play_id":"df9f246a-865c-4f5d-8f65-9ae2b326f7cc","local_time":"20190119140917","is_ascension_mode":true,"campfire_choices":[{"data":"Noxious Fumes","floor":6,"key":"SMITH"},{"data":"All Out Attack","floor":11,"key":"SMITH"},{"data":"Apotheosis","floor":13,"key":"SMITH"},{"floor":15,"key":"REST"}],"neow_cost":"NONE","seed_source_timestamp":526462046082013,"circlet_count":0,"master_deck":["Defend_G","Defend_G","Defend_G","Defend_G","Defend_G","Strike_G","Strike_G","Strike_G","Strike_G","Strike_G","Survivor","Neutralize","Dagger Spray","Regret","All Out Attack+1","Noxious Fumes+1","Doubt","Catalyst","Poisoned Stab","Apotheosis+1","Unload","Footwork+1","Writhe","Injury","Bane+1"],"relics":["Ring of the Snake","NeowsBlessing","MawBank","Bag of Marbles","Bottled Tornado","Meat on the Bone","Regal Pillow","Cursed Key","Mummified Hand","Letter Opener","Red Mask"],"potions_floor_usage":[8,23,23,23],"damage_taken":[{"damage":0,"enemies":"2 Louse","floor":1,"turns":1},{"damage":0,"enemies":"Small Slimes","floor":4,"turns":1},{"damage":0,"enemies":"Cultist","floor":5,"turns":1},{"damage":37,"enemies":"Lagavulin","floor":8,"turns":8},{"damage":0,"enemies":"3 Louse","floor":10,"turns":1},{"damage":31,"enemies":"Hexaghost","floor":16,"turns":8},{"damage":9,"enemies":"Chosen","floor":18,"turns":3},{"damage":27,"enemies":"Masked Bandits","floor":22,"turns":4},{"damage":40,"enemies":"Book of Stabbing","floor":23,"turns":4}],"seed_played":"7231669163070291134","potions_obtained":[{"floor":4,"key":"Weak Potion"},{"floor":8,"key":"Weak Potion"},{"floor":16,"key":"PowerPotion"},{"floor":22,"key":"PowerPotion"}],"is_trial":false,"path_per_floor":["M","?","?","M","M","R","?","E","T","M","R","$","R","?","R","B",null,"M","?","?","T","?","E"],"character_chosen":"THE_SILENT","items_purchased":["Apotheosis","Bottled Tornado","Meat on the Bone"],"campfire_rested":1,"item_purchase_floors":[12,12,12],"current_hp_per_floor":[70,70,70,70,70,70,70,33,33,33,33,33,33,15,51,32,61,52,52,52,52,37,0],"gold":302,"neow_bonus":"THREE_ENEMY_KILL","is_prod":false,"is_daily":false,"chose_seed":false,"campfire_upgraded":3,"win_rate":0,"timestamp":1547917757,"path_taken":["M","?","?","M","?","R","?","E","T","M","R","$","R","?","R","BOSS","M","?","?","?","?","E"],"build_version":"2019-01-17v2","purchased_purges":0,"victory":false,"max_hp_per_floor":[70,70,70,70,70,70,70,70,70,70,70,70,70,70,70,70,70,70,70,70,70,70,70],"card_choices":[{"not_picked":["Flying Knee","Blur"],"picked":"Dagger Spray","floor":1},{"not_picked":["Underhanded Strike","Flying Knee"],"picked":"All Out Attack","floor":4},{"not_picked":["Bouncing Flask","Deadly Poison"],"picked":"Noxious Fumes","floor":5},{"not_picked":["Tactician","Tools of the Trade"],"picked":"Catalyst","floor":8},{"not_picked":["Quick Slash","Blade Dance"],"picked":"Poisoned Stab","floor":10},{"not_picked":["Storm of Steel","Tools of the Trade"],"picked":"Unload","floor":16},{"not_picked":["Dagger Throw","Accuracy+1"],"picked":"Footwork+1","floor":18},{"not_picked":["Acrobatics+1","PiercingWail"],"picked":"Bane+1","floor":22}],"player_experience":644122,"relics_obtained":[{"floor":8,"key":"MawBank"},{"floor":9,"key":"Bag of Marbles"},{"floor":21,"key":"Letter Opener"},{"floor":22,"key":"Red Mask"}],"event_choices":[{"damage_healed":0,"gold_gain":0,"player_choice":"Ignored","damage_taken":0,"max_hp_gain":0,"max_hp_loss":0,"event_name":"Golden Wing","floor":2,"gold_loss":0},{"damage_healed":0,"gold_gain":275,"player_choice":"Desecrate","damage_taken":0,"max_hp_gain":0,"max_hp_loss":0,"event_name":"Golden Shrine","floor":3,"gold_loss":0,"cards_obtained":["Regret"]},{"damage_healed":0,"gold_gain":175,"player_choice":"AGREE","damage_taken":0,"max_hp_gain":0,"max_hp_loss":0,"event_name":"Liars Game","floor":7,"gold_loss":0,"cards_obtained":["Doubt"]},{"damage_healed":0,"gold_gain":0,"player_choice":"Success","damage_taken":18,"relics_obtained":["Regal Pillow"],"max_hp_gain":0,"max_hp_loss":0,"event_name":"Scrap Ooze","floor":14,"gold_loss":0},{"damage_healed":0,"gold_gain":99,"player_choice":"Stole From Cult","damage_taken":0,"max_hp_gain":0,"max_hp_loss":0,"event_name":"Nest","floor":19,"gold_loss":0},{"damage_healed":0,"gold_gain":0,"player_choice":"Opened","damage_taken":0,"relics_obtained":["Mummified Hand"],"max_hp_gain":0,"max_hp_loss":0,"event_name":"The Mausoleum","floor":20,"gold_loss":0,"cards_obtained":["Writhe"]},{"damage_healed":0,"gold_gain":0,"player_choice":"Fought Bandits","damage_taken":0,"max_hp_gain":0,"max_hp_loss":0,"event_name":"Masked Bandits","floor":22,"gold_loss":0}],"is_beta":false,"boss_relics":[{"not_picked":["Ring of the Serpent","Coffee Dripper"],"picked":"Cursed Key"}],"items_purged_floors":[],"is_endless":false,"potions_floor_spawned":[4,8,16,22],"killed_by":"Book of Stabbing","ascension_level":5}