{"gold_per_floor":[119,69,69,88,263,289,289,318,318,346,361,361,411,411,411,485,485,495,505,505,519,537,537,537],"floor_reached":24,"playtime":685,"items_purged":[],"score":406,"play_id":"cd49958a-be72-4c95-abda-528ad9893399","local_time":"20190411222804","is_ascension_mode":true,"campfire_choices":[{"data":"Rampage","floor":7,"key":"SMITH"},{"floor":12,"key":"REST"},{"floor":15,"key":"REST"},{"floor":23,"key":"REST"}],"neow_cost":"NONE","seed_source_timestamp":30906133904765,"circlet_count":0,"master_deck":["AscendersBane","Strike_R","Strike_R","Defend_R","Defend_R","Defend_R","Defend_R","Bash","Headbutt","Rampage+1","Doubt","Headbutt","Pummel+1","Offering","Reaper","Anger","Thunderclap","Feel No Pain","Shrug It Off"],"relics":["Burning Blood","NeowsBlessing","Bird Faced Urn","Shuriken","Calipers","Kunai","Art of War","Cursed Key"],"potions_floor_usage":[8,18],"damage_taken":[{"damage":0,"enemies":"Cultist","floor":1,"turns":1},{"damage":0,"enemies":"2 Louse","floor":4,"turns":2},{"damage":0,"enemies":"3 Sentries","floor":6,"turns":2},{"damage":32,"enemies":"Gremlin Nob","floor":8,"turns":4},{"damage":40,"enemies":"Lagavulin","floor":10,"turns":5},{"damage":12,"enemies":"Jaw Worm","floor":11,"turns":3},{"damage":52,"enemies":"The Guardian","floor":16,"turns":7},{"damage":31,"enemies":"3 Byrds","floor":18,"turns":4},{"damage":12,"enemies":"Chosen","floor":19,"turns":3},{"damage":28,"enemies":"Sentry and Sphere","floor":21,"turns":4},{"damage":12,"enemies":"Cultist and Chosen","floor":22,"turns":5},{"damage":54,"enemies":"Book of Stabbing","floor":24,"turns":4}],"seed_played":"-985555671166062792","potions_obtained":[{"floor":6,"key":"Strength Potion"},{"floor":16,"key":"Explosive Potion"}],"is_trial":false,"path_per_floor":["M","?","?","M","?","E","R","E","T","E","M","R","T","?","R","B",null,"M","M","?","M","M","R","E"],"character_chosen":"IRONCLAD","items_purchased":[],"campfire_rested":3,"item_purchase_floors":[],"current_hp_per_floor":[74,74,67,73,73,75,75,49,49,15,9,31,31,31,53,7,58,39,40,40,18,20,42,0],"gold":537,"neow_bonus":"THREE_ENEMY_KILL","is_prod":false,"is_daily":false,"chose_seed":false,"campfire_upgraded":1,"win_rate":0,"timestamp":1555032484,"path_taken":["M","?","?","?","?","E","R","E","T","E","M","R","?","?","R","BOSS","M","M","?","?","M","R","E"],"build_version":"2019-01-23","purchased_purges":0,"victory":false,"max_hp_per_floor":[75,75,75,75,75,75,75,75,75,75,75,75,75,75,75,75,75,75,75,75,75,75,75,75],"card_choices":[{"not_picked":["Perfected Strike","Pommel Strike"],"picked":"Headbutt","floor":1},{"not_picked":["Body Slam","Heavy Blade"],"picked":"Rampage","floor":4},{"not_picked":["True Grit","Searing Blow"],"picked":"Headbutt","floor":6},{"not_picked":["Cleave","Clothesline"],"picked":"Pummel","floor":8},{"not_picked":["Havoc","Clothesline"],"picked":"Offering","floor":10},{"not_picked":["Blood for Blood","Wild Strike","Headbutt"],"picked":"SKIP","floor":11},{"not_picked":["Berserk","Bludgeon"],"picked":"Reaper","floor":16},{"not_picked":["Twin Strike","Iron Wave"],"picked":"Anger","floor":18},{"not_picked":["Reckless Charge","Rupture","Hemokinesis"],"picked":"SKIP","floor":19},{"not_picked":["Headbutt","Pommel Strike"],"picked":"Feel No Pain","floor":21},{"not_picked":["Havoc","Clothesline"],"picked":"Shrug It Off","floor":22}],"player_experience":1079023,"relics_obtained":[{"floor":6,"key":"Bird Faced Urn"},{"floor":8,"key":"Shuriken"},{"floor":9,"key":"Calipers"},{"floor":10,"key":"Kunai"},{"floor":13,"key":"Art of War"}],"event_choices":[{"cards_removed":["Strike_R"],"damage_healed":0,"gold_gain":0,"player_choice":"Card Removal","damage_taken":0,"max_hp_gain":0,"max_hp_loss":0,"event_name":"The Cleric","floor":2,"gold_loss":50},{"cards_removed":["Strike_R"],"damage_healed":0,"gold_gain":0,"player_choice":"Card Removal","damage_taken":7,"max_hp_gain":0,"max_hp_loss":0,"event_name":"Golden Wing","floor":3,"gold_loss":0},{"damage_healed":0,"gold_gain":175,"player_choice":"AGREE","damage_taken":0,"max_hp_gain":0,"max_hp_loss":0,"event_name":"Liars Game","floor":5,"gold_loss":0,"cards_obtained":["Doubt"]},{"damage_healed":0,"gold_gain":0,"player_choice":"Grow","damage_taken":0,"max_hp_gain":0,"max_hp_loss":0,"event_name":"Living Wall","floor":14,"gold_loss":0,"cards_upgraded":["Pummel"]},{"damage_healed":0,"gold_gain":0,"cards_transformed":["Strike_R"],"player_choice":"Transformed","damage_taken":0,"max_hp_gain":0,"max_hp_loss":0,"event_name":"Transmorgrifier","floor":20,"gold_loss":0,"cards_obtained":["Thunderclap"]}],"is_beta":false,"boss_relics":[{"not_picked":["Astrolabe","Runic Dome"],"picked":"Cursed Key"}],"items_purged_floors":[],"is_endless":false,"potions_floor_spawned":[6,16],"killed_by":"Book of Stabbing","ascension_level":14}