{"gold_per_floor":[110,130,142,155,171,203,203,223,249,280,230,230,103,134,134,239,239,259,279,159,159,109,109,134,134,134,104,120,150,161,171,171,271,271,281,335,335,350,367,367,402,402,474,487,505,536,548,571,571,571,571,571,87,112,112],"floor_reached":56,"playtime":3183,"items_purged":["Strike_B","Strike_B","Strike_B","Writhe","Decay"],"score":1294,"play_id":"bef6f4d8-642e-4261-ae52-b621b64871f2","local_time":"20190227162357","is_ascension_mode":false,"campfire_choices":[{"data":"Zap","floor":7.0,"key":"SMITH"},{"data":"Ball Lightning","floor":12.0,"key":"SMITH"},{"data":"Hologram","floor":15.0,"key":"SMITH"},{"data":"Capacitor","floor":23.0,"key":"SMITH"},{"data":"Double Energy","floor":25.0,"key":"SMITH"},{"floor":32.0,"key":"REST"},{"floor":40.0,"key":"REST"},{"floor":49,"key":"RECALL"},{"data":"Coolheaded","floor":52,"key":"SMITH"}],"neow_cost":"TEN_PERCENT_HP_LOSS","seed_source_timestamp":0,"circlet_count":0,"master_deck":["Defend_B","Zap+1","Dualcast","Doom and Gloom","Melter","Ball Lightning+1","Go for the Eyes","Conserve Battery+1","Hologram+1","Compile Driver","Echo Form","Compile Driver","Capacitor+1","Double Energy+1","Coolheaded+1","Electrodynamics","Multi-Cast","Hello World+1","BootSequence+1","Sweeping Beam+1","Glacier","Consume+1","Writhe","Reinforced Body+1","Skim+1","Panache","Compile Driver"],"special_seed":0,"relics":["Cracked Core","Smiling Mask","Lantern","Darkstone Periapt","Art of War","Cursed Key","Regal Pillow","StoneCalendar","War Paint","Ice Cream","Astrolabe","Turnip","Oddly Smooth Stone","Shovel","Dream Catcher","Toy Ornithopter","DataDisk"],"potions_floor_usage":[47,55,55,55],"damage_taken":[{"damage":1.0,"enemies":"Cultist","floor":1.0,"turns":3.0},{"damage":0.0,"enemies":"Small Slimes","floor":2.0,"turns":2.0},{"damage":6.0,"enemies":"Jaw Worm","floor":3.0,"turns":2.0},{"damage":5.0,"enemies":"Looter","floor":4.0,"turns":2.0},{"damage":1.0,"enemies":"3 Louse","floor":5.0,"turns":3.0},{"damage":0.0,"enemies":"Lagavulin","floor":6.0,"turns":5.0},{"damage":1.0,"enemies":"2 Fungi Beasts","floor":8.0,"turns":3.0},{"damage":8.0,"enemies":"3 Sentries","floor":10.0,"turns":6.0},{"damage":4.0,"enemies":"Gremlin Nob","floor":14.0,"turns":4.0},{"damage":13.0,"enemies":"Hexaghost","floor":16.0,"turns":7.0},{"damage":0.0,"enemies":"Chosen","floor":18.0,"turns":3.0},{"damage":4.0,"enemies":"Shell Parasite","floor":19.0,"turns":3.0},{"damage":0.0,"enemies":"Book of Stabbing","floor":24.0,"turns":5.0},{"damage":5.0,"enemies":"Snake Plant","floor":28.0,"turns":5.0},{"damage":18.0,"enemies":"Gremlin Leader","floor":29.0,"turns":5.0},{"damage":10.0,"enemies":"Shelled Parasite and Fungi","floor":30.0,"turns":3.0},{"damage":22.0,"enemies":"Centurion and Healer","floor":31.0,"turns":6.0},{"damage":9.0,"enemies":"Automaton","floor":33.0,"turns":9.0},{"damage":8.0,"enemies":"Orb Walker","floor":35.0,"turns":3.0},{"damage":11.0,"enemies":"2 Orb Walkers","floor":36.0,"turns":3.0},{"damage":0.0,"enemies":"3 Darklings","floor":38.0,"turns":2.0},{"damage":20.0,"enemies":"Jaw Worm Horde","floor":39.0,"turns":3.0},{"damage":7.0,"enemies":"Nemesis","floor":41.0,"turns":7.0},{"damage":0.0,"enemies":"Maw","floor":44.0,"turns":6.0},{"damage":0.0,"enemies":"Transient","floor":45.0,"turns":5.0},{"damage":4,"enemies":"Giant Head","floor":46,"turns":7},{"damage":0,"enemies":"Spire Growth","floor":47,"turns":4},{"damage":22,"enemies":"Time Eater","floor":50,"turns":12},{"damage":17,"enemies":"Shield and Spear","floor":54,"turns":5},{"damage":69,"enemies":"The Heart","floor":55,"turns":10}],"seed_played":"2384759818555710272","potions_obtained":[{"floor":1.0,"key":"EssenceOfSteel"},{"floor":2.0,"key":"Block Potion"},{"floor":6.0,"key":"AttackPotion"},{"floor":10.0,"key":"Swift Potion"},{"floor":19.0,"key":"Poison Potion"},{"floor":27.0,"key":"PowerPotion"},{"floor":28.0,"key":"Energy Potion"},{"floor":31.0,"key":"Strength Potion"},{"floor":35.0,"key":"AttackPotion"},{"floor":38.0,"key":"FocusPotion"},{"floor":46,"key":"SkillPotion"}],"is_trial":false,"path_per_floor":["M","M","M","M","M","E","R","M","T","E","$","R","$","E","R","B",null,"M","M","$","?","$","R","E","R","T","?","M","E","M","M","R","B",null,"M","?","?","M","M","R","E","?","T","M","M","E","M","T","R","B",null,"R","$","E","B",null],"character_chosen":"DEFECT","items_purchased":["FocusPotion","Capacitor","Panache","Toy Ornithopter","Block Potion"],"campfire_rested":2,"item_purchase_floors":[13,20,53,53,53],"current_hp_per_floor":[67,67,61,56,55,55,55,54,54,46,46,46,46,42,42,29,68,68,64,64,70,70,70,70,70,76,76,71,53,43,21,60,51,86,78,67,67,67,47,86,79,79,85,85,85,81,81,87,87,65,98,98,98,81,27],"gold":112,"neow_bonus":"REMOVE_TWO","is_prod":false,"is_daily":false,"chose_seed":false,"campfire_upgraded":6,"win_rate":0,"timestamp":1551284637,"path_taken":["M","?","M","M","M","E","R","M","T","E","$","R","$","E","R","BOSS","M","M","$","?","$","R","E","R","T","?","M","E","?","?","R","BOSS","M","?","?","?","?","R","E","?","T","M","M","E","M","?","R","BOSS","R","$","E","BOSS"],"build_version":"2019-02-06","purchased_purges":5,"victory":true,"max_hp_per_floor":[68,68,68,68,68,68,68,68,68,68,68,68,68,68,68,68,68,68,68,68,74,74,74,74,74,80,80,80,80,80,80,80,80,86,86,86,86,86,86,86,86,86,92,92,92,92,92,98,98,98,98,98,98,98,98],"card_choices":[{"not_picked":["Conserve Battery","Go for the Eyes"],"picked":"Doom and Gloom","floor":1.0},{"not_picked":["Redo","Rebound"],"picked":"Melter","floor":2.0},{"not_picked":["Recycle","Lockon"],"picked":"Ball Lightning","floor":3.0},{"not_picked":["Turbo","Ball Lightning"],"picked":"Go for the Eyes","floor":4.0},{"not_picked":["Redo","Leap"],"picked":"Conserve Battery","floor":5.0},{"not_picked":["Compile Driver","Blizzard"],"picked":"Hologram","floor":6.0},{"not_picked":["Loop","Beam Cell"],"picked":"Glacier","floor":8.0},{"not_picked":["Barrage","Sweeping Beam"],"picked":"Compile Driver","floor":10.0},{"not_picked":["Hologram","Hello World","Doom and Gloom"],"picked":"SKIP","floor":14.0},{"not_picked":["All For One","Core Surge"],"picked":"Echo Form","floor":16.0},{"not_picked":["Leap","Sweeping Beam"],"picked":"Compile Driver","floor":18.0},{"not_picked":["Rip and Tear","Force Field","Coolheaded"],"picked":"SKIP","floor":19.0},{"not_picked":["Heatsinks+1","Steam+1"],"picked":"Double Energy","floor":24.0},{"not_picked":["Storm","Blizzard","Barrage"],"picked":"SKIP","floor":28.0},{"not_picked":["Turbo","Auto Shields"],"picked":"Coolheaded","floor":29.0},{"not_picked":["Turbo","Sunder","Leap"],"picked":"SKIP","floor":30.0},{"not_picked":["White Noise","Steam"],"picked":"Electrodynamics","floor":31.0},{"not_picked":["Creative AI","Reboot"],"picked":"Multi-Cast","floor":33.0},{"not_picked":["Force Field","Lockon+1","Turbo+1"],"picked":"SKIP","floor":35.0},{"not_picked":["Go for the Eyes+1","Aggregate+1"],"picked":"Sweeping Beam+1","floor":36.0},{"not_picked":["Capacitor","Sunder","Aggregate"],"picked":"SKIP","floor":38.0},{"not_picked":["Auto Shields","Cold Snap"],"picked":"Glacier","floor":39.0},{"not_picked":["Rip and Tear","Hologram"],"picked":"Consume+1","floor":41.0},{"not_picked":["Redo","Compile Driver+1"],"picked":"Reinforced Body+1","floor":44.0},{"not_picked":["Tempest+1","Cold Snap"],"picked":"Skim+1","floor":45.0},{"not_picked":["Barrage","Static Discharge","Hello World+1"],"picked":"SKIP","floor":46},{"not_picked":["Loop","Ball Lightning","Streamline+1"],"picked":"SKIP","floor":47},{"not_picked":["Biased Cognition","Reboot"],"picked":"Compile Driver","floor":54}],"player_experience":970116,"relics_obtained":[{"floor":6.0,"key":"Smiling Mask"},{"floor":9.0,"key":"Lantern"},{"floor":10.0,"key":"Darkstone Periapt"},{"floor":14.0,"key":"Art of War"},{"floor":24.0,"key":"StoneCalendar"},{"floor":26.0,"key":"War Paint"},{"floor":29.0,"key":"Ice Cream"},{"floor":36.0,"key":"Turnip"},{"floor":41.0,"key":"Oddly Smooth Stone"},{"floor":46,"key":"Shovel"},{"floor":48,"key":"Dream Catcher"},{"floor":54,"key":"DataDisk"}],"event_choices":[{"damage_healed":0.0,"max_hp_gain":0.0,"max_hp_loss":0.0,"gold_gain":0.0,"event_name":"The Mausoleum","player_choice":"Opened","floor":21.0,"gold_loss":0.0,"damage_taken":0.0,"relics_obtained":["Regal Pillow"],"cards_obtained":["Writhe"]},{"damage_healed":0.0,"max_hp_gain":0.0,"max_hp_loss":0.0,"gold_gain":0.0,"event_name":"The Woman in Blue","player_choice":"Bought 2 Potions","floor":27.0,"gold_loss":0.0,"damage_taken":0.0},{"damage_healed":0.0,"max_hp_gain":0.0,"max_hp_loss":0.0,"gold_gain":0.0,"event_name":"Mysterious Sphere","player_choice":"Fight","floor":36.0,"gold_loss":0.0,"damage_taken":0.0},{"cards_removed":["Decay"],"damage_healed":0.0,"max_hp_gain":0.0,"max_hp_loss":0.0,"gold_gain":0.0,"event_name":"Fountain of Cleansing","player_choice":"Removed Curses","floor":37.0,"gold_loss":0.0,"damage_taken":0.0},{"cards_removed":["Glacier"],"damage_healed":0.0,"max_hp_gain":0.0,"max_hp_loss":0.0,"gold_gain":0.0,"event_name":"Falling","player_choice":"Removed Skill","floor":42.0,"gold_loss":0.0,"damage_taken":0.0}],"is_beta":true,"boss_relics":[{"not_picked":["Nuclear Battery","Empty Cage"],"picked":"Cursed Key"},{"not_picked":["FrozenCore","Velvet Choker"],"picked":"Astrolabe"}],"items_purged_floors":[11,13,20,22,53],"is_endless":false,"potions_floor_spawned":[1,2,6,10,19,28,31,35,38,46],"ascension_level":0}