{"gold_per_floor":[111,111,111,129,129,163,163,15,15,29,53,89,113,131,131,261,261,275,275,204,228,228,228,248,9,9,32,32,67,80,103,103,232,232,250,32,32,57,73,146,146,187,187,226,247,261,261,281,281,281],"floor_reached":51,"playtime":2251,"items_purged":["Normality"],"score":907,"play_id":"c903d7b3-b90d-4dca-a8bb-feaff4de6fab","local_time":"20190416210927","is_ascension_mode":true,"campfire_choices":[{"data":"Catalyst","floor":15,"key":"SMITH"},{"data":"Noxious Fumes","floor":23,"key":"SMITH"},{"floor":32,"key":"REST"},{"floor":41,"key":"REST"},{"floor":47,"key":"REST"},{"data":"Neutralize","floor":49,"key":"SMITH"}],"neow_cost":"NONE","seed_source_timestamp":366713179923100,"circlet_count":0,"master_deck":["Defend_G+1","Defend_G+1","Defend_G+1","Defend_G+1","Defend_G+1","Strike_G+1","Strike_G+1","Strike_G+1","Strike_G+1","Strike_G+1","Survivor","Neutralize+1","Poisoned Stab","Bane","Deflect","Flying Knee","Catalyst+1","Flechettes","Poisoned Stab","Corpse Explosion","Poisoned Stab+1","Footwork+1","Noxious Fumes+1","Deadly Poison","Acrobatics+1","Deadly Poison+1","Cloak And Dagger+1","Footwork+1","Parasite","Underhanded Strike+1"],"relics":["Ring of the Snake","NeowsBlessing","Golden Idol","Strawberry","Anchor","Letter Opener","Pocketwatch","PreservedInsect","Cursed Key","Snake Skull","Singing Bowl","Bottled Tornado","Eternal Feather","Vajra","Tiny Chest","Oddly Smooth Stone","Ninja Scroll","Happy Flower"],"potions_floor_usage":[12,16,29,29,46,50,50],"damage_taken":[{"damage":0,"enemies":"Jaw Worm","floor":1,"turns":1},{"damage":0,"enemies":"Small Slimes","floor":4,"turns":1},{"damage":0,"enemies":"3 Sentries","floor":6,"turns":1},{"damage":0,"enemies":"2 Louse","floor":10,"turns":4},{"damage":8,"enemies":"Exordium Wildlife","floor":11,"turns":6},{"damage":12,"enemies":"Lagavulin","floor":12,"turns":7},{"damage":1,"enemies":"3 Louse","floor":14,"turns":4},{"damage":47,"enemies":"The Guardian","floor":16,"turns":11},{"damage":0,"enemies":"3 Byrds","floor":18,"turns":2},{"damage":12,"enemies":"Shell Parasite","floor":21,"turns":5},{"damage":2,"enemies":"Centurion and Healer","floor":24,"turns":5},{"damage":15,"enemies":"Snake Plant","floor":27,"turns":3},{"damage":12,"enemies":"Book of Stabbing","floor":29,"turns":4},{"damage":0,"enemies":"Sentry and Sphere","floor":30,"turns":4},{"damage":13,"enemies":"Shelled Parasite and Fungi","floor":31,"turns":3},{"damage":40,"enemies":"Automaton","floor":33,"turns":7},{"damage":18,"enemies":"3 Darklings","floor":35,"turns":3},{"damage":5,"enemies":"3 Shapes","floor":38,"turns":2},{"damage":0,"enemies":"Transient","floor":39,"turns":5},{"damage":19,"enemies":"Reptomancer","floor":40,"turns":5},{"damage":9,"enemies":"Giant Head","floor":42,"turns":6},{"damage":21,"enemies":"Nemesis","floor":44,"turns":5},{"damage":0,"enemies":"Maw","floor":45,"turns":6},{"damage":5,"enemies":"Jaw Worm Horde","floor":46,"turns":2},{"damage":12,"enemies":"Spire Growth","floor":48,"turns":3},{"damage":101,"enemies":"Time Eater","floor":50,"turns":11}],"seed_played":"-6175964864572826824","potions_obtained":[{"floor":10,"key":"Weak Potion"},{"floor":14,"key":"SkillPotion"},{"floor":21,"key":"Energy Potion"},{"floor":24,"key":"AttackPotion"},{"floor":31,"key":"SmokeBomb"},{"floor":35,"key":"SpeedPotion"},{"floor":38,"key":"AttackPotion"},{"floor":42,"key":"SkillPotion"},{"floor":48,"key":"FearPotion"}],"is_trial":false,"path_per_floor":["M","?","?","M","?","E","?","$","T","M","M","E","T","M","R","B",null,"M","?","$","M","?","R","M","$","T","M","?","E","M","M","R","B",null,"M","$","?","M","M","E","R","E","T","E","M","M","R","M","R","B",null],"character_chosen":"THE_SILENT","items_purchased":["Anchor","Footwork","Snake Skull","Fruit Juice","Vajra"],"campfire_rested":3,"item_purchase_floors":[8,20,25,25,36],"current_hp_per_floor":[70,70,70,70,70,77,82,82,82,82,74,62,62,61,61,14,82,82,82,82,70,70,70,68,68,68,53,53,48,50,39,66,28,95,77,77,77,72,74,55,97,90,90,71,73,70,105,93,105,4],"gold":281,"neow_bonus":"THREE_ENEMY_KILL","is_prod":false,"is_daily":false,"chose_seed":false,"campfire_upgraded":3,"win_rate":0,"timestamp":1555463367,"path_taken":["M","?","?","M","?","E","?","$","T","?","M","E","?","M","R","BOSS","M","?","$","M","?","R","M","$","T","M","?","E","M","?","R","BOSS","M","$","?","M","M","E","R","E","T","E","M","M","R","M","R","BOSS"],"build_version":"2019-01-23","purchased_purges":1,"victory":true,"max_hp_per_floor":[70,70,70,70,70,77,82,82,82,82,82,82,82,82,82,82,82,82,82,82,82,82,82,82,82,82,82,82,89,91,93,93,95,95,95,95,95,95,97,97,97,99,99,101,103,105,105,105,105,105],"card_choices":[{"not_picked":["Flying Knee","Slice"],"picked":"Poisoned Stab","floor":1},{"not_picked":["Underhanded Strike","Quick Slash"],"picked":"Bane","floor":4},{"not_picked":["Well Laid Plans","Acrobatics"],"picked":"Deflect","floor":6},{"not_picked":["Tools of the Trade","Quick Slash"],"picked":"Flying Knee","floor":10},{"not_picked":["Flying Knee","All Out Attack"],"picked":"Catalyst","floor":11},{"not_picked":["Well Laid Plans","PiercingWail"],"picked":"Flechettes","floor":12},{"not_picked":["Tactician","Dagger Throw"],"picked":"Poisoned Stab","floor":14},{"not_picked":["Malaise","Doppelganger"],"picked":"Corpse Explosion","floor":16},{"not_picked":["Underhanded Strike","All Out Attack"],"picked":"Poisoned Stab+1","floor":18},{"not_picked":["Terror","Blur"],"picked":"Noxious Fumes","floor":21},{"not_picked":["Distraction","Accuracy+1"],"picked":"Deadly Poison","floor":24},{"not_picked":["Flying Knee","Dodge and Roll+1"],"picked":"Acrobatics+1","floor":27},{"not_picked":["Expertise+1","Poisoned Stab","Blade Dance"],"picked":"Singing Bowl","floor":29},{"not_picked":["Poisoned Stab","Cloak And Dagger","Sucker Punch+1"],"picked":"Singing Bowl","floor":30},{"not_picked":["Cloak And Dagger","Distraction","Tactician"],"picked":"Singing Bowl","floor":31},{"not_picked":["Grand Finale","Doppelganger","Night Terror"],"picked":"Singing Bowl","floor":33},{"not_picked":["Cloak And Dagger","Underhanded Strike"],"picked":"Deadly Poison+1","floor":35},{"not_picked":["Prepared+1","Finisher+1"],"picked":"Cloak And Dagger+1","floor":38},{"not_picked":["All Out Attack+1","Eviscerate","Footwork"],"picked":"Singing Bowl","floor":39},{"not_picked":["Choke","Outmaneuver"],"picked":"Footwork+1","floor":40},{"not_picked":["Sucker Punch","Underhanded Strike","Flechettes+1"],"picked":"Singing Bowl","floor":42},{"not_picked":["Cloak And Dagger+1","Reflex+1","Eviscerate+1"],"picked":"Singing Bowl","floor":44},{"not_picked":["Prepared","Concentrate","Finisher+1"],"picked":"Singing Bowl","floor":45},{"not_picked":["Cloak And Dagger","Infinite Blades","Corpse Explosion"],"picked":"Singing Bowl","floor":46},{"not_picked":["Skewer+1","Endless Agony"],"picked":"Underhanded Strike+1","floor":48}],"player_experience":82800,"relics_obtained":[{"floor":6,"key":"Strawberry"},{"floor":9,"key":"Letter Opener"},{"floor":12,"key":"Pocketwatch"},{"floor":13,"key":"PreservedInsect"},{"floor":26,"key":"Singing Bowl"},{"floor":29,"key":"Bottled Tornado"},{"floor":40,"key":"Tiny Chest"},{"floor":42,"key":"Oddly Smooth Stone"},{"floor":43,"key":"Ninja Scroll"},{"floor":44,"key":"Happy Flower"}],"event_choices":[{"damage_healed":0,"gold_gain":0,"player_choice":"Take Wound","damage_taken":0,"relics_obtained":["Golden Idol"],"max_hp_gain":0,"max_hp_loss":0,"event_name":"Golden Idol","floor":2,"gold_loss":0,"cards_obtained":["Injury"]},{"cards_removed":["Injury"],"damage_healed":0,"gold_gain":0,"player_choice":"Forget","damage_taken":0,"max_hp_gain":0,"max_hp_loss":0,"event_name":"Living Wall","floor":3,"gold_loss":0},{"damage_healed":0,"gold_gain":0,"player_choice":"Ignored","damage_taken":0,"max_hp_gain":0,"max_hp_loss":0,"event_name":"Golden Wing","floor":5,"gold_loss":0},{"damage_healed":0,"gold_gain":0,"player_choice":"Donut","damage_taken":0,"max_hp_gain":5,"max_hp_loss":0,"event_name":"Big Fish","floor":7,"gold_loss":0},{"damage_healed":0,"gold_gain":0,"player_choice":"Simplicity","damage_taken":0,"max_hp_gain":0,"max_hp_loss":0,"event_name":"Back to Basics","floor":19,"gold_loss":0,"cards_upgraded":["Defend_G","Defend_G","Defend_G","Defend_G","Defend_G","Strike_G","Strike_G","Strike_G","Strike_G","Strike_G"]},{"damage_healed":0,"gold_gain":0,"player_choice":"Ignored","damage_taken":0,"max_hp_gain":0,"max_hp_loss":0,"event_name":"Ghosts","floor":22,"gold_loss":0},{"damage_healed":0,"gold_gain":0,"player_choice":"Forge","damage_taken":0,"max_hp_gain":0,"max_hp_loss":0,"event_name":"Accursed Blacksmith","floor":28,"gold_loss":0,"cards_upgraded":["Footwork"]},{"damage_healed":0,"gold_gain":0,"player_choice":"Ignored","damage_taken":0,"max_hp_gain":0,"max_hp_loss":0,"event_name":"The Moai Head","floor":37,"gold_loss":0}],"is_beta":false,"boss_relics":[{"not_picked":["Empty Cage","Busted Crown"],"picked":"Cursed Key"},{"not_picked":["Fusion Hammer","HoveringKite"],"picked":"Eternal Feather"}],"items_purged_floors":[36],"is_endless":false,"potions_floor_spawned":[10,14,21,24,31,35,38,42,45,48],"ascension_level":1}