{"gold_per_floor":[118,135,135,155,105,105,66,95,173,187,222,222,9,21,21,122,122,135,155,155,155,165,165,196,121,145,176,176,176,176,176,176,280,280,293,311,311,331,331,364,377,388,411,440,54,89,39,39,39,39,39,39,39,64,64],"floor_reached":55,"playtime":3047,"items_purged":["Strike_R","Strike_R"],"score":751,"play_id":"892eb3f2-cc1e-443b-90c3-ecd99ec5f7df","local_time":"20190131164139","is_ascension_mode":false,"campfire_choices":[{"data":"Carnage","floor":6,"key":"SMITH"},{"data":"True Grit","floor":12,"key":"SMITH"},{"data":"True Grit","floor":15,"key":"SMITH"},{"data":"J.A.X.","floor":23,"key":"SMITH"},{"data":"Exhume","floor":28,"key":"SMITH"},{"data":"Combust","floor":30,"key":"SMITH"},{"data":"Bash","floor":32,"key":"SMITH"},{"floor":49,"key":"RECALL"},{"data":"Limit Break","floor":52,"key":"SMITH"}],"neow_cost":"NONE","seed_source_timestamp":242219200786761,"circlet_count":0,"master_deck":["Strike_R","Defend_R","Defend_R","Defend_R","Defend_R","Bash+1","Carnage+1","Clothesline","Feel No Pain","Combust+1","Reaper","True Grit+1","True Grit+1","Offering","Exhume+1","Impervious","Thunderclap+1","J.A.X.+1","Pommel Strike+1","Headbutt","Double Tap","Shrug It Off","Limit Break+1","Pommel Strike+1","Bandage Up","Master of Strategy","Iron Wave+1"],"relics":["Burning Blood","Juzu Bracelet","Tiny Chest","Letter Opener","Bag of Preparation","Philosopher\u0027s Stone","Lantern","Art of War","Ornamental Fan","Sundial","Busted Crown","Gambling Chip","Darkstone Periapt","TheAbacus","Question Card","Bottled Lightning"],"potions_floor_usage":[8,11,16,19,27,27,33,40,44,46,50,50,55,55],"damage_taken":[{"damage":6,"enemies":"Jaw Worm","floor":1,"turns":6},{"damage":6,"enemies":"2 Louse","floor":2,"turns":2},{"damage":3,"enemies":"Small Slimes","floor":4,"turns":3},{"damage":17,"enemies":"3 Sentries","floor":8,"turns":6},{"damage":14,"enemies":"3 Louse","floor":10,"turns":3},{"damage":18,"enemies":"Gremlin Nob","floor":11,"turns":4},{"damage":13,"enemies":"Looter","floor":14,"turns":3},{"damage":30,"enemies":"The Guardian","floor":16,"turns":12},{"damage":19,"enemies":"Spheric Guardian","floor":18,"turns":4},{"damage":16,"enemies":"3 Byrds","floor":19,"turns":4},{"damage":27,"enemies":"Snake Plant","floor":22,"turns":5},{"damage":29,"enemies":"Gremlin Leader","floor":24,"turns":4},{"damage":29,"enemies":"Slavers","floor":27,"turns":4},{"damage":86,"enemies":"Automaton","floor":33,"turns":7},{"damage":1,"enemies":"3 Shapes","floor":35,"turns":2},{"damage":10,"enemies":"Orb Walker","floor":36,"turns":2},{"damage":22,"enemies":"4 Shapes","floor":38,"turns":4},{"damage":65,"enemies":"Reptomancer","floor":40,"turns":8},{"damage":36,"enemies":"Jaw Worm Horde","floor":41,"turns":6},{"damage":8,"enemies":"Sphere and 2 Shapes","floor":42,"turns":3},{"damage":73,"enemies":"Nemesis","floor":44,"turns":5},{"damage":24,"enemies":"Giant Head","floor":46,"turns":6},{"damage":39,"enemies":"Awakened One","floor":50,"turns":11},{"damage":34,"enemies":"Shield and Spear","floor":54,"turns":3},{"damage":122,"enemies":"The Heart","floor":55,"turns":6}],"seed_played":"6378957470011900385","potions_obtained":[{"floor":1,"key":"Fire Potion"},{"floor":4,"key":"EssenceOfSteel"},{"floor":14,"key":"AttackPotion"},{"floor":16,"key":"SpeedPotion"},{"floor":19,"key":"Strength Potion"},{"floor":22,"key":"Fire Potion"},{"floor":31,"key":"BloodPotion"},{"floor":31,"key":"LiquidBronze"},{"floor":31,"key":"SteroidPotion"},{"floor":36,"key":"FearPotion"},{"floor":40,"key":"Dexterity Potion"},{"floor":46,"key":"Regen Potion"},{"floor":54,"key":"Regen Potion"}],"is_trial":false,"path_per_floor":["M","M","?","M","?","R","$","E","T","M","E","R","$","M","R","B",null,"M","M","?","?","M","R","E","$","T","E","R","T","R","?","R","B",null,"M","M","?","M","?","E","M","M","T","E","$","E","$","?","R","B",null,"R","$","E","B"],"character_chosen":"IRONCLAD","items_purchased":["Combust","Offering","Bag of Preparation","Bandage Up","TheAbacus","Dexterity Potion"],"campfire_rested":0,"item_purchase_floors":[7,13,13,45,45,47],"current_hp_per_floor":[80,80,80,80,80,80,80,69,69,67,61,61,61,54,54,36,80,67,63,63,63,54,54,43,43,43,44,44,44,44,44,44,18,80,80,80,80,78,78,80,64,74,74,22,22,35,35,35,35,38,80,80,80,71,0],"gold":64,"neow_bonus":"REMOVE_CARD","is_prod":false,"is_daily":false,"chose_seed":false,"campfire_upgraded":8,"win_rate":0,"timestamp":1548952899,"path_taken":["M","M","?","M","?","R","?","E","T","M","E","R","$","M","R","BOSS","M","M","?","?","M","R","E","$","T","E","R","?","R","?","R","BOSS","M","M","?","M","?","E","M","M","T","E","?","E","$","?","R","BOSS","R","$","E","BOSS"],"build_version":"2019-01-23","purchased_purges":2,"victory":false,"max_hp_per_floor":[80,80,80,80,80,80,80,80,80,80,80,80,80,80,80,80,80,80,80,80,80,80,80,80,80,80,80,80,80,80,80,80,80,80,80,80,80,80,80,80,80,80,80,80,80,80,80,80,80,80,80,80,80,80,80],"card_choices":[{"not_picked":["Cleave","Headbutt"],"picked":"Carnage","floor":1},{"not_picked":["Headbutt","Wild Strike"],"picked":"Clothesline","floor":2},{"not_picked":["Heavy Blade","Spot Weakness"],"picked":"Feel No Pain","floor":4},{"not_picked":["Havoc","Inflame"],"picked":"Reaper","floor":8},{"not_picked":["Clash","Havoc"],"picked":"True Grit","floor":10},{"not_picked":["Perfected Strike","Searing Blow"],"picked":"True Grit","floor":11},{"not_picked":["Clash","Anger"],"picked":"Exhume","floor":14},{"not_picked":["Immolate","Offering"],"picked":"Impervious","floor":16},{"not_picked":["Pummel","Perfected Strike","Armaments"],"picked":"SKIP","floor":18},{"not_picked":["Headbutt","Cleave+1"],"picked":"Thunderclap+1","floor":19},{"not_picked":["Flame Barrier","Searing Blow+1","Thunderclap+1"],"picked":"SKIP","floor":22},{"not_picked":["Flex","Exhume"],"picked":"Pommel Strike+1","floor":24},{"not_picked":["Whirlwind","Sword Boomerang"],"picked":"Headbutt","floor":27},{"not_picked":["Dark Embrace","Immolate"],"picked":"Double Tap","floor":33},{"not_picked":["Perfected Strike+1"],"picked":"SKIP","floor":35},{"not_picked":["Second Wind+1"],"picked":"SKIP","floor":36},{"not_picked":[],"picked":"Shrug It Off","floor":38},{"not_picked":["Twin Strike+1"],"picked":"SKIP","floor":40},{"not_picked":["Power Through"],"picked":"SKIP","floor":41},{"not_picked":[],"picked":"Pommel Strike+1","floor":42},{"not_picked":["Iron Wave"],"picked":"SKIP","floor":44},{"not_picked":["Twin Strike+1"],"picked":"SKIP","floor":46},{"not_picked":["Jack Of All Trades"],"picked":"Master of Strategy","floor":48},{"not_picked":["Body Slam+1"],"picked":"Iron Wave+1","floor":54}],"player_experience":788762,"relics_obtained":[{"floor":8,"key":"Juzu Bracelet"},{"floor":9,"key":"Tiny Chest"},{"floor":11,"key":"Letter Opener"},{"floor":24,"key":"Lantern"},{"floor":26,"key":"Art of War"},{"floor":27,"key":"Ornamental Fan"},{"floor":29,"key":"Sundial"},{"floor":40,"key":"Gambling Chip"},{"floor":44,"key":"Darkstone Periapt"},{"floor":46,"key":"Question Card"},{"floor":54,"key":"Bottled Lightning"}],"event_choices":[{"damage_healed":0,"gold_gain":0,"player_choice":"Ignored","damage_taken":0,"max_hp_gain":0,"max_hp_loss":0,"event_name":"Liars Game","floor":3,"gold_loss":0},{"cards_removed":["Strike_R"],"damage_healed":0,"gold_gain":0,"player_choice":"Card Removal","damage_taken":0,"max_hp_gain":0,"max_hp_loss":0,"event_name":"The Cleric","floor":5,"gold_loss":50},{"damage_healed":0,"gold_gain":0,"player_choice":"Obtain J.A.X.","damage_taken":0,"max_hp_gain":0,"max_hp_loss":0,"event_name":"Drug Dealer","floor":20,"gold_loss":0,"cards_obtained":["J.A.X."]},{"damage_healed":0,"gold_gain":0,"player_choice":"Ignored","damage_taken":0,"max_hp_gain":0,"max_hp_loss":0,"event_name":"Ghosts","floor":21,"gold_loss":0},{"damage_healed":0,"gold_gain":0,"player_choice":"Got Potions","damage_taken":0,"max_hp_gain":0,"max_hp_loss":0,"event_name":"Lab","floor":31,"gold_loss":0},{"damage_healed":0,"gold_gain":0,"player_choice":"Ignored","damage_taken":0,"max_hp_gain":0,"max_hp_loss":0,"event_name":"Tomb of Lord Red Mask","floor":37,"gold_loss":0},{"damage_healed":0,"gold_gain":0,"player_choice":"1 cards matched","damage_taken":0,"max_hp_gain":0,"max_hp_loss":0,"event_name":"Match and Keep!","floor":39,"gold_loss":0,"cards_obtained":["Limit Break"]},{"damage_healed":0,"gold_gain":0,"player_choice":"Memory 1","damage_taken":0,"max_hp_gain":0,"max_hp_loss":0,"event_name":"SensoryStone","floor":48,"gold_loss":0}],"is_beta":true,"boss_relics":[{"not_picked":["Velvet Choker","Cursed Key"],"picked":"Philosopher\u0027s Stone"},{"not_picked":["Mark of Pain","Black Star"],"picked":"Busted Crown"}],"items_purged_floors":[25,45],"is_endless":false,"potions_floor_spawned":[1,4,14,16,19,22,36,40,42,46,54],"killed_by":"The Heart","ascension_level":0}