{"gold_per_floor":[368,381,397,547,570,570,586,344,370,382,382,382,395,405,405,405],"floor_reached":16,"playtime":873,"items_purged":["Doubt"],"score":188,"play_id":"280db7be-05fe-45fb-af33-1c326f89c2ad","local_time":"20181127100015","is_ascension_mode":true,"campfire_choices":[{"data":"Bash","floor":6,"key":"SMITH"},{"data":"True Grit","floor":11,"key":"SMITH"},{"data":"Whirlwind","floor":15,"key":"SMITH"}],"neow_cost":"PERCENT_DAMAGE","seed_source_timestamp":128983750987058,"circlet_count":0,"master_deck":["AscendersBane","Strike_R","Strike_R","Strike_R","Strike_R","Defend_R","Defend_R","Defend_R","Defend_R","Bash+1","True Grit+1","Headbutt","Sword Boomerang","Shrug It Off","Disarm","Blind","Pummel","Whirlwind+1"],"relics":["Burning Blood","Ancient Tea Set","Boot"],"potions_floor_usage":[16,16],"damage_taken":[{"damage":4,"enemies":"2 Louse","floor":1,"turns":5},{"damage":7,"enemies":"Jaw Worm","floor":2,"turns":4},{"damage":1,"enemies":"Cultist","floor":3,"turns":4},{"damage":6,"enemies":"Looter","floor":7,"turns":3},{"damage":18,"enemies":"Lots of Slimes","floor":10,"turns":5},{"damage":15,"enemies":"3 Louse","floor":13,"turns":4},{"damage":4,"enemies":"Blue Slaver","floor":14,"turns":3},{"damage":52,"enemies":"Slime Boss","floor":16,"turns":8}],"seed_played":"-6900564999308148670","potions_obtained":[{"floor":1,"key":"Dexterity Potion"},{"floor":2,"key":"SpeedPotion"}],"is_trial":false,"path_per_floor":["M","M","M","?","T","R","M","$","T","M","R","?","M","M","R","B"],"character_chosen":"IRONCLAD","items_purchased":["Disarm","Blind"],"campfire_rested":0,"item_purchase_floors":[8,8],"current_hp_per_floor":[52,51,56,56,56,56,56,56,56,44,44,44,35,37,37,0],"gold":405,"neow_bonus":"TWO_FIFTY_GOLD","is_prod":false,"is_daily":false,"chose_seed":false,"campfire_upgraded":3,"win_rate":0,"timestamp":1543330815,"path_taken":["M","M","M","?","?","R","?","$","T","M","R","?","M","M","R","BOSS"],"build_version":"2018-11-15","purchased_purges":1,"victory":false,"max_hp_per_floor":[75,75,75,75,75,75,75,75,75,75,75,75,75,75,75,75],"card_choices":[{"not_picked":["Infernal Blade","Perfected Strike"],"picked":"True Grit","floor":1},{"not_picked":["Cleave","Wild Strike"],"picked":"Headbutt","floor":2},{"not_picked":["True Grit","Clash"],"picked":"Sword Boomerang","floor":3},{"not_picked":["Body Slam","Shockwave"],"picked":"Shrug It Off","floor":7},{"not_picked":["Clash","Armaments"],"picked":"Pummel","floor":10},{"not_picked":["Combust","Fire Breathing"],"picked":"Whirlwind","floor":13},{"not_picked":["Sentinel","Clash","Flex"],"picked":"SKIP","floor":14}],"player_experience":1031960,"relics_obtained":[{"floor":5,"key":"Ancient Tea Set"},{"floor":9,"key":"Boot"}],"event_choices":[{"damage_healed":0,"gold_gain":150,"player_choice":"AGREE","damage_taken":0,"max_hp_gain":0,"max_hp_loss":0,"event_name":"Liars Game","floor":4,"gold_loss":0,"cards_obtained":["Doubt"]},{"cards_removed":["Strike_R"],"damage_healed":0,"gold_gain":0,"player_choice":"Forget","damage_taken":0,"max_hp_gain":0,"max_hp_loss":0,"event_name":"Living Wall","floor":12,"gold_loss":0}],"is_beta":true,"boss_relics":[],"items_purged_floors":[8],"is_endless":false,"potions_floor_spawned":[1,2,13],"killed_by":"Slime Boss","ascension_level":20}