{"gold_per_floor":[112,126,126,146,321,350,361,361,442,469,469,503,503,139,139,235,235,235,235,235,235,235,235,235,235],"floor_reached":25,"playtime":1136,"items_purged":[],"score":306,"play_id":"bfa4f2e5-195d-496d-94bf-8720c41bce16","local_time":"20181230151306","is_ascension_mode":true,"campfire_choices":[{"floor":8,"key":"REST"},{"floor":11,"key":"REST"},{"floor":13,"key":"REST"},{"floor":15,"key":"REST"},{"data":"Defragment","floor":24,"key":"SMITH"}],"neow_cost":"NONE","seed_source_timestamp":758239194670438,"circlet_count":0,"master_deck":["Strike_B","Strike_B","Defend_B","Defend_B","Defend_B","Defend_B","Zap","Dualcast","Leap","Glacier","Regret","Glacier","Doubt","Turbo","Glacier","Defragment+1","Cold Snap","Hello World+1","Cold Snap","Buffer+1","Barrage","Turbo","Go for the Eyes","Turbo","Steam"],"relics":["Cracked Core","NeowsBlessing","Torii","Strawberry","Singing Bowl","Odd Mushroom","Frozen Egg 2","Mummified Hand","Ectoplasm","Smiling Mask","Dodecahedron"],"potions_floor_usage":[6,16,18,25],"damage_taken":[{"damage":0,"enemies":"Cultist","floor":1,"turns":1},{"damage":0,"enemies":"Small Slimes","floor":2,"turns":1},{"damage":0,"enemies":"Jaw Worm","floor":4,"turns":1},{"damage":58,"enemies":"Gremlin Nob","floor":6,"turns":6},{"damage":6,"enemies":"Looter","floor":7,"turns":5},{"damage":17,"enemies":"The Mushroom Lair","floor":10,"turns":10},{"damage":19,"enemies":"3 Sentries","floor":12,"turns":13},{"damage":25,"enemies":"Slime Boss","floor":16,"turns":25},{"damage":0,"enemies":"3 Byrds","floor":18,"turns":4},{"damage":1,"enemies":"Shell Parasite","floor":19,"turns":10},{"damage":7,"enemies":"Book of Stabbing","floor":23,"turns":9},{"damage":81,"enemies":"Gremlin Leader","floor":25,"turns":8}],"seed_played":"567324632331974967","potions_obtained":[{"floor":1,"key":"Fire Potion"},{"floor":6,"key":"LiquidBronze"},{"floor":12,"key":"Explosive Potion"},{"floor":16,"key":"Ancient Potion"},{"floor":23,"key":"SkillPotion"}],"is_trial":false,"path_per_floor":["M","M","?","M","?","E","M","R","T","?","R","E","R","$","R","B",null,"M","M","?","?","?","E","R","E"],"character_chosen":"DEFECT","items_purchased":["Hello World+1","Cold Snap","Mummified Hand"],"campfire_rested":4,"item_purchase_floors":[14,14,14],"current_hp_per_floor":[68,68,68,68,68,17,11,35,35,18,42,23,47,47,71,46,73,73,72,72,72,72,65,65,0],"gold":235,"neow_bonus":"THREE_ENEMY_KILL","is_prod":false,"is_daily":false,"chose_seed":false,"campfire_upgraded":1,"win_rate":0,"timestamp":1546193586,"path_taken":["M","?","?","M","?","E","M","R","T","?","R","E","R","$","R","BOSS","M","M","?","?","?","E","R","E"],"build_version":"2018-12-20","purchased_purges":0,"victory":false,"max_hp_per_floor":[75,75,75,75,75,82,82,82,82,82,82,82,82,82,82,82,82,82,82,82,82,82,82,82,82],"card_choices":[{"not_picked":["Steam Power","Blizzard"],"picked":"Leap","floor":1},{"not_picked":["Go for the Eyes","Streamline"],"picked":"Glacier","floor":2},{"not_picked":["Cold Snap","Rebound"],"picked":"Glacier","floor":4},{"not_picked":["Reinforced Body","Lockon"],"picked":"Turbo","floor":6},{"not_picked":["Sweeping Beam","Ball Lightning"],"picked":"Glacier","floor":7},{"not_picked":["Streamline","Coolheaded"],"picked":"Defragment","floor":10},{"not_picked":["Ball Lightning","Rebound"],"picked":"Cold Snap","floor":12},{"not_picked":["Amplify","Hyperbeam"],"picked":"Buffer+1","floor":16},{"not_picked":["Go for the Eyes","Leap"],"picked":"Barrage","floor":18},{"not_picked":["Go for the Eyes","Ball Lightning"],"picked":"Turbo","floor":19},{"not_picked":["Lockon","Recycle"],"picked":"Steam","floor":23}],"player_experience":579926,"relics_obtained":[{"floor":6,"key":"Strawberry"},{"floor":9,"key":"Singing Bowl"},{"floor":10,"key":"Odd Mushroom"},{"floor":12,"key":"Frozen Egg 2"},{"floor":23,"key":"Dodecahedron"}],"event_choices":[{"damage_healed":0,"gold_gain":0,"player_choice":"Box","damage_taken":0,"relics_obtained":["Torii"],"max_hp_gain":0,"max_hp_loss":0,"event_name":"Big Fish","floor":3,"gold_loss":0,"cards_obtained":["Regret"]},{"damage_healed":0,"gold_gain":175,"player_choice":"AGREE","damage_taken":0,"max_hp_gain":0,"max_hp_loss":0,"event_name":"Liars Game","floor":5,"gold_loss":0,"cards_obtained":["Doubt"]},{"damage_healed":0,"gold_gain":0,"player_choice":"Fought Mushrooms","damage_taken":0,"max_hp_gain":0,"max_hp_loss":0,"event_name":"Mushrooms","floor":10,"gold_loss":0},{"damage_healed":0,"gold_gain":99,"player_choice":"Stole From Cult","damage_taken":0,"max_hp_gain":0,"max_hp_loss":0,"event_name":"Nest","floor":20,"gold_loss":0},{"damage_healed":0,"gold_gain":0,"cards_transformed":["Strike_B","Strike_B"],"player_choice":"Became Test Subject","damage_taken":0,"max_hp_gain":0,"max_hp_loss":0,"event_name":"Drug Dealer","floor":21,"gold_loss":0,"cards_obtained":["Go for the Eyes","Turbo"]},{"damage_healed":0,"gold_gain":0,"player_choice":"Opened","damage_taken":0,"relics_obtained":["Smiling Mask"],"max_hp_gain":0,"max_hp_loss":0,"event_name":"The Mausoleum","floor":22,"gold_loss":0}],"is_beta":false,"boss_relics":[{"not_picked":["Lizard Tail","Velvet Choker"],"picked":"Ectoplasm"}],"items_purged_floors":[],"is_endless":false,"potions_floor_spawned":[1,6,12,16,23],"killed_by":"Gremlin Leader","ascension_level":7}