{"gold_per_floor":[110,110,110,128,148,148,183,183,183,224,224],"floor_reached":11,"playtime":341,"items_purged":[],"score":105,"play_id":"60e2d641-617a-431f-bee5-2bfa058571f7","local_time":"20181228155036","is_ascension_mode":true,"campfire_choices":[{"floor":6,"key":"REST"},{"floor":8,"key":"REST"}],"neow_cost":"NONE","seed_source_timestamp":588475017431802,"circlet_count":0,"master_deck":["Strike_R","Strike_R","Strike_R","Strike_R","Strike_R","Defend_R","Defend_R","Defend_R","Bash","Sentinel","Corruption","Regret","Flex","Havoc","Armaments","Seeing Red"],"relics":["Burning Blood","Torii","Golden Idol","Bag of Preparation","Paper Frog","Mercury Hourglass"],"potions_floor_usage":[7,7,7,7,10],"damage_taken":[{"damage":12,"enemies":"Jaw Worm","floor":1,"turns":4},{"damage":4,"enemies":"2 Louse","floor":4,"turns":3},{"damage":17,"enemies":"Small Slimes","floor":5,"turns":4},{"damage":34,"enemies":"Lagavulin","floor":7,"turns":6},{"damage":49,"enemies":"Gremlin Nob","floor":10,"turns":5},{"damage":17,"enemies":"Blue Slaver","floor":11,"turns":3}],"seed_played":"-5405321733873179899","potions_obtained":[{"floor":1,"key":"EntropicBrew"},{"floor":5,"key":"GamblersBrew"}],"is_trial":false,"path_per_floor":["M","?","?","M","M","R","E","R","T","E","M"],"character_chosen":"IRONCLAD","items_purchased":[],"campfire_rested":2,"item_purchase_floors":[],"current_hp_per_floor":[66,66,46,48,37,61,33,57,57,14,0],"gold":224,"neow_bonus":"TRANSFORM_CARD","is_prod":false,"is_daily":false,"chose_seed":false,"campfire_upgraded":0,"win_rate":0,"timestamp":1546023036,"path_taken":["M","?","?","M","M","R","E","R","T","E","M"],"build_version":"2018-12-20","purchased_purges":0,"victory":false,"max_hp_per_floor":[80,80,80,80,80,80,80,80,80,80,80],"card_choices":[{"not_picked":["Reckless Charge","Dropkick"],"picked":"Corruption","floor":1},{"not_picked":["Headbutt","Whirlwind"],"picked":"Flex","floor":4},{"not_picked":["Cleave","Thunderclap"],"picked":"Havoc","floor":5},{"not_picked":["Second Wind","Rupture"],"picked":"Armaments","floor":7},{"not_picked":["Combust","Wild Strike"],"picked":"Seeing Red","floor":10}],"player_experience":557251,"relics_obtained":[{"floor":7,"key":"Bag of Preparation"},{"floor":9,"key":"Paper Frog"},{"floor":10,"key":"Mercury Hourglass"}],"event_choices":[{"damage_healed":0,"gold_gain":0,"player_choice":"Box","damage_taken":0,"relics_obtained":["Torii"],"max_hp_gain":0,"max_hp_loss":0,"event_name":"Big Fish","floor":2,"gold_loss":0,"cards_obtained":["Regret"]},{"damage_healed":0,"gold_gain":0,"player_choice":"Take Damage","damage_taken":20,"relics_obtained":["Golden Idol"],"max_hp_gain":0,"max_hp_loss":0,"event_name":"Golden Idol","floor":3,"gold_loss":0}],"is_beta":false,"boss_relics":[],"items_purged_floors":[],"is_endless":false,"potions_floor_spawned":[1,5],"killed_by":"Blue Slaver","ascension_level":6}