{"gold_per_floor":[365,379,38,52,52,81,81,81,81,81,106,121,152,167,167,264,264,284,295,328,338,358,384,384,416,416,427,442,45,45,72,72,176,176,187,187,187,29,49,82,98,129,129,160,160,160,174,207,207,207,207,207,74,106,106],"floor_reached":56,"playtime":4449,"items_purged":["Injury","Doubt","Decay"],"score":1791,"play_id":"dcf8405a-fe49-4cd9-9f48-0882f00102eb","local_time":"20190224094124","is_ascension_mode":true,"campfire_choices":[{"data":"Neutralize","floor":7,"key":"SMITH"},{"data":"Well Laid Plans","floor":10,"key":"SMITH"},{"data":"Deadly Poison","floor":15,"key":"SMITH"},{"data":"Catalyst","floor":30,"key":"SMITH"},{"data":"Cloak And Dagger","floor":32,"key":"SMITH"},{"floor":46,"key":"RECALL"},{"floor":49,"key":"REST"},{"floor":52,"key":"REST"}],"neow_cost":"CURSE","seed_source_timestamp":6037864002570889,"circlet_count":0,"master_deck":["Defend_G+1","Defend_G+1","Defend_G+1","Defend_G+1","Defend_G+1","Strike_G+1","Strike_G+1","Strike_G+1","Strike_G+1","Strike_G+1","Survivor+1","Neutralize+1","Flying Knee+1","Blur+1","Well Laid Plans+1","PiercingWail+1","Die Die Die+1","Corpse Explosion+1","Dodge and Roll+1","Leg Sweep+1","Slice+1","Venomology+1","Deadly Poison+1","Glass Knife+1","Escape Plan+1","Catalyst+1","Backflip+1","Deadly Poison+1","Backflip+1","Noxious Fumes+1","Poisoned Stab+1","Bouncing Flask+1","Cloak And Dagger+1","Adrenaline+1","Concentrate+1","Leg Sweep","Deflect+1","Prepared+1","Sucker Punch+1","Night Terror","Footwork+1","PiercingWail+1","Malaise+1","Cloak And Dagger+1","Catalyst+1","Backflip+1"],"relics":["Ring of the Snake","Pantograph","Pen Nib","Kunai","Blood Vial","Mango","Cursed Key","Red Mask","War Paint","Frozen Egg 2","Regal Pillow","Ice Cream","FossilizedHelix","Fusion Hammer","Mark of the Bloom","Bottled Tornado","Lantern","Toxic Egg 2","Art of War","The Specimen"],"potions_floor_usage":[6,11,12,16,18,20,21,22,23,23,25,31,31,33,33,50,55,55],"damage_taken":[{"damage":2,"enemies":"Cultist","floor":1,"turns":5},{"damage":6,"enemies":"Jaw Worm","floor":2,"turns":3},{"damage":0,"enemies":"2 Louse","floor":4,"turns":1},{"damage":22,"enemies":"Lagavulin","floor":6,"turns":10},{"damage":3,"enemies":"Gremlin Nob","floor":11,"turns":4},{"damage":0,"enemies":"Red Slaver","floor":12,"turns":5},{"damage":4,"enemies":"3 Sentries","floor":13,"turns":6},{"damage":1,"enemies":"Exordium Wildlife","floor":14,"turns":4},{"damage":0,"enemies":"The Guardian","floor":16,"turns":11},{"damage":0,"enemies":"Spheric Guardian","floor":18,"turns":4},{"damage":0,"enemies":"3 Byrds","floor":19,"turns":3},{"damage":0,"enemies":"Masked Bandits","floor":20,"turns":1},{"damage":7,"enemies":"Sentry and Sphere","floor":21,"turns":8},{"damage":0,"enemies":"Shelled Parasite and Fungi","floor":22,"turns":7},{"damage":0,"enemies":"Book of Stabbing","floor":23,"turns":5},{"damage":8,"enemies":"Gremlin Leader","floor":25,"turns":8},{"damage":0,"enemies":"3 Cultists","floor":27,"turns":4},{"damage":0,"enemies":"Chosen and Byrds","floor":28,"turns":5},{"damage":0,"enemies":"Slavers","floor":31,"turns":2},{"damage":0,"enemies":"Automaton","floor":33,"turns":9},{"damage":0,"enemies":"3 Darklings","floor":35,"turns":2},{"damage":0,"enemies":"Orb Walker","floor":39,"turns":2},{"damage":0,"enemies":"Nemesis","floor":40,"turns":5},{"damage":0,"enemies":"Spire Growth","floor":41,"turns":4},{"damage":0,"enemies":"Reptomancer","floor":42,"turns":6},{"damage":0,"enemies":"Giant Head","floor":44,"turns":6},{"damage":0,"enemies":"Sphere and 2 Shapes","floor":47,"turns":3},{"damage":0,"enemies":"Reptomancer","floor":48,"turns":5},{"damage":0,"enemies":"Donu and Deca","floor":50,"turns":7},{"damage":0,"enemies":"Shield and Spear","floor":54,"turns":7},{"damage":0,"enemies":"The Heart","floor":55,"turns":12}],"seed_played":"-4333540163076192544","potions_obtained":[{"floor":1,"key":"SmokeBomb"},{"floor":4,"key":"Ancient Potion"},{"floor":6,"key":"SpeedPotion"},{"floor":8,"key":"Poison Potion"},{"floor":8,"key":"SteroidPotion"},{"floor":11,"key":"EssenceOfSteel"},{"floor":20,"key":"FearPotion"},{"floor":22,"key":"EssenceOfSteel"},{"floor":31,"key":"PowerPotion"},{"floor":33,"key":"Block Potion"},{"floor":35,"key":"GhostInAJar"},{"floor":42,"key":"GhostInAJar"}],"is_trial":false,"path_per_floor":["M","M","$","M","?","E","R","?","T","R","E","M","E","M","R","B",null,"M","M","?","M","M","E","?","E","T","M","M","$","R","E","R","B",null,"M","?","?","$","M","E","M","E","T","E","?","R","M","E","R","B",null,"R","$","E","B",null],"character_chosen":"THE_SILENT","items_purchased":["Well Laid Plans","PiercingWail","Die Die Die","Ice Cream","Leg Sweep","Cloak And Dagger+1","Catalyst+1","Dexterity Potion"],"campfire_rested":2,"item_purchase_floors":[3,3,3,29,38,53,53,53],"current_hp_per_floor":[68,62,62,62,55,33,33,33,33,33,30,32,44,45,45,72,84,84,84,84,77,79,81,81,75,75,77,79,79,79,81,81,84,84,84,84,84,84,84,84,84,84,84,84,84,84,84,84,84,84,84,84,84,84,84],"gold":106,"neow_bonus":"TWO_FIFTY_GOLD","is_prod":false,"is_daily":false,"chose_seed":false,"campfire_upgraded":5,"win_rate":0,"timestamp":1551019284,"path_taken":["M","M","$","M","?","E","R","?","T","R","E","?","E","M","R","BOSS","M","?","?","M","M","E","?","E","T","?","M","$","R","E","R","BOSS","M","?","?","$","M","E","?","E","T","E","?","R","M","E","R","BOSS","R","$","E","BOSS"],"build_version":"2019-02-06","purchased_purges":3,"victory":true,"max_hp_per_floor":[70,70,70,70,70,70,70,70,70,70,70,70,84,84,84,84,84,84,84,84,84,84,84,84,84,84,84,84,84,84,84,84,84,84,84,84,84,84,84,84,84,84,84,84,84,84,84,84,84,84,84,84,84,84,84],"card_choices":[{"not_picked":["Prepared","Dodge and Roll"],"picked":"Flying Knee","floor":1},{"not_picked":["Underhanded Strike","Quick Slash"],"picked":"Blur","floor":2},{"not_picked":["Outmaneuver","Heel Hook"],"picked":"Corpse Explosion","floor":4},{"not_picked":["Slice","Eviscerate"],"picked":"Dodge and Roll","floor":6},{"not_picked":["Slice","Backflip"],"picked":"Leg Sweep","floor":11},{"not_picked":["Caltrops","Tactician"],"picked":"Slice","floor":12},{"not_picked":["Outmaneuver","Endless Agony"],"picked":"Venomology","floor":13},{"not_picked":["Dagger Throw","Quick Slash"],"picked":"Deadly Poison","floor":14},{"not_picked":["Storm of Steel","Doppelganger"],"picked":"Glass Knife","floor":16},{"not_picked":["Bane","Sucker Punch"],"picked":"Escape Plan","floor":18},{"not_picked":["Leg Sweep","Endless Agony"],"picked":"Catalyst","floor":19},{"not_picked":["Cloak And Dagger","Outmaneuver"],"picked":"Backflip","floor":20},{"not_picked":["Dagger Spray","Deflect"],"picked":"Deadly Poison","floor":21},{"not_picked":["Deadly Poison","Slice"],"picked":"Backflip+1","floor":22},{"not_picked":["Flying Knee","Setup","Slice"],"picked":"SKIP","floor":23},{"not_picked":["Doppelganger","PiercingWail"],"picked":"Noxious Fumes+1","floor":25},{"not_picked":["Blade Dance+1","Deflect"],"picked":"Poisoned Stab+1","floor":27},{"not_picked":["Distraction+1","Finisher"],"picked":"Bouncing Flask+1","floor":28},{"not_picked":["Reflex+1","Storm of Steel"],"picked":"Cloak And Dagger","floor":31},{"not_picked":["A Thousand Cuts+1","Grand Finale"],"picked":"Adrenaline","floor":33},{"not_picked":["Escape Plan","Finisher"],"picked":"Concentrate","floor":35},{"not_picked":["Finisher+1","Tactician+1"],"picked":"Deflect+1","floor":39},{"not_picked":["Well Laid Plans+1","Quick Slash+1"],"picked":"Prepared+1","floor":40},{"not_picked":["Riddle With Holes+1","Slice+1"],"picked":"Sucker Punch+1","floor":41},{"not_picked":["Deflect+1","Dash"],"picked":"Night Terror","floor":42},{"not_picked":["Blade Dance","Outmaneuver+1"],"picked":"Footwork+1","floor":44},{"not_picked":["Caltrops+1","Underhanded Strike"],"picked":"PiercingWail+1","floor":47},{"not_picked":["Flying Knee","PiercingWail+1"],"picked":"Malaise+1","floor":48},{"not_picked":["Footwork+1","Deadly Poison+1"],"picked":"Backflip+1","floor":54}],"player_experience":4666115,"relics_obtained":[{"floor":6,"key":"Pen Nib"},{"floor":9,"key":"Kunai"},{"floor":11,"key":"Blood Vial"},{"floor":13,"key":"Mango"},{"floor":20,"key":"Red Mask"},{"floor":23,"key":"War Paint"},{"floor":25,"key":"Regal Pillow"},{"floor":31,"key":"FossilizedHelix"},{"floor":40,"key":"Bottled Tornado"},{"floor":42,"key":"Lantern"},{"floor":44,"key":"Toxic Egg 2"},{"floor":48,"key":"Art of War"},{"floor":54,"key":"The Specimen"}],"event_choices":[{"damage_healed":0,"gold_gain":0,"player_choice":"Success","damage_taken":7,"relics_obtained":["Pantograph"],"max_hp_gain":0,"max_hp_loss":0,"event_name":"Scrap Ooze","floor":5,"gold_loss":0},{"damage_healed":0,"gold_gain":0,"player_choice":"Got Potions","damage_taken":0,"max_hp_gain":0,"max_hp_loss":0,"event_name":"Lab","floor":8,"gold_loss":0},{"damage_healed":0,"gold_gain":0,"player_choice":"Fought Bandits","damage_taken":0,"max_hp_gain":0,"max_hp_loss":0,"event_name":"Masked Bandits","floor":20,"gold_loss":0},{"damage_healed":0,"gold_gain":0,"player_choice":"Gave Potion","damage_taken":0,"relics_obtained":["Frozen Egg 2"],"max_hp_gain":0,"max_hp_loss":0,"event_name":"WeMeetAgain","floor":24,"gold_loss":0},{"damage_healed":0,"gold_gain":0,"player_choice":"Upgrade","damage_taken":0,"relics_obtained":["Mark of the Bloom"],"max_hp_gain":0,"max_hp_loss":0,"event_name":"MindBloom","floor":36,"gold_loss":0,"cards_upgraded":["Defend_G","Defend_G","Defend_G","Defend_G","Defend_G","Strike_G","Strike_G","Strike_G","Strike_G","Strike_G","Survivor","Flying Knee","PiercingWail","Die Die Die","Corpse Explosion","Dodge and Roll","Leg Sweep","Slice","Venomology","Glass Knife","Escape Plan","Backflip","Adrenaline","Concentrate"]},{"damage_healed":0,"gold_gain":0,"player_choice":"Cursed","damage_taken":0,"max_hp_gain":0,"max_hp_loss":0,"event_name":"Wheel of Change","floor":37,"gold_loss":0,"cards_obtained":["Decay"]},{"damage_healed":0,"gold_gain":0,"player_choice":"Leave","damage_taken":0,"max_hp_gain":0,"max_hp_loss":0,"event_name":"FaceTrader","floor":45,"gold_loss":0}],"is_beta":true,"boss_relics":[{"not_picked":["Snecko Eye","Astrolabe"],"picked":"Cursed Key"},{"not_picked":["Ring of the Serpent","Velvet Choker"],"picked":"Fusion Hammer"}],"items_purged_floors":[3,29,38],"is_endless":false,"potions_floor_spawned":[1,4,6,11,20,22,31,33,35,42,48],"ascension_level":1}