{"gold_per_floor":[110,129,149,160,175,175,175,175,229,229,254,254,317,335,335,433,433,444,359,359,376,376,704,245,245,245,276,293,293,293,293,293,390,390,401,426,31,31,47,47,47,75,147,147,167,167,167,167,167,167],"floor_reached":51,"playtime":1849,"items_purged":[],"score":970,"play_id":"c3e90e13-d928-4fe7-bbf9-e508c4f051ec","local_time":"20180808035525","is_ascension_mode":true,"campfire_choices":[{"floor":6,"key":"REST"},{"floor":10,"key":"REST"},{"floor":15,"key":"REST"},{"floor":25,"key":"REST"},{"floor":29,"key":"REST"},{"floor":32,"key":"REST"},{"floor":40,"key":"REST"},{"floor":44,"key":"REST"},{"floor":47,"key":"REST"},{"data":"Creative AI","floor":49,"key":"SMITH"}],"neow_cost":"NONE","seed_source_timestamp":930167555407498,"circlet_count":0,"master_deck":["Strike_B+1","Strike_B+1","Strike_B+1","Strike_B+1","Defend_B+1","Defend_B+1","Defend_B+1","Defend_B+1","Zap","Dualcast+1","White Noise","Double Energy","Ball Lightning","Steam","Coolheaded","Static Discharge","Electrodynamics","Reinforced Body","Electrodynamics","Doom and Gloom","Necronomicurse","Double Energy+1","Chill","Defragment","FTL","Heatsinks+1","Darkness+1","Creative AI+1","White Noise+1","Glacier","Leap","Madness","Cold Snap+1","Turbo+1","Zap"],"relics":["Cracked Core","Lantern","Gremlin Horn","Tiny Chest","Black Star","Mango","Necronomicon","Old Coin","StoneCalendar","Sling","Art of War","Juzu Bracelet","Bird Faced Urn","Emotion Chip","GremlinMask","Busted Crown","Orichalcum","Du-Vu Doll","Cables","Bag of Marbles","Regal Pillow","Bottled Lightning"],"potions_floor_usage":[5,5,5,11,13,23,33,35,39,50,50,50],"damage_taken":[{"damage":5,"enemies":"Small Slimes","floor":1,"turns":3},{"damage":2,"enemies":"Jaw Worm","floor":2,"turns":2},{"damage":0,"enemies":"2 Louse","floor":3,"turns":2},{"damage":13,"enemies":"Blue Slaver","floor":4,"turns":2},{"damage":9,"enemies":"Exordium Thugs","floor":5,"turns":3},{"damage":4,"enemies":"Gremlin Nob","floor":11,"turns":3},{"damage":24,"enemies":"Lagavulin","floor":13,"turns":6},{"damage":5,"enemies":"2 Fungi Beasts","floor":14,"turns":3},{"damage":15,"enemies":"The Guardian","floor":16,"turns":9},{"damage":19,"enemies":"Shell Parasite","floor":18,"turns":6},{"damage":20,"enemies":"Spheric Guardian","floor":21,"turns":4},{"damage":10,"enemies":"Gremlin Leader","floor":23,"turns":4},{"damage":38,"enemies":"Slavers","floor":27,"turns":3},{"damage":24,"enemies":"Snecko","floor":28,"turns":6},{"damage":42,"enemies":"Champ","floor":33,"turns":8},{"damage":19,"enemies":"Flame Bruiser 1 Orb","floor":35,"turns":5},{"damage":49,"enemies":"3 Darklings","floor":39,"turns":3},{"damage":19,"enemies":"2 Orb Walkers","floor":42,"turns":3},{"damage":21,"enemies":"Spire Growth","floor":45,"turns":5},{"damage":96,"enemies":"Time Eater","floor":50,"turns":7}],"seed_played":"763005927659646442","potions_obtained":[{"floor":1,"key":"GamblersBrew"},{"floor":2,"key":"AttackPotion"},{"floor":3,"key":"Ancient Potion"},{"floor":4,"key":"EntropicBrew"},{"floor":11,"key":"FearPotion"},{"floor":18,"key":"Swift Potion"},{"floor":28,"key":"SteroidPotion"},{"floor":33,"key":"AttackPotion"},{"floor":35,"key":"LiquidBronze"},{"floor":42,"key":"Fire Potion"}],"is_trial":false,"path_per_floor":["M","M","M","M","M","R","?","?","T","R","E","?","E","M","R","B",null,"M","?","?","M","?","E","$","R","T","E","M","R","?","?","R","B",null,"M","T","$","T","M","R","?","E","T","R","M","?","R","?","R","B"],"character_chosen":"DEFECT","items_purchased":["Sling","Art of War","Defragment","FTL","Du-Vu Doll","Glacier","Leap"],"campfire_rested":9,"item_purchase_floors":[24,24,24,24,37,37,37],"current_hp_per_floor":[63,61,61,48,39,61,46,46,46,68,64,64,47,42,64,49,69,50,64,48,28,57,47,47,73,73,35,21,47,47,47,73,43,78,75,75,75,75,36,62,51,38,38,79,68,68,89,89,89,24],"gold":167,"neow_bonus":"UPGRADE_CARD","is_prod":false,"is_daily":false,"chose_seed":false,"campfire_upgraded":1,"win_rate":0,"timestamp":1533711325,"path_taken":["M","M","M","M","M","R","?","?","T","R","E","?","E","M","R","BOSS","M","?","?","M","?","E","$","R","T","E","M","R","?","?","R","BOSS","M","?","?","?","M","R","?","E","T","R","M","?","R","?","R","BOSS"],"build_version":"2018-08-02","purchased_purges":0,"victory":true,"max_hp_per_floor":[75,75,75,75,75,75,75,75,75,75,75,75,75,75,75,75,75,75,89,89,89,89,89,89,89,89,89,89,89,89,89,89,89,89,89,89,89,89,89,89,89,89,89,89,89,89,89,89,89,89],"card_choices":[{"not_picked":["Sweeping Beam","Steam Power"],"picked":"White Noise","floor":1},{"not_picked":["Rebound","Conserve Battery"],"picked":"Double Energy","floor":2},{"not_picked":["Storm","Gash"],"picked":"Ball Lightning","floor":3},{"not_picked":["Steam Power","Leap"],"picked":"Steam","floor":4},{"not_picked":["Streamline","Aggregate"],"picked":"Coolheaded","floor":5},{"not_picked":["Streamline","Gash"],"picked":"Static Discharge","floor":11},{"not_picked":["Buffer","Barrage"],"picked":"Electrodynamics","floor":13},{"not_picked":["Conserve Battery","Cold Snap"],"picked":"Reinforced Body","floor":14},{"not_picked":["Buffer","Hyperbeam"],"picked":"Electrodynamics","floor":16},{"not_picked":["Compile Driver","Streamline+1"],"picked":"Doom and Gloom","floor":18},{"not_picked":["Melter","Stack"],"picked":"Double Energy+1","floor":21},{"not_picked":["Capacitor","All For One"],"picked":"Chill","floor":23},{"not_picked":["Turbo","Cold Snap"],"picked":"Heatsinks+1","floor":27},{"not_picked":["Heatsinks","Turbo"],"picked":"Darkness+1","floor":28},{"not_picked":["Rainbow","Electrodynamics"],"picked":"Creative AI","floor":33},{"not_picked":[],"picked":"White Noise+1","floor":35},{"not_picked":["Lockon+1"],"picked":"SKIP","floor":39},{"not_picked":[],"picked":"Cold Snap+1","floor":42},{"not_picked":[],"picked":"Turbo+1","floor":45}],"player_experience":493747,"relics_obtained":[{"floor":9,"key":"Lantern"},{"floor":11,"key":"Gremlin Horn"},{"floor":13,"key":"Tiny Chest"},{"floor":20,"key":"Necronomicon"},{"floor":23,"key":"Old Coin"},{"floor":23,"key":"StoneCalendar"},{"floor":26,"key":"Juzu Bracelet"},{"floor":27,"key":"Bird Faced Urn"},{"floor":27,"key":"Emotion Chip"},{"floor":36,"key":"Orichalcum"},{"floor":38,"key":"Cables"},{"floor":42,"key":"Bag of Marbles"},{"floor":42,"key":"Regal Pillow"},{"floor":43,"key":"Bottled Lightning"}],"event_choices":[{"event_name":"Shining Light","player_choice":"Entered Light","floor":7,"damage_taken":0},{"event_name":"Golden Wing","player_choice":"Ignored","floor":8,"damage_taken":0},{"event_name":"Purifier","player_choice":"Skipped","floor":12,"damage_taken":0},{"event_name":"Addict","player_choice":"Obtained Relic","floor":19,"damage_taken":0},{"event_name":"Cursed Tome","player_choice":"Obtained Book","floor":20,"damage_taken":0},{"event_name":"The Library","player_choice":"Heal","floor":22,"damage_taken":0},{"event_name":"Back to Basics","player_choice":"Simplicity","floor":30,"damage_taken":0},{"event_name":"FaceTrader","player_choice":"Trade","floor":31,"damage_taken":0},{"event_name":"Winding Halls","player_choice":"Embrace Madness","floor":41,"damage_taken":0},{"event_name":"Match and Keep!","player_choice":"1 cards matched","floor":46,"damage_taken":0},{"event_name":"Falling","player_choice":"Removed Skill","floor":48,"damage_taken":0}],"is_beta":false,"boss_relics":[{"not_picked":["Snecko Eye","Cursed Key"],"picked":"Black Star"},{"not_picked":["Astrolabe","Empty Cage"],"picked":"Busted Crown"}],"items_purged_floors":[],"is_endless":false,"potions_floor_spawned":[1,2,3,4,11,18,28,33,35,42,45],"ascension_level":6}