{"gold_per_floor":[111,61,61,61,78,78,111,111,136,146,146,165,165,178,178,277,277,260,260,278,292,60,60,92,112,112,112,123,142,142,241,241,241],"floor_reached":33,"playtime":1498,"items_purged":["Rupture+1"],"score":267,"play_id":"3cfba231-57a5-43a0-bc1f-fcfe98bf4edc","local_time":"20181208115228","is_ascension_mode":false,"campfire_choices":[{"data":"Whirlwind","floor":6,"key":"SMITH"},{"data":"Shrug It Off","floor":8,"key":"SMITH"},{"data":"Headbutt","floor":13,"key":"SMITH"},{"data":"Body Slam","floor":15,"key":"SMITH"},{"data":"Juggernaut","floor":23,"key":"SMITH"},{"data":"Body Slam","floor":27,"key":"SMITH"},{"data":"Metallicize","floor":30,"key":"SMITH"},{"data":"Finesse","floor":32,"key":"SMITH"}],"neow_cost":"NONE","seed_source_timestamp":105027049593200,"circlet_count":0,"master_deck":["Strike_R","Defend_R","Defend_R","Defend_R","Bash","Whirlwind+1","Headbutt+1","Shrug It Off+1","Shrug It Off","Finesse+1","Shrug It Off","Body Slam+1","Juggernaut+1","Shockwave+1","Limit Break+1","Thunderclap+1","Body Slam+1","Metallicize+1","Armaments","Headbutt+1"],"relics":["Burning Blood","Regal Pillow","Bag of Marbles","Astrolabe","Oddly Smooth Stone","Torii","Singing Bowl"],"potions_floor_usage":[24,33],"damage_taken":[{"damage":5,"enemies":"Jaw Worm","floor":1,"turns":4},{"damage":2,"enemies":"Small Slimes","floor":5,"turns":3},{"damage":52,"enemies":"3 Sentries","floor":7,"turns":9},{"damage":0,"enemies":"2 Louse","floor":10,"turns":2},{"damage":0,"enemies":"Lots of Slimes","floor":12,"turns":1},{"damage":0,"enemies":"Looter","floor":14,"turns":3},{"damage":16,"enemies":"Slime Boss","floor":16,"turns":8},{"damage":9,"enemies":"2 Thieves","floor":18,"turns":4},{"damage":18,"enemies":"Shell Parasite","floor":20,"turns":5},{"damage":16,"enemies":"Snake Plant","floor":21,"turns":5},{"damage":6,"enemies":"Gremlin Leader","floor":24,"turns":5},{"damage":10,"enemies":"Chosen and Byrds","floor":25,"turns":6},{"damage":1,"enemies":"Sentry and Sphere","floor":28,"turns":4},{"damage":9,"enemies":"3 Cultists","floor":29,"turns":4},{"damage":63,"enemies":"Champ","floor":33,"turns":13}],"seed_played":"-9221045360347871457","potions_obtained":[{"floor":5,"key":"Poison Potion"},{"floor":7,"key":"FearPotion"},{"floor":10,"key":"Energy Potion"},{"floor":24,"key":"Swift Potion"}],"is_trial":false,"path_per_floor":["M","?","?","?","M","R","E","R","T","M","?","M","R","M","R","B",null,"M","?","M","M","$","R","E","M","T","R","M","M","R","?","R","B"],"character_chosen":"IRONCLAD","items_purchased":["Oddly Smooth Stone"],"campfire_rested":0,"item_purchase_floors":[22],"current_hp_per_floor":[80,80,73,73,77,77,31,31,31,37,37,43,43,49,49,39,80,77,77,65,55,55,55,55,51,51,51,58,57,57,57,57,0],"gold":241,"neow_bonus":"THREE_CARDS","is_prod":false,"is_daily":false,"chose_seed":false,"campfire_upgraded":8,"win_rate":0,"timestamp":1544266348,"path_taken":["M","?","?","?","M","R","E","R","T","M","?","M","R","?","R","BOSS","M","?","M","M","$","R","E","M","T","R","M","M","R","?","R","BOSS"],"build_version":"2018-12-06","purchased_purges":1,"victory":false,"max_hp_per_floor":[80,80,80,80,80,80,80,80,80,80,80,80,80,80,80,80,80,80,80,80,80,80,80,80,80,80,80,82,84,84,84,84,84],"card_choices":[{"not_picked":["Clash","Body Slam"],"picked":"Whirlwind","floor":0},{"not_picked":["Seeing Red","Dropkick"],"picked":"Headbutt","floor":1},{"not_picked":["Iron Wave","Pommel Strike","Wild Strike"],"picked":"SKIP","floor":5},{"not_picked":["Searing Blow","Rampage"],"picked":"Shrug It Off","floor":7},{"not_picked":["Twin Strike","Disarm"],"picked":"Shrug It Off","floor":10},{"not_picked":["Sentinel","Clash"],"picked":"Shrug It Off","floor":12},{"not_picked":["Burning Pact","True Grit"],"picked":"Body Slam","floor":14},{"not_picked":["Demon Form","Offering"],"picked":"Juggernaut","floor":16},{"not_picked":["Pommel Strike","Perfected Strike+1"],"picked":"Thunderclap+1","floor":18},{"not_picked":["Thunderclap","Shockwave"],"picked":"Metallicize","floor":20},{"not_picked":["Sword Boomerang","Clothesline"],"picked":"Armaments","floor":21},{"not_picked":["Reckless Charge","Burning Pact","Sword Boomerang"],"picked":"SKIP","floor":24},{"not_picked":["Pommel Strike+1","Whirlwind"],"picked":"Headbutt+1","floor":25},{"not_picked":["Body Slam","Second Wind","Perfected Strike"],"picked":"Singing Bowl","floor":28},{"not_picked":["Feel No Pain","Power Through","Combust"],"picked":"Singing Bowl","floor":29}],"player_experience":236914,"relics_obtained":[{"floor":7,"key":"Regal Pillow"},{"floor":9,"key":"Bag of Marbles"},{"floor":24,"key":"Torii"},{"floor":26,"key":"Singing Bowl"}],"event_choices":[{"cards_removed":["Strike_R"],"damage_healed":0,"gold_gain":0,"player_choice":"Card Removal","damage_taken":0,"max_hp_gain":0,"max_hp_loss":0,"event_name":"The Cleric","floor":2,"gold_loss":50},{"cards_removed":["Strike_R"],"damage_healed":0,"gold_gain":0,"player_choice":"Card Removal","damage_taken":7,"max_hp_gain":0,"max_hp_loss":0,"event_name":"Golden Wing","floor":3,"gold_loss":0},{"damage_healed":0,"gold_gain":0,"player_choice":"Ignored","damage_taken":0,"max_hp_gain":0,"max_hp_loss":0,"event_name":"Liars Game","floor":4,"gold_loss":0},{"damage_healed":0,"gold_gain":0,"player_choice":"1 cards matched","damage_taken":0,"max_hp_gain":0,"max_hp_loss":0,"event_name":"Match and Keep!","floor":11,"gold_loss":0,"cards_obtained":["Finesse"]},{"damage_healed":0,"gold_gain":0,"player_choice":"Read","damage_taken":0,"max_hp_gain":0,"max_hp_loss":0,"event_name":"The Library","floor":19,"gold_loss":0,"cards_obtained":["Body Slam"]},{"damage_healed":0,"gold_gain":99,"player_choice":"Stole From Cult","damage_taken":0,"max_hp_gain":0,"max_hp_loss":0,"event_name":"Nest","floor":31,"gold_loss":0}],"is_beta":false,"boss_relics":[{"not_picked":["Runic Pyramid","Empty Cage"],"picked":"Astrolabe"}],"items_purged_floors":[22],"is_endless":false,"potions_floor_spawned":[5,7,10,16,18,24],"killed_by":"Champ","ascension_level":0}