{"gold_per_floor":[111,111,129,145,7,7,7,7,7,19,19,54,71,88,88,185,185,201,283,283,283,296,328,328,358,384,384],"floor_reached":27,"playtime":898,"items_purged":[],"score":376,"play_id":"69f866fc-0fd9-447a-aab5-4d3f9ca6cd25","local_time":"20190216114143","is_ascension_mode":true,"campfire_choices":[{"data":"Perfected Strike","floor":6,"key":"SMITH"},{"data":"Offering","floor":8,"key":"SMITH"},{"data":"Berserk","floor":15,"key":"SMITH"},{"floor":24,"key":"REST"}],"neow_cost":"CURSE","seed_source_timestamp":165508424818574,"circlet_count":0,"master_deck":["Strike_R","Strike_R+1","Strike_R","Strike_R","Strike_R","Defend_R","Defend_R","Defend_R","Defend_R","Bash","Clumsy","Wild Strike+1","Perfected Strike+1","Power Through","Offering+1","Berserk+1","Dropkick","True Grit+1","True Grit+1","Immolate","Perfected Strike+1","RitualDagger","Shrug It Off+1","Headbutt+1","Cleave+1"],"relics":["Burning Blood","Kunai","Toxic Egg 2","Philosopher\u0027s Stone","Question Card","MutagenicStrength","Ancient Tea Set","Frozen Egg 2","Regal Pillow"],"potions_floor_usage":[12,12,12,16,23,25],"damage_taken":[{"damage":6,"enemies":"Cultist","floor":1,"turns":4},{"damage":0,"enemies":"2 Louse","floor":3,"turns":2},{"damage":7,"enemies":"Jaw Worm","floor":4,"turns":3},{"damage":13,"enemies":"Red Slaver","floor":10,"turns":3},{"damage":20,"enemies":"Lagavulin","floor":12,"turns":4},{"damage":6,"enemies":"Looter","floor":13,"turns":2},{"damage":6,"enemies":"Blue Slaver","floor":14,"turns":3},{"damage":32,"enemies":"Hexaghost","floor":16,"turns":9},{"damage":14,"enemies":"Chosen","floor":18,"turns":3},{"damage":31,"enemies":"2 Thieves","floor":22,"turns":4},{"damage":28,"enemies":"Gremlin Leader","floor":23,"turns":5},{"damage":33,"enemies":"Book of Stabbing","floor":25,"turns":4},{"damage":28,"enemies":"Slavers","floor":27,"turns":2}],"seed_played":"-1575512571558888024","potions_obtained":[{"floor":1,"key":"Regen Potion"},{"floor":4,"key":"Weak Potion"},{"floor":10,"key":"Poison Potion"},{"floor":12,"key":"GamblersBrew"},{"floor":13,"key":"Weak Potion"},{"floor":18,"key":"Poison Potion"}],"is_trial":false,"path_per_floor":["M","?","M","M","$","R","?","R","T","M","$","E","M","M","R","B",null,"M","T","?","?","M","E","R","E","T","E"],"character_chosen":"IRONCLAD","items_purchased":["Offering"],"campfire_rested":1,"item_purchase_floors":[5],"current_hp_per_floor":[88,69,75,74,74,74,74,74,74,67,67,65,65,65,65,39,82,74,74,68,68,43,21,49,22,22,0],"gold":384,"neow_bonus":"TWENTY_PERCENT_HP_BONUS","is_prod":false,"is_daily":false,"chose_seed":false,"campfire_upgraded":3,"win_rate":0,"timestamp":1550328103,"path_taken":["M","?","M","M","$","R","?","R","T","M","?","E","M","M","R","BOSS","M","?","?","?","M","E","R","E","T","E"],"build_version":"2019-01-23","purchased_purges":0,"victory":false,"max_hp_per_floor":[96,96,96,96,96,96,96,96,96,96,96,96,96,96,96,96,96,96,96,96,96,96,96,96,96,96,96],"card_choices":[{"not_picked":["True Grit","Shrug It Off"],"picked":"Wild Strike","floor":1},{"not_picked":["Warcry","Wild Strike"],"picked":"Perfected Strike","floor":3},{"not_picked":["Clash","Cleave"],"picked":"Power Through","floor":4},{"not_picked":["Corruption","Entrench"],"picked":"Berserk","floor":10},{"not_picked":["Body Slam","Bloodletting"],"picked":"Dropkick","floor":12},{"not_picked":["Iron Wave","Body Slam"],"picked":"True Grit+1","floor":13},{"not_picked":["Anger","Dual Wield+1"],"picked":"True Grit+1","floor":14},{"not_picked":["Feed","Offering+1"],"picked":"Immolate","floor":16},{"not_picked":["Iron Wave","Rampage"],"picked":"Perfected Strike+1","floor":18},{"not_picked":["Pommel Strike","Ghostly Armor+1","Clash"],"picked":"Shrug It Off+1","floor":22},{"not_picked":["Bludgeon","Flex+1","Reckless Charge"],"picked":"Headbutt+1","floor":23},{"not_picked":["Offering+1","Wild Strike","Body Slam"],"picked":"Cleave+1","floor":25}],"player_experience":772569,"relics_obtained":[{"floor":9,"key":"Kunai"},{"floor":12,"key":"Toxic Egg 2"},{"floor":19,"key":"Question Card"},{"floor":23,"key":"Ancient Tea Set"},{"floor":25,"key":"Frozen Egg 2"},{"floor":26,"key":"Regal Pillow"}],"event_choices":[{"damage_healed":0,"gold_gain":0,"player_choice":"Entered Light","damage_taken":19,"max_hp_gain":0,"max_hp_loss":0,"event_name":"Shining Light","floor":2,"gold_loss":0,"cards_upgraded":["Strike_R","Wild Strike"]},{"damage_healed":0,"gold_gain":0,"player_choice":"Leave","damage_taken":0,"max_hp_gain":0,"max_hp_loss":0,"event_name":"The Cleric","floor":7,"gold_loss":0},{"damage_healed":0,"gold_gain":0,"player_choice":"Joined the Cult","damage_taken":6,"max_hp_gain":0,"max_hp_loss":0,"event_name":"Nest","floor":20,"gold_loss":0,"cards_obtained":["RitualDagger"]},{"damage_healed":0,"gold_gain":0,"player_choice":"Inject Mutagens","damage_taken":0,"relics_obtained":["MutagenicStrength"],"max_hp_gain":0,"max_hp_loss":0,"event_name":"Drug Dealer","floor":21,"gold_loss":0}],"is_beta":false,"boss_relics":[{"not_picked":["Lizard Tail","Empty Cage"],"picked":"Philosopher\u0027s Stone"}],"items_purged_floors":[],"is_endless":false,"potions_floor_spawned":[1,4,10,12,13,18],"killed_by":"Slavers","ascension_level":8}