{"path_per_floor":["M","$","?","M","?","E","M","E","T","?","R","E","R","E","R","B",null,"M","?","M","M","?","R","M","E","T","M","M","?","$","E","R"],"character_chosen":"IRONCLAD","items_purchased":["Shrug It Off","Uppercut","Orichalcum"],"gold_per_floor":[109,63,63,82,82,110,127,160,185,185,185,213,213,242,242,343,373,393,393,412,423,473,473,473,499,499,511,530,530,309,335,335,335],"floor_reached":33,"campfire_rested":5,"playtime":1463,"item_purchase_floors":[2,30,30],"current_hp_per_floor":[80,80,80,80,80,80,80,42,42,26,50,48,72,41,65,35,87,52,52,48,22,22,49,55,57,57,52,48,48,48,42,75,0],"items_purged":[],"gold":335,"score":422,"play_id":"c04d9254-22d3-4162-a28e-7661094af71c","local_time":"20180607011725","is_prod":false,"is_daily":false,"chose_seed":false,"is_ascension_mode":true,"campfire_upgraded":0,"win_rate":0,"timestamp":1528345045,"campfire_choices":[{"floor":11,"key":"REST"},{"floor":13,"key":"REST"},{"floor":15,"key":"REST"},{"floor":23,"key":"REST"},{"floor":32,"key":"REST"}],"path_taken":["M","$","?","M","?","E","?","E","T","?","R","E","R","E","R","BOSS","M","?","M","M","?","R","M","E","T","?","M","?","?","E","R","BOSS"],"build_version":"2018-05-31","seed_source_timestamp":188236614913483,"purchased_purges":0,"victory":false,"master_deck":["Strike_R+1","Strike_R","Strike_R","Strike_R","Strike_R","Defend_R","Defend_R","Defend_R","Defend_R","Bash","Rupture","Shrug It Off","Regret","Cleave","Flex+1","Clash+1","Combust","Bludgeon","Feed","Rage","Perfected Strike+1","Infernal Blade+1","Offering","Twin Strike+1","Flex","Cleave","Decay","Uppercut","Carnage+1"],"max_hp_per_floor":[80,80,80,80,80,80,80,82,82,82,82,82,82,82,82,82,87,90,90,90,90,90,90,90,100,100,100,100,100,100,110,110,110],"relics":["Burning Blood","NeowsBlessing","Bag of Marbles","Vajra","Singing Bowl","Lantern","Bird Faced Urn","Art of War","Tiny House","Strawberry","Happy Flower","Orichalcum","Pear"],"card_choices":[{"not_picked":["Armaments","Clash"],"picked":"Rupture","floor":1},{"not_picked":["Warcry","Body Slam"],"picked":"Cleave","floor":4},{"not_picked":["Iron Wave","Pummel"],"picked":"Flex","floor":6},{"not_picked":["Flame Barrier","Shrug It Off"],"picked":"Clash","floor":7},{"not_picked":["Havoc","True Grit","Berserk"],"picked":"Singing Bowl","floor":8},{"not_picked":["Clothesline","Searing Blow"],"picked":"Combust","floor":12},{"not_picked":["Clothesline","True Grit"],"picked":"Bludgeon","floor":14},{"not_picked":["Dark Embrace","Bludgeon"],"picked":"Feed","floor":16},{"not_picked":["True Grit","Feel No Pain"],"picked":"Rage","floor":17},{"not_picked":["Hemokinesis","Clash"],"picked":"Perfected Strike+1","floor":18},{"not_picked":["Perfected Strike","Pommel Strike"],"picked":"Infernal Blade+1","floor":20},{"not_picked":["Rupture","Clothesline+1"],"picked":"Offering","floor":21},{"not_picked":["True Grit","Searing Blow"],"picked":"Twin Strike+1","floor":25},{"not_picked":["Armaments","Iron Wave"],"picked":"Flex","floor":27},{"not_picked":["Headbutt","Havoc+1"],"picked":"Cleave","floor":28},{"not_picked":["Thunderclap","Clothesline"],"picked":"Carnage+1","floor":31}],"player_experience":299745,"potions_floor_usage":[8,12,24,25,28,33,33],"damage_taken":[{"damage":0,"enemies":"Jaw Worm","floor":1,"turns":1},{"damage":4,"enemies":"Small Slimes","floor":4,"turns":2},{"damage":0,"enemies":"3 Sentries","floor":6,"turns":1},{"damage":0,"enemies":"Cultist","floor":7,"turns":2},{"damage":46,"enemies":"Lagavulin","floor":8,"turns":6},{"damage":8,"enemies":"Gremlin Nob","floor":12,"turns":3},{"damage":41,"enemies":"Lagavulin","floor":14,"turns":6},{"damage":40,"enemies":"The Guardian","floor":16,"turns":8},{"damage":46,"enemies":"Shell Parasite","floor":18,"turns":7},{"damage":12,"enemies":"Spheric Guardian","floor":20,"turns":3},{"damage":32,"enemies":"Snake Plant","floor":21,"turns":3},{"damage":0,"enemies":"3 Cultists","floor":24,"turns":1},{"damage":16,"enemies":"Book of Stabbing","floor":25,"turns":3},{"damage":11,"enemies":"Centurion and Healer","floor":27,"turns":4},{"damage":10,"enemies":"Snecko","floor":28,"turns":3},{"damage":26,"enemies":"Slavers","floor":31,"turns":3},{"damage":79,"enemies":"Automaton","floor":33,"turns":7}],"relics_obtained":[{"floor":6,"key":"Vajra"},{"floor":8,"key":"Singing Bowl"},{"floor":9,"key":"Lantern"},{"floor":12,"key":"Bird Faced Urn"},{"floor":14,"key":"Art of War"},{"floor":25,"key":"Strawberry"},{"floor":26,"key":"Happy Flower"},{"floor":31,"key":"Pear"}],"event_choices":[{"event_name":"Big Fish","player_choice":"Box","floor":3,"damage_taken":0},{"event_name":"The Cleric","player_choice":"Leave","floor":5,"damage_taken":0},{"event_name":"Shining Light","player_choice":"Entered Light","floor":10,"damage_taken":0},{"event_name":"Fountain of Cleansing","player_choice":"Ignored","floor":19,"damage_taken":0},{"event_name":"The Joust","player_choice":"Bet on Murderer","floor":22,"damage_taken":0},{"event_name":"Forgotten Altar","player_choice":"Smashed Altar","floor":29,"damage_taken":0}],"boss_relics":[{"not_picked":["White Beast Statue","Cursed Key"],"picked":"Tiny House"}],"items_purged_floors":[],"potions_floor_spawned":[1,7,14,16,20,27,31],"seed_played":"-7262833829132794608","killed_by":"Automaton","ascension_level":2,"potions_obtained":[{"floor":1,"key":"Explosive Potion"},{"floor":7,"key":"Fire Potion"},{"floor":14,"key":"Swift Potion"},{"floor":16,"key":"FearPotion"},{"floor":17,"key":"SmokeBomb"},{"floor":20,"key":"Explosive Potion"},{"floor":27,"key":"Block Potion"},{"floor":31,"key":"Fire Potion"}],"is_trial":false}