{"gold_per_floor":[115,190,190,190,205,240,240,258,258,164,190,203,233,233,233,233],"floor_reached":16,"playtime":520,"items_purged":[],"score":159,"play_id":"3a04dfd6-f2ce-40fc-994e-3e783be0e36e","local_time":"20190508133641","is_ascension_mode":true,"campfire_choices":[{"data":"Infernal Blade","floor":7,"key":"SMITH"},{"floor":15,"key":"REST"}],"neow_cost":"NONE","seed_source_timestamp":255785595513100,"circlet_count":0,"master_deck":["Strike_R","Strike_R","Strike_R","Strike_R+1","Defend_R","Defend_R","Defend_R","Defend_R","Bash","Exhume","Ghostly Armor","Armaments","Infernal Blade+1","Intimidate","Flex+1","Pommel Strike","Body Slam+1"],"relics":["Burning Blood","PreservedInsect","Ginger","StoneCalendar","Magic Flower","Letter Opener","Molten Egg 2"],"potions_floor_usage":[6,12,13],"damage_taken":[{"damage":0,"enemies":"Small Slimes","floor":1,"turns":3},{"damage":4,"enemies":"Jaw Worm","floor":5,"turns":5},{"damage":32,"enemies":"Lagavulin","floor":6,"turns":9},{"damage":1,"enemies":"Cultist","floor":8,"turns":3},{"damage":8,"enemies":"Gremlin Nob","floor":11,"turns":3},{"damage":15,"enemies":"Large Slime","floor":12,"turns":5},{"damage":10,"enemies":"3 Sentries","floor":13,"turns":6},{"damage":51,"enemies":"The Guardian","floor":16,"turns":5}],"seed_played":"-6713215716142783270","potions_obtained":[{"floor":5,"key":"AttackPotion"},{"floor":6,"key":"Fire Potion"},{"floor":8,"key":"GamblersBrew"}],"is_trial":false,"path_per_floor":["M","?","?","T","M","E","R","M","T","?","E","M","E","?","R","B"],"character_chosen":"IRONCLAD","items_purchased":[],"campfire_rested":1,"item_purchase_floors":[],"current_hp_per_floor":[78,67,64,64,66,40,40,45,45,45,46,40,39,23,47,0],"gold":233,"neow_bonus":"TRANSFORM_CARD","is_prod":false,"is_daily":false,"chose_seed":false,"campfire_upgraded":1,"win_rate":0,"timestamp":1557337001,"path_taken":["M","?","?","?","?","E","R","M","T","?","E","?","E","?","R","BOSS"],"build_version":"2019-01-23","purchased_purges":0,"victory":false,"max_hp_per_floor":[80,80,80,80,80,80,80,80,80,80,80,80,80,80,80,80],"card_choices":[{"not_picked":["Iron Wave","True Grit"],"picked":"Ghostly Armor","floor":1},{"not_picked":["Headbutt","Heavy Blade"],"picked":"Armaments","floor":5},{"not_picked":["Twin Strike","Searing Blow"],"picked":"Infernal Blade","floor":6},{"not_picked":["Iron Wave","Havoc"],"picked":"Intimidate","floor":8},{"not_picked":["Cleave","Iron Wave"],"picked":"Flex","floor":11},{"not_picked":["Seeing Red","Fire Breathing"],"picked":"Pommel Strike","floor":12},{"not_picked":["Power Through","Clash"],"picked":"Body Slam","floor":13}],"player_experience":169022,"relics_obtained":[{"floor":6,"key":"Ginger"},{"floor":9,"key":"StoneCalendar"},{"floor":11,"key":"Letter Opener"},{"floor":13,"key":"Molten Egg 2"}],"event_choices":[{"damage_healed":0,"gold_gain":75,"player_choice":"Gather Gold","damage_taken":11,"max_hp_gain":0,"max_hp_loss":0,"event_name":"World of Goop","floor":2,"gold_loss":0},{"damage_healed":0,"gold_gain":0,"player_choice":"Success","damage_taken":3,"relics_obtained":["PreservedInsect"],"max_hp_gain":0,"max_hp_loss":0,"event_name":"Scrap Ooze","floor":3,"gold_loss":0},{"damage_healed":0,"gold_gain":0,"player_choice":"Paid Gold","damage_taken":0,"relics_obtained":["Magic Flower"],"max_hp_gain":0,"max_hp_loss":0,"event_name":"WeMeetAgain","floor":10,"gold_loss":94},{"damage_healed":0,"gold_gain":0,"player_choice":"Entered Light","damage_taken":16,"max_hp_gain":0,"max_hp_loss":0,"event_name":"Shining Light","floor":14,"gold_loss":0,"cards_upgraded":["Flex","Strike_R"]}],"is_beta":false,"boss_relics":[],"items_purged_floors":[],"is_endless":false,"potions_floor_spawned":[5,6,8],"killed_by":"The Guardian","ascension_level":7}