{"gold_per_floor":[116,126,126,136,151,151,162,162,186,186,216,233,233,265,265,360,360,374,284,99,109,128,128,128],"floor_reached":24,"playtime":1627,"items_purged":["Defend_G"],"score":198,"play_id":"24f5017d-9860-41a1-a618-e51a22864fb5","local_time":"20190327220036","is_ascension_mode":false,"campfire_choices":[{"data":"Acrobatics","floor":6,"key":"SMITH"},{"data":"Noxious Fumes","floor":8,"key":"SMITH"},{"data":"Neutralize","floor":10,"key":"SMITH"},{"floor":15,"key":"REST"},{"data":"Phantasmal Killer","floor":23,"key":"SMITH"}],"neow_cost":"NONE","seed_source_timestamp":388355875274600,"circlet_count":0,"master_deck":["Defend_G","Defend_G+1","Defend_G","Defend_G","Strike_G","Strike_G","Strike_G+1","Survivor","Neutralize+1","Prepared","Acrobatics+1","Dagger Throw+1","Dagger Spray","Noxious Fumes+1","Prepared","Flying Knee","Phantasmal Killer+1","Blade Dance","Well Laid Plans","Leg Sweep","Escape Plan","Prepared"],"relics":["Ring of the Snake","Boot","Whetstone","WristBlade"],"potions_floor_usage":[22],"damage_taken":[{"damage":0,"enemies":"2 Louse","floor":1,"turns":4},{"damage":2,"enemies":"Small Slimes","floor":2,"turns":7},{"damage":1,"enemies":"Cultist","floor":4,"turns":6},{"damage":18,"enemies":"Large Slime","floor":5,"turns":9},{"damage":3,"enemies":"Blue Slaver","floor":7,"turns":5},{"damage":2,"enemies":"Exordium Wildlife","floor":12,"turns":3},{"damage":6,"enemies":"Lagavulin","floor":14,"turns":8},{"damage":38,"enemies":"Hexaghost","floor":16,"turns":11},{"damage":29,"enemies":"3 Byrds","floor":18,"turns":4},{"damage":5,"enemies":"Shell Parasite","floor":21,"turns":6},{"damage":25,"enemies":"Centurion and Healer","floor":22,"turns":8},{"damage":26,"enemies":"Slavers","floor":24,"turns":2}],"seed_played":"-2097971150924057007","potions_obtained":[{"floor":4,"key":"Regen Potion"},{"floor":7,"key":"AttackPotion"},{"floor":14,"key":"Ancient Potion"}],"is_trial":false,"path_per_floor":["M","M","?","M","M","R","M","R","T","R","?","M","?","E","R","B",null,"M","?","$","M","M","R","E"],"character_chosen":"THE_SILENT","items_purchased":["Well Laid Plans","Leg Sweep"],"campfire_rested":1,"item_purchase_floors":[20,20],"current_hp_per_floor":[77,75,68,67,49,49,46,46,46,46,46,44,44,38,61,23,77,48,48,48,43,23,23,0],"gold":128,"neow_bonus":"TEN_PERCENT_HP_BONUS","is_prod":false,"is_daily":false,"chose_seed":false,"campfire_upgraded":4,"win_rate":0.0,"timestamp":1553738436,"path_taken":["M","M","?","M","M","R","M","R","T","R","?","M","?","E","R","BOSS","M","?","$","?","M","R","E"],"build_version":"2019-01-23","purchased_purges":1,"victory":false,"max_hp_per_floor":[77,77,77,77,77,77,77,77,77,77,77,77,77,77,77,77,77,77,77,77,77,77,77,77],"card_choices":[{"not_picked":["Sucker Punch","Finisher"],"picked":"Prepared","floor":1},{"not_picked":["Caltrops","Footwork"],"picked":"Acrobatics","floor":2},{"not_picked":["Skewer","Tactician"],"picked":"Dagger Throw","floor":4},{"not_picked":["Outmaneuver","Calculated Gamble"],"picked":"Dagger Spray","floor":5},{"not_picked":["Slice","Footwork"],"picked":"Noxious Fumes","floor":7},{"not_picked":["All Out Attack","Dagger Spray"],"picked":"Prepared","floor":12},{"not_picked":["Distraction","Flechettes"],"picked":"Flying Knee","floor":14},{"not_picked":["Tools of the Trade","Night Terror"],"picked":"Phantasmal Killer","floor":16},{"not_picked":["Flying Knee","Dagger Throw"],"picked":"Blade Dance","floor":18},{"not_picked":["Heel Hook","PiercingWail"],"picked":"Escape Plan","floor":21},{"not_picked":["Dagger Spray","Heel Hook"],"picked":"Prepared","floor":22}],"player_experience":9625,"relics_obtained":[{"floor":9,"key":"Boot"},{"floor":14,"key":"Whetstone"}],"event_choices":[{"cards_removed":["Strike_G"],"damage_healed":0,"gold_gain":0,"player_choice":"Card Removal","damage_taken":7,"max_hp_gain":0,"max_hp_loss":0,"event_name":"Golden Wing","floor":3,"gold_loss":0},{"damage_healed":0,"gold_gain":30,"player_choice":"Searched \u00271\u0027 times","damage_taken":0,"max_hp_gain":0,"max_hp_loss":0,"event_name":"Dead Adventurer","floor":11,"gold_loss":0},{"damage_healed":0,"gold_gain":0,"cards_transformed":["Strike_G"],"player_choice":"Change","damage_taken":0,"max_hp_gain":0,"max_hp_loss":0,"event_name":"Living Wall","floor":13,"gold_loss":0,"cards_obtained":["Doppelganger"]},{"cards_removed":["Doppelganger"],"damage_healed":0,"gold_gain":0,"player_choice":"Upgrade and Remove","damage_taken":0,"max_hp_gain":0,"max_hp_loss":0,"event_name":"Designer","floor":19,"gold_loss":90,"cards_upgraded":["Defend_G"]}],"is_beta":false,"boss_relics":[{"not_picked":["Lizard Tail","Tiny House"],"picked":"WristBlade"}],"items_purged_floors":[20],"is_endless":false,"potions_floor_spawned":[4,7,14,21],"killed_by":"Slavers","ascension_level":0}