{"gold_per_floor":[115,115,66,66,86,86,118,118,118,146,156,172,188,199,199,301,301,321,332,11,11,11,11,11],"floor_reached":24,"playtime":764,"items_purged":[],"score":300,"play_id":"227c05a2-9c79-46d0-804b-3673d1ad5b0e","local_time":"20181228142342","is_ascension_mode":true,"campfire_choices":[{"data":"Dramatic Entrance","floor":6,"key":"SMITH"},{"data":"Anger","floor":8,"key":"SMITH"},{"floor":15,"key":"REST"},{"floor":23,"key":"REST"}],"neow_cost":"NONE","seed_source_timestamp":582834771690162,"circlet_count":0,"master_deck":["Strike_R","Strike_R","Strike_R","Strike_R","Strike_R","Defend_R","Defend_R","Defend_R","Bash","Battle Trance","Dramatic Entrance+1","Dark Embrace","Sword Boomerang","Burning Pact","Flex","Anger+1","Flex","Shrug It Off","Iron Wave","Second Wind","Anger","Juggernaut+1","Body Slam","Battle Trance","Seeing Red"],"relics":["Burning Blood","NeowsBlessing","Nunchaku","Pantograph","Frozen Egg 2","Busted Crown","Meat on the Bone","Nilry\u0027s Codex","Shuriken"],"potions_floor_usage":[11,16,16],"damage_taken":[{"damage":0,"enemies":"Jaw Worm","floor":1,"turns":1},{"damage":0,"enemies":"Cultist","floor":5,"turns":1},{"damage":0,"enemies":"Lagavulin","floor":7,"turns":1},{"damage":35,"enemies":"3 Sentries","floor":10,"turns":5},{"damage":1,"enemies":"2 Louse","floor":11,"turns":2},{"damage":20,"enemies":"Gremlin Gang","floor":12,"turns":4},{"damage":22,"enemies":"Large Slime","floor":13,"turns":5},{"damage":0,"enemies":"3 Louse","floor":14,"turns":2},{"damage":73,"enemies":"Slime Boss","floor":16,"turns":11},{"damage":22,"enemies":"3 Byrds","floor":18,"turns":5},{"damage":17,"enemies":"2 Thieves","floor":19,"turns":3},{"damage":47,"enemies":"Slavers","floor":24,"turns":2}],"seed_played":"-7355963364371095451","potions_obtained":[{"floor":1,"key":"BloodPotion"},{"floor":7,"key":"EssenceOfSteel"},{"floor":13,"key":"Swift Potion"}],"is_trial":false,"path_per_floor":["M","?","$","?","M","R","E","R","T","E","M","M","M","M","R","B",null,"M","M","$","?","?","R","E"],"character_chosen":"IRONCLAD","items_purchased":["Sword Boomerang","Seeing Red","Meat on the Bone"],"campfire_rested":2,"item_purchase_floors":[3,20,20],"current_hp_per_floor":[78,78,78,78,80,80,80,80,80,51,64,50,34,40,64,13,63,47,36,36,20,20,44,0],"gold":11,"neow_bonus":"THREE_ENEMY_KILL","is_prod":false,"is_daily":false,"chose_seed":false,"campfire_upgraded":2,"win_rate":0,"timestamp":1546017822,"path_taken":["M","?","?","?","M","R","E","R","T","E","M","?","M","M","R","BOSS","M","M","$","?","?","R","E"],"build_version":"2018-12-20","purchased_purges":0,"victory":false,"max_hp_per_floor":[80,80,80,80,80,80,80,80,80,80,80,80,80,80,80,80,80,80,80,80,80,80,80,80],"card_choices":[{"not_picked":["Sword Boomerang","True Grit"],"picked":"Battle Trance","floor":1},{"not_picked":["Shrug It Off","Clothesline"],"picked":"Flex","floor":5},{"not_picked":["Wild Strike","Spot Weakness"],"picked":"Anger","floor":7},{"not_picked":["Iron Wave","Barricade"],"picked":"Flex","floor":10},{"not_picked":["Hemokinesis","Clash"],"picked":"Shrug It Off","floor":11},{"not_picked":["Whirlwind","Dual Wield"],"picked":"Iron Wave","floor":12},{"not_picked":["Clash","Heavy Blade"],"picked":"Second Wind","floor":13},{"not_picked":["Warcry","Dual Wield"],"picked":"Anger","floor":14},{"not_picked":["Impervious","Barricade+1"],"picked":"Juggernaut+1","floor":16},{"not_picked":[],"picked":"Body Slam","floor":18},{"not_picked":[],"picked":"Battle Trance","floor":19}],"player_experience":551827,"relics_obtained":[{"floor":7,"key":"Nunchaku"},{"floor":9,"key":"Pantograph"},{"floor":10,"key":"Frozen Egg 2"},{"floor":21,"key":"Nilry\u0027s Codex"}],"event_choices":[{"damage_healed":0,"gold_gain":0,"player_choice":"2 cards matched","damage_taken":0,"max_hp_gain":0,"max_hp_loss":0,"event_name":"Match and Keep!","floor":2,"gold_loss":0,"cards_obtained":["Dramatic Entrance","Dark Embrace"]},{"damage_healed":0,"gold_gain":0,"cards_transformed":["Defend_R"],"player_choice":"Transformed","damage_taken":0,"max_hp_gain":0,"max_hp_loss":0,"event_name":"Transmorgrifier","floor":4,"gold_loss":0,"cards_obtained":["Burning Pact"]},{"damage_healed":0,"gold_gain":0,"player_choice":"Obtained Book","damage_taken":16,"max_hp_gain":0,"max_hp_loss":0,"event_name":"Cursed Tome","floor":21,"gold_loss":0},{"damage_healed":0,"gold_gain":0,"player_choice":"Opened","damage_taken":0,"relics_obtained":["Shuriken"],"max_hp_gain":0,"max_hp_loss":0,"event_name":"The Mausoleum","floor":22,"gold_loss":0}],"is_beta":false,"boss_relics":[{"not_picked":["Lizard Tail","Orrery"],"picked":"Busted Crown"}],"items_purged_floors":[],"is_endless":false,"potions_floor_spawned":[1,7,13],"killed_by":"Slavers","ascension_level":6}