{"gold_per_floor":[118,128,17,17,35,60,60,94,118,131,165,165,123,135,135,206,206,220,240,240,25,42,42,67,67,91,91,122,122,122,136,136,211,211,226,173,173,173],"floor_reached":38,"playtime":4191,"items_purged":["Strike_G+1"],"score":964,"play_id":"0ccf1ba5-fd61-481f-a5e2-27ab17020db4","local_time":"20181115175550","is_ascension_mode":true,"campfire_choices":[{"floor":7,"key":"REST"},{"floor":12,"key":"REST"},{"data":"Noxious Fumes","floor":15,"key":"SMITH"},{"floor":23,"key":"REST"},{"floor":27,"key":"REST"},{"data":"Footwork","floor":30,"key":"SMITH"},{"data":"Footwork","floor":32,"key":"SMITH"}],"neow_cost":"NONE","seed_source_timestamp":77490697608230,"circlet_count":0,"master_deck":["AscendersBane","Defend_G+1","Defend_G+1","Defend_G+1","Defend_G+1","Defend_G+1","Strike_G+1","Strike_G+1","Strike_G+1","Survivor","Neutralize+1","Dagger Throw","Noxious Fumes+1","Poisoned Stab","Sucker Punch","Deflect","Footwork+1","Corpse Explosion+1","Deflect","Deflect","Footwork+1","PiercingWail","Endless Agony+1","Dodge and Roll","Adrenaline","Backflip","Cloak And Dagger"],"relics":["Ring of the Snake","Regal Pillow","Juzu Bracelet","Strawberry","Matryoshka","Runic Pyramid","Boot","PreservedInsect","Centennial Puzzle","Ancient Tea Set","Black Star"],"potions_floor_usage":[6,8,11,16,24,38],"damage_taken":[{"damage":1,"enemies":"Small Slimes","floor":1,"turns":5},{"damage":0,"enemies":"2 Louse","floor":2,"turns":3},{"damage":2,"enemies":"Jaw Worm","floor":5,"turns":4},{"damage":24,"enemies":"3 Sentries","floor":6,"turns":6},{"damage":12,"enemies":"Lagavulin","floor":8,"turns":7},{"damage":17,"enemies":"Gremlin Gang","floor":10,"turns":6},{"damage":35,"enemies":"Gremlin Nob","floor":11,"turns":5},{"damage":25,"enemies":"Exordium Thugs","floor":13,"turns":5},{"damage":7,"enemies":"Large Slime","floor":14,"turns":6},{"damage":0,"enemies":"The Guardian","floor":16,"turns":11},{"damage":9,"enemies":"Chosen","floor":18,"turns":7},{"damage":14,"enemies":"Shell Parasite","floor":19,"turns":10},{"damage":15,"enemies":"Shelled Parasite and Fungi","floor":22,"turns":9},{"damage":21,"enemies":"Book of Stabbing","floor":24,"turns":6},{"damage":3,"enemies":"Gremlin Leader","floor":28,"turns":7},{"damage":1,"enemies":"Snecko","floor":31,"turns":8},{"damage":2,"enemies":"Champ","floor":33,"turns":18},{"damage":1,"enemies":"Orb Walker","floor":35,"turns":5},{"damage":83,"enemies":"2 Orb Walkers","floor":38,"turns":5}],"seed_played":"2136631303150026977","potions_obtained":[{"floor":2,"key":"SteroidPotion"},{"floor":6,"key":"Swift Potion"},{"floor":8,"key":"LiquidBronze"},{"floor":13,"key":"GhostInAJar"},{"floor":19,"key":"Dexterity Potion"},{"floor":24,"key":"SpeedPotion"}],"is_trial":false,"path_per_floor":["M","M","$","?","M","E","R","E","T","M","E","R","M","M","R","B",null,"M","M","?","$","M","R","E","?","T","R","E","?","R","M","R","B",null,"M","$","?","?"],"character_chosen":"THE_SILENT","items_purchased":["Poisoned Stab","PowerPotion","Footwork","PiercingWail","Cloak And Dagger"],"campfire_rested":4,"item_purchase_floors":[3,3,21,21,36],"current_hp_per_floor":[58,58,58,51,49,25,59,47,54,37,2,38,13,6,6,6,56,47,33,33,33,18,54,33,12,12,50,47,78,78,77,77,75,77,76,76,76,0],"gold":173,"neow_bonus":"UPGRADE_CARD","is_prod":false,"is_daily":false,"chose_seed":false,"campfire_upgraded":3,"win_rate":0,"timestamp":1542322550,"path_taken":["M","M","$","?","M","E","R","E","T","M","E","R","M","M","R","BOSS","M","M","?","$","M","R","E","?","T","R","E","?","R","M","R","BOSS","M","$","?","?"],"build_version":"2018-11-14","purchased_purges":1,"victory":false,"max_hp_per_floor":[66,66,66,66,66,66,66,66,73,73,73,73,73,73,73,73,73,73,73,73,73,73,73,73,78,78,78,78,78,78,78,78,78,78,78,78,78,78],"card_choices":[{"not_picked":["Bane","Backflip"],"picked":"Dagger Throw","floor":1},{"not_picked":["Infinite Blades","Bane"],"picked":"Noxious Fumes","floor":2},{"not_picked":["Dodge and Roll","Blade Dance"],"picked":"Sucker Punch","floor":5},{"not_picked":["PiercingWail","Acrobatics","Tactician"],"picked":"SKIP","floor":6},{"not_picked":["Masterful Stab","Venomology","Tactician"],"picked":"SKIP","floor":8},{"not_picked":["Prepared","Deflect","Choke"],"picked":"SKIP","floor":10},{"not_picked":["All Out Attack","Skewer"],"picked":"Deflect","floor":11},{"not_picked":["Prepared","PiercingWail"],"picked":"Well Laid Plans","floor":13},{"not_picked":["Expertise","Acrobatics"],"picked":"Footwork","floor":14},{"not_picked":["Storm of Steel","Die Die Die"],"picked":"Corpse Explosion","floor":16},{"not_picked":["Expertise","All Out Attack"],"picked":"Deflect","floor":18},{"not_picked":["Flechettes","Deadly Poison"],"picked":"Deflect","floor":19},{"not_picked":["PiercingWail","Blade Dance"],"picked":"Endless Agony+1","floor":22},{"not_picked":["Finisher","Slice","Leg Sweep"],"picked":"SKIP","floor":24},{"not_picked":["Acrobatics","Deadly Poison","Choke"],"picked":"SKIP","floor":28},{"not_picked":["Deadly Poison","Prepared"],"picked":"Dodge and Roll","floor":31},{"not_picked":["Bullet Time","Phantasmal Killer"],"picked":"Adrenaline","floor":33},{"not_picked":["Bane+1","Underhanded Strike"],"picked":"Backflip","floor":35}],"player_experience":962828,"relics_obtained":[{"floor":6,"key":"Regal Pillow"},{"floor":8,"key":"Juzu Bracelet"},{"floor":9,"key":"Strawberry"},{"floor":11,"key":"Matryoshka"},{"floor":24,"key":"Boot"},{"floor":26,"key":"PreservedInsect"},{"floor":26,"key":"Centennial Puzzle"},{"floor":28,"key":"Ancient Tea Set"}],"event_choices":[{"cards_removed":["Strike_G"],"damage_healed":0,"gold_gain":0,"player_choice":"Card Removal","damage_taken":7,"max_hp_gain":0,"max_hp_loss":0,"event_name":"Golden Wing","floor":4,"gold_loss":0},{"damage_healed":0,"gold_gain":0,"player_choice":"Simplicity","damage_taken":0,"max_hp_gain":0,"max_hp_loss":0,"event_name":"Back to Basics","floor":20,"gold_loss":0,"cards_upgraded":["Defend_G","Defend_G","Defend_G","Defend_G","Defend_G","Strike_G","Strike_G","Strike_G","Strike_G"]},{"damage_healed":0,"gold_gain":0,"player_choice":"Shed Blood","damage_taken":26,"max_hp_gain":5,"max_hp_loss":0,"event_name":"Forgotten Altar","floor":25,"gold_loss":0},{"cards_removed":["Well Laid Plans"],"damage_healed":31,"gold_gain":0,"player_choice":"Offered Uncommon","damage_taken":0,"max_hp_gain":0,"max_hp_loss":0,"event_name":"Bonfire Elementals","floor":29,"gold_loss":0},{"damage_healed":0,"gold_gain":0,"player_choice":"Forge","damage_taken":0,"max_hp_gain":0,"max_hp_loss":0,"event_name":"Accursed Blacksmith","floor":37,"gold_loss":0,"cards_upgraded":["Corpse Explosion"]},{"damage_healed":0,"gold_gain":0,"player_choice":"Fight","damage_taken":0,"max_hp_gain":0,"max_hp_loss":0,"event_name":"Mysterious Sphere","floor":38,"gold_loss":0}],"is_beta":true,"boss_relics":[{"not_picked":["Tiny House","HoveringKite"],"picked":"Runic Pyramid"},{"not_picked":["Runic Dome","White Beast Statue"],"picked":"Black Star"}],"items_purged_floors":[21],"is_endless":false,"potions_floor_spawned":[2,6,8,13,19,24,28],"killed_by":"2 Orb Walkers","ascension_level":20}