{"gold_per_floor":[117,128,128,128,143,143,159,159,183,183,212,232,232,260,260,260],"floor_reached":16,"playtime":390,"items_purged":[],"score":198,"play_id":"0e8559e1-9f86-4f6b-a976-1a59b9fe38b9","local_time":"20190513021212","is_ascension_mode":true,"campfire_choices":[{"data":"Fusion","floor":6,"key":"SMITH"},{"data":"Defragment","floor":8,"key":"SMITH"},{"data":"Zap","floor":10,"key":"SMITH"},{"floor":13,"key":"REST"},{"floor":15,"key":"REST"}],"neow_cost":"NONE","seed_source_timestamp":2723263216085245,"circlet_count":0,"master_deck":["AscendersBane","Strike_B+1","Strike_B","Strike_B","Strike_B","Defend_B","Defend_B","Defend_B","Defend_B","Zap+1","Dualcast","Sweeping Beam+1","Fusion+1","Leap","Defragment+1","Self Repair","Reboot"],"relics":["Cracked Core","NeowsBlessing","Bronze Scales","Lantern","FossilizedHelix","Mercury Hourglass"],"potions_floor_usage":[11,12],"damage_taken":[{"damage":0,"enemies":"Cultist","floor":1,"turns":1},{"damage":0,"enemies":"Jaw Worm","floor":2,"turns":1},{"damage":0,"enemies":"Small Slimes","floor":5,"turns":1},{"damage":12,"enemies":"Exordium Thugs","floor":7,"turns":4},{"damage":25,"enemies":"Lagavulin","floor":11,"turns":6},{"damage":0,"enemies":"3 Louse","floor":12,"turns":2},{"damage":11,"enemies":"Gremlin Nob","floor":14,"turns":4},{"damage":45,"enemies":"Hexaghost","floor":16,"turns":9}],"seed_played":"3798516012791563495","potions_obtained":[{"floor":2,"key":"Poison Potion"},{"floor":5,"key":"Energy Potion"},{"floor":11,"key":"Weak Potion"}],"is_trial":false,"path_per_floor":["M","M","?","?","M","R","M","R","T","R","E","M","R","E","R","B"],"character_chosen":"DEFECT","items_purchased":[],"campfire_rested":2,"item_purchase_floors":[],"current_hp_per_floor":[64,64,43,43,43,43,31,31,31,31,6,6,27,23,44,0],"gold":260,"neow_bonus":"THREE_ENEMY_KILL","is_prod":false,"is_daily":false,"chose_seed":false,"campfire_upgraded":3,"win_rate":0,"timestamp":1557724332,"path_taken":["M","?","?","?","M","R","M","R","T","R","E","M","R","E","R","BOSS"],"build_version":"2019-01-23","purchased_purges":0,"victory":false,"max_hp_per_floor":[71,71,71,71,71,71,71,71,71,71,71,71,71,71,71,71],"card_choices":[{"not_picked":["Aggregate","Undo"],"picked":"Sweeping Beam","floor":1},{"not_picked":["Tempest","Leap"],"picked":"Fusion","floor":2},{"not_picked":["Beam Cell","Turbo"],"picked":"Leap","floor":5},{"not_picked":["Steam","Cold Snap"],"picked":"Defragment","floor":7},{"not_picked":["Hello World","Blizzard","Fusion"],"picked":"SKIP","floor":11},{"not_picked":["Consume","Hologram"],"picked":"Self Repair","floor":12},{"not_picked":["Fusion","Conserve Battery"],"picked":"Reboot","floor":14}],"player_experience":1335020,"relics_obtained":[{"floor":9,"key":"Lantern"},{"floor":11,"key":"FossilizedHelix"},{"floor":14,"key":"Mercury Hourglass"}],"event_choices":[{"damage_healed":0,"gold_gain":0,"player_choice":"Entered Light","damage_taken":21,"max_hp_gain":0,"max_hp_loss":0,"event_name":"Shining Light","floor":3,"gold_loss":0,"cards_upgraded":["Sweeping Beam","Strike_B"]},{"damage_healed":0,"gold_gain":0,"player_choice":"Gave Potion","damage_taken":0,"relics_obtained":["Bronze Scales"],"max_hp_gain":0,"max_hp_loss":0,"event_name":"WeMeetAgain","floor":4,"gold_loss":0}],"is_beta":false,"boss_relics":[],"items_purged_floors":[],"is_endless":false,"potions_floor_spawned":[2,5,11],"killed_by":"Hexaghost","ascension_level":16}