{"path_per_floor":["M","?","?","M","?","E","M","R","T","?","M","M","E","M","R","B",null,"M","?","?","?","?","R","M","E","T","R","E","$","M","M","R","B",null,"M","M","M","M","?","R","?","$","T","M","M","R","M","M","R","B"],"character_chosen":"DEFECT","items_purchased":["Potion Belt","Tiny Chest","Whetstone","Flash of Steel+1","Storm","Shuriken","Kunai"],"gold_per_floor":[119,294,259,270,270,304,322,322,390,390,404,417,450,470,470,573,603,622,622,622,721,721,721,736,771,819,819,853,345,355,373,373,476,476,494,512,522,539,539,539,589,17,17,33,47,47,66,81,81,81],"floor_reached":51,"campfire_rested":8,"playtime":5309,"item_purchase_floors":[29,29,29,29,42,42,42],"current_hp_per_floor":[73,79,81,61,36,33,33,57,63,90,84,73,62,62,89,72,104,89,95,95,95,95,110,102,69,75,109,88,88,74,74,108,63,122,122,74,32,30,30,66,65,65,71,53,53,91,79,79,117,10],"items_purged":[],"gold":81,"score":1274,"play_id":"31efd360-68a0-4477-a30e-415c8a540ead","local_time":"20180617204652","daily_mods":["Draft","Cursed Run","Hoarder"],"is_prod":false,"is_daily":false,"chose_seed":true,"is_ascension_mode":true,"campfire_upgraded":0,"win_rate":0,"timestamp":1529279212,"campfire_choices":[{"floor":8,"key":"REST"},{"floor":15,"key":"REST"},{"floor":23,"key":"REST"},{"floor":27,"key":"REST"},{"floor":32,"key":"REST"},{"floor":40,"key":"REST"},{"floor":46,"key":"REST"},{"floor":49,"key":"REST"}],"path_taken":["M","?","?","?","?","E","M","R","T","?","M","M","E","?","R","BOSS","M","?","?","?","?","R","M","E","T","R","E","?","?","M","R","BOSS","M","M","M","?","?","R","?","?","T","?","M","R","M","M","R","BOSS"],"build_version":"2018-06-14v2","seed_source_timestamp":335318986727805,"purchased_purges":0,"victory":true,"master_deck":["Capacitor","Capacitor","Capacitor","Cold Snap","Cold Snap","Cold Snap","Redo","Redo","Redo","Redo","Redo","Redo+1","Sweeping Beam","Sweeping Beam+1","Sweeping Beam","Defragment","Defragment","Defragment","Blizzard+1","Blizzard","Blizzard","Doubt","Doubt","Doubt","Glacier","Glacier","Glacier+1","Doom and Gloom+1","Doom and Gloom","Doom and Gloom","Writhe","Writhe","Writhe","Parasite","Parasite","Parasite","Capacitor","Capacitor","Capacitor","Barrage+1","Barrage+1","Barrage+1","Parasite","Parasite","Parasite","Rainbow","Rainbow","Rainbow","Chill","Chill","Chill","Beam Cell+1","Beam Cell+1","Beam Cell+1","Decay","Decay","Decay","Turbo","Turbo","Turbo","Turbo","Turbo","Turbo","Fusion+1","Fusion+1","Fusion+1","Doubt","Doubt","Doubt","Defragment","Defragment","Defragment","Flash of Steel+1","Flash of Steel+1","Flash of Steel+1","Compile Driver+1","Compile Driver+1","Compile Driver+1","Turbo+1","Turbo+1","Turbo+1","Normality","Normality","Normality","Core Surge+1","Core Surge+1","Core Surge+1","Rip and Tear+1","Rip and Tear+1","Rip and Tear+1","Storm+1","Storm+1","Storm+1","Barrage+1","Barrage+1","Barrage+1","Ball Lightning+1","Ball Lightning+1","Ball Lightning+1","Storm","Storm","Storm","Decay","Decay","Decay","Barrage+1","Barrage+1","Barrage+1","Beam Cell+1","Beam Cell+1","Beam Cell+1","Conserve Battery+1","Conserve Battery+1","Conserve Battery+1","Writhe","Writhe","Writhe"],"max_hp_per_floor":[75,81,81,81,81,81,81,81,87,93,93,93,93,93,93,99,104,104,110,110,110,110,110,110,110,116,116,116,116,116,116,116,122,122,122,122,122,122,122,122,122,122,128,128,128,128,128,128,128,134],"special_seed":29952015251857,"relics":["Cursed Key","Darkstone Periapt","Du-Vu Doll","War Paint","Ancient Tea Set","Matryoshka","Molten Egg 2","Tiny House","Blue Candle","Anchor","Bag of Preparation","Letter Opener","Potion Belt","Tiny Chest","Whetstone","Sozu","Torii","Shuriken","Kunai","Vajra","Gremlin Horn"],"card_choices":[{"not_picked":["Cold Snap","Recycle"],"picked":"Capacitor","floor":0},{"not_picked":["Compile Driver","Auto Shields"],"picked":"Cold Snap","floor":0},{"not_picked":["Stack","Steam"],"picked":"Redo","floor":0},{"not_picked":["Beam Cell","Go for the Eyes"],"picked":"Redo","floor":0},{"not_picked":["Turbo","Rebound"],"picked":"Sweeping Beam","floor":0},{"not_picked":["Stack","Redo"],"picked":"Defragment","floor":0},{"not_picked":["Skim","Steam"],"picked":"Blizzard","floor":1},{"not_picked":["Tempest","Steam Power"],"picked":"Glacier","floor":4},{"not_picked":["Hologram","Barrage"],"picked":"Doom and Gloom","floor":6},{"not_picked":["Gash","Streamline","Stack"],"picked":"SKIP","floor":7},{"not_picked":["Reboot","Rebound"],"picked":"Capacitor","floor":11},{"not_picked":["Static Discharge","BootSequence","Sunder"],"picked":"SKIP","floor":12},{"not_picked":["Conserve Battery","Sunder","Redo"],"picked":"SKIP","floor":13},{"not_picked":["Leap","Turbo"],"picked":"Barrage+1","floor":14},{"not_picked":["Amplify","Seek"],"picked":"Rainbow","floor":16},{"not_picked":["Rip and Tear+1","Recycle"],"picked":"Chill","floor":17},{"not_picked":["Stack","Melter+1"],"picked":"Beam Cell+1","floor":18},{"not_picked":["Streamline+1","Redo"],"picked":"Turbo","floor":24},{"not_picked":["Ball Lightning+1","Heatsinks"],"picked":"Fusion+1","floor":25},{"not_picked":["Self Repair","Ball Lightning+1"],"picked":"Defragment","floor":28},{"not_picked":["Aggregate","Undo"],"picked":"Compile Driver+1","floor":30},{"not_picked":["Redo","Rip and Tear+1"],"picked":"Turbo+1","floor":31},{"not_picked":["Amplify","Echo Form"],"picked":"Core Surge+1","floor":33},{"not_picked":["Steam Power","Streamline+1","Gash+1"],"picked":"SKIP","floor":35},{"not_picked":["Turbo","Rebound+1"],"picked":"Rip and Tear+1","floor":36},{"not_picked":["Conserve Battery","Redo"],"picked":"Storm+1","floor":37},{"not_picked":["Compile Driver+1","Rebound+1"],"picked":"Barrage+1","floor":38},{"not_picked":["Scrape+1","Hologram"],"picked":"Ball Lightning+1","floor":41},{"not_picked":["Core Surge+1","Streamline+1","Lockon+1"],"picked":"SKIP","floor":44},{"not_picked":["Skim","Steam"],"picked":"Barrage+1","floor":45},{"not_picked":["Leap+1","Cold Snap+1"],"picked":"Beam Cell+1","floor":47},{"not_picked":["Lockon+1","Cold Snap+1"],"picked":"Conserve Battery+1","floor":48}],"player_experience":356836,"potions_floor_usage":[16,37,50],"damage_taken":[{"damage":2,"enemies":"2 Louse","floor":1,"turns":2},{"damage":20,"enemies":"Jaw Worm","floor":4,"turns":6},{"damage":3,"enemies":"3 Sentries","floor":6,"turns":4},{"damage":0,"enemies":"Cultist","floor":7,"turns":5},{"damage":6,"enemies":"Blue Slaver","floor":11,"turns":3},{"damage":11,"enemies":"Looter","floor":12,"turns":2},{"damage":11,"enemies":"Lagavulin","floor":13,"turns":7},{"damage":0,"enemies":"Gremlin Gang","floor":14,"turns":1},{"damage":23,"enemies":"The Guardian","floor":16,"turns":9},{"damage":15,"enemies":"Shell Parasite","floor":18,"turns":4},{"damage":8,"enemies":"Chosen","floor":24,"turns":3},{"damage":33,"enemies":"Book of Stabbing","floor":25,"turns":3},{"damage":21,"enemies":"Gremlin Leader","floor":28,"turns":4},{"damage":14,"enemies":"3 Cultists","floor":30,"turns":4},{"damage":0,"enemies":"Snake Plant","floor":31,"turns":2},{"damage":51,"enemies":"Automaton","floor":33,"turns":8},{"damage":0,"enemies":"Orb Walker","floor":35,"turns":1},{"damage":48,"enemies":"3 Shapes","floor":36,"turns":3},{"damage":42,"enemies":"Maw","floor":37,"turns":5},{"damage":2,"enemies":"4 Shapes","floor":38,"turns":2},{"damage":1,"floor":41,"turns":2},{"damage":18,"enemies":"3 Darklings","floor":44,"turns":3},{"damage":0,"enemies":"Sphere and 2 Shapes","floor":45,"turns":2},{"damage":12,"enemies":"4 Shapes","floor":47,"turns":2},{"damage":0,"enemies":"3 Darklings","floor":48,"turns":2},{"damage":113,"enemies":"Awakened One","floor":50,"turns":6}],"relics_obtained":[{"floor":6,"key":"Ancient Tea Set"},{"floor":9,"key":"Matryoshka"},{"floor":13,"key":"Molten Egg 2"},{"floor":25,"key":"Blue Candle"},{"floor":26,"key":"Anchor"},{"floor":26,"key":"Bag of Preparation"},{"floor":28,"key":"Letter Opener"},{"floor":41,"key":"Torii"},{"floor":43,"key":"Vajra"},{"floor":43,"key":"Gremlin Horn"}],"event_choices":[{"event_name":"Liars Game","player_choice":"agreed","floor":2,"damage_taken":0},{"event_name":"The Cleric","player_choice":"Healed","floor":3,"damage_taken":0},{"event_name":"Scrap Ooze","player_choice":"success","floor":5,"damage_taken":25},{"event_name":"Mushrooms","player_choice":"Healed and dodged fight","floor":10,"damage_taken":0},{"event_name":"Forgotten Altar","player_choice":"Smashed Altar","floor":19,"damage_taken":0},{"event_name":"The Library","player_choice":"Read","floor":20,"damage_taken":0},{"event_name":"Nest","player_choice":"Stole From Cult","floor":21,"damage_taken":0},{"event_name":"Back to Basics","player_choice":"Simplicity","floor":22,"damage_taken":0},{"event_name":"Tomb of Lord Red Mask","player_choice":"Ignored","floor":39,"damage_taken":0},{"event_name":"Mysterious Sphere","player_choice":"Fight","floor":41,"damage_taken":0}],"boss_relics":[{"not_picked":["Inserter","Lizard Tail"],"picked":"Tiny House"},{"not_picked":["Coffee Dripper","Snecko Eye"],"picked":"Sozu"}],"items_purged_floors":[],"is_endless":false,"potions_floor_spawned":[4,6,14,16,24,25,30,33,35,37,38,41],"seed_played":"6347680942334258729","ascension_level":3,"potions_obtained":[{"floor":4,"key":"Fire Potion"},{"floor":6,"key":"FearPotion"},{"floor":14,"key":"FocusPotion"},{"floor":16,"key":"LiquidBronze"},{"floor":30,"key":"LiquidBronze"},{"floor":33,"key":"PowerPotion"}],"is_trial":true}