{"gold_per_floor":[119,119,136,7,18,18,33,62,89,164,13,13,13,40,40,135,135,153,153],"floor_reached":19,"playtime":828,"items_purged":[],"score":201,"play_id":"efa32ef1-ef6b-4cc9-9e9e-f90fb8475561","local_time":"20190426120353","is_ascension_mode":true,"campfire_choices":[{"data":"True Grit","floor":6.0,"key":"SMITH"},{"data":"Rampage","floor":13.0,"key":"SMITH"},{"data":"Barricade","floor":15.0,"key":"SMITH"}],"neow_cost":"NONE","seed_source_timestamp":0,"circlet_count":0,"master_deck":["Strike_R","Strike_R","Strike_R","Strike_R","Defend_R","Defend_R","Defend_R","Defend_R","Bash","Entrench+1","Rampage+1","True Grit+1","Inflame","Good Instincts","Feel No Pain","Ghostly Armor","Warcry","Barricade+1","Berserk","Twin Strike+1"],"special_seed":0,"relics":["Black Blood","Vajra","Pen Nib","PreservedInsect","Happy Flower"],"potions_floor_usage":[18],"damage_taken":[{"damage":8.0,"enemies":"Jaw Worm","floor":1.0,"turns":4.0},{"damage":6.0,"enemies":"2 Louse","floor":3.0,"turns":3.0},{"damage":9.0,"enemies":"Small Slimes","floor":5.0,"turns":4.0},{"damage":1.0,"enemies":"3 Louse","floor":7.0,"turns":4.0},{"damage":22.0,"enemies":"Gremlin Nob","floor":8.0,"turns":5.0},{"damage":17.0,"enemies":"3 Sentries","floor":14.0,"turns":11.0},{"damage":6.0,"enemies":"Hexaghost","floor":16.0,"turns":18.0},{"damage":29,"enemies":"Shell Parasite","floor":18,"turns":7},{"damage":90,"enemies":"Masked Bandits","floor":19,"turns":3}],"seed_played":"-4486934762247083837","potions_obtained":[{"floor":1.0,"key":"Poison Potion"},{"floor":7.0,"key":"SpeedPotion"},{"floor":8.0,"key":"Regen Potion"},{"floor":16.0,"key":"AttackPotion"}],"is_trial":false,"path_per_floor":["M","?","M","$","M","R","M","E","T","?","$","?","R","E","R","B",null,"M","?"],"character_chosen":"IRONCLAD","items_purchased":["Inflame","Good Instincts","PreservedInsect"],"campfire_rested":0,"item_purchase_floors":[4,4,11],"current_hp_per_floor":[78,78,78,78,75,75,80,64,64,53,53,53,53,57,57,57,80,61,0],"gold":153,"neow_bonus":"TRANSFORM_CARD","is_prod":false,"is_daily":false,"chose_seed":false,"campfire_upgraded":3,"win_rate":0,"timestamp":1556294633,"path_taken":["M","?","M","$","M","R","M","E","T","?","?","?","R","E","R","BOSS","M","?"],"build_version":"2019-01-23","purchased_purges":0,"victory":false,"max_hp_per_floor":[80,80,80,80,80,80,80,80,80,80,80,80,80,80,80,80,80,80,80],"card_choices":[{"not_picked":["Havoc","Fire Breathing"],"picked":"Rampage","floor":1.0},{"not_picked":["Perfected Strike","Bloodletting"],"picked":"True Grit","floor":3.0},{"not_picked":["Whirlwind","Headbutt"],"picked":"Feel No Pain","floor":5.0},{"not_picked":["Clothesline","Armaments"],"picked":"Ghostly Armor","floor":7.0},{"not_picked":["Dual Wield","Anger"],"picked":"Warcry","floor":8.0},{"not_picked":["Sword Boomerang","Berserk"],"picked":"Barricade","floor":14.0},{"not_picked":["Dark Embrace","Brutality"],"picked":"Berserk","floor":16.0},{"not_picked":["Combust","Anger+1"],"picked":"Twin Strike+1","floor":18}],"player_experience":116908,"relics_obtained":[{"floor":8.0,"key":"Vajra"},{"floor":9.0,"key":"Pen Nib"},{"floor":14.0,"key":"Happy Flower"}],"event_choices":[{"damage_healed":0.0,"max_hp_gain":0.0,"max_hp_loss":0.0,"gold_gain":0.0,"event_name":"Golden Wing","player_choice":"Ignored","floor":2.0,"gold_loss":0.0,"damage_taken":0.0},{"damage_healed":0.0,"max_hp_gain":0.0,"max_hp_loss":0.0,"gold_gain":75.0,"event_name":"World of Goop","player_choice":"Gather Gold","floor":10.0,"gold_loss":0.0,"damage_taken":11.0},{"damage_healed":0.0,"max_hp_gain":0.0,"max_hp_loss":0.0,"gold_gain":0.0,"event_name":"Living Wall","player_choice":"Grow","floor":12.0,"gold_loss":0.0,"damage_taken":0.0,"cards_upgraded":["Entrench"]},{"damage_healed":0,"gold_gain":0,"player_choice":"Fought Bandits","damage_taken":0,"max_hp_gain":0,"max_hp_loss":0,"event_name":"Masked Bandits","floor":19,"gold_loss":0}],"is_beta":false,"boss_relics":[{"not_picked":["Pandora\u0027s Box","Mark of Pain"],"picked":"Black Blood"}],"items_purged_floors":[],"is_endless":false,"potions_floor_spawned":[1,7,8,16],"killed_by":"Masked Bandits","ascension_level":3}