{"gold_per_floor":[114,114,114,40,55,85,85,9,9,27,45,45,65,52,52,153,153,133,145,145,75,75,75,75],"floor_reached":24,"playtime":608,"items_purged":[],"score":254,"play_id":"6872ed8e-ee2b-482a-9826-189cbadf806c","local_time":"20190514084744","is_ascension_mode":true,"campfire_choices":[{"data":"Catalyst","floor":7,"key":"SMITH"},{"data":"Catalyst","floor":15,"key":"SMITH"},{"data":"Adrenaline","floor":23,"key":"SMITH"}],"neow_cost":"NONE","seed_source_timestamp":489194377377400,"circlet_count":0,"master_deck":["Defend_G","Defend_G","Defend_G","Defend_G","Strike_G","Strike_G","Strike_G","Survivor","Neutralize","Deadly Poison","Cloak And Dagger","Catalyst+1","Cloak And Dagger","Bouncing Flask","Catalyst+1","Poisoned Stab","Deadly Poison","Tactician","Deflect","After Image","Adrenaline+1","Flying Knee","Bane","Noxious Fumes"],"relics":["Ring of the Snake","NeowsBlessing","StoneCalendar","WristBlade","Prayer Wheel"],"potions_floor_usage":[16,24],"damage_taken":[{"damage":0,"enemies":"Jaw Worm","floor":1,"turns":1},{"damage":0,"enemies":"Small Slimes","floor":5,"turns":1},{"damage":0,"enemies":"3 Sentries","floor":6,"turns":1},{"damage":0,"enemies":"Cultist","floor":10,"turns":3},{"damage":3,"enemies":"Blue Slaver","floor":11,"turns":2},{"damage":0,"enemies":"Red Slaver","floor":13,"turns":2},{"damage":14,"enemies":"Exordium Thugs","floor":14,"turns":4},{"damage":5,"enemies":"The Guardian","floor":16,"turns":7},{"damage":11,"enemies":"2 Thieves","floor":18,"turns":4},{"damage":6,"enemies":"3 Byrds","floor":19,"turns":5},{"damage":53,"enemies":"Gremlin Leader","floor":24,"turns":5}],"seed_played":"5842902473281667788","potions_obtained":[{"floor":5,"key":"FearPotion"},{"floor":10,"key":"Strength Potion"},{"floor":11,"key":"SkillPotion"},{"floor":19,"key":"PowerPotion"}],"is_trial":false,"path_per_floor":["M","?","?","$","M","E","R","$","T","M","M","?","M","M","R","B",null,"M","M","?","$","?","R","E"],"character_chosen":"THE_SILENT","items_purchased":["Catalyst","Catalyst","Noxious Fumes"],"campfire_rested":0,"item_purchase_floors":[4,8,21],"current_hp_per_floor":[70,70,70,70,70,70,70,70,70,70,67,67,67,53,53,48,70,59,53,53,53,53,53,0],"gold":75,"neow_bonus":"THREE_ENEMY_KILL","is_prod":false,"is_daily":false,"chose_seed":false,"campfire_upgraded":3,"win_rate":0,"timestamp":1557838064,"path_taken":["M","?","?","$","M","E","R","$","T","M","?","?","?","M","R","BOSS","M","M","?","$","?","R","E"],"build_version":"2019-01-23","purchased_purges":0,"victory":false,"max_hp_per_floor":[70,70,70,70,70,70,70,70,70,70,70,70,70,70,70,70,70,70,70,70,70,70,70,70],"card_choices":[{"not_picked":["Sucker Punch","Dagger Throw"],"picked":"Deadly Poison","floor":1},{"not_picked":["Deflect","Sucker Punch"],"picked":"Cloak And Dagger","floor":5},{"not_picked":["Finisher","Accuracy"],"picked":"Bouncing Flask","floor":6},{"not_picked":["Accuracy","Dagger Spray"],"picked":"Poisoned Stab","floor":10},{"not_picked":["Outmaneuver","Dash"],"picked":"Deadly Poison","floor":11},{"not_picked":["Quick Slash","Caltrops"],"picked":"Deflect","floor":13},{"not_picked":["Distraction","Caltrops"],"picked":"After Image","floor":14},{"not_picked":["Unload","Wraith Form v2"],"picked":"Adrenaline","floor":16},{"not_picked":["Quick Slash","Masterful Stab+1"],"picked":"Flying Knee","floor":18},{"not_picked":["Slice","Flechettes+1"],"picked":"Bane","floor":19}],"player_experience":183082,"relics_obtained":[{"floor":6,"key":"StoneCalendar"}],"event_choices":[{"damage_healed":0,"gold_gain":0,"cards_transformed":["Defend_G"],"player_choice":"Change","damage_taken":0,"max_hp_gain":0,"max_hp_loss":0,"event_name":"Living Wall","floor":2,"gold_loss":0,"cards_obtained":["Cloak And Dagger"]},{"cards_removed":["Strike_G"],"damage_healed":0,"gold_gain":0,"player_choice":"Purged","damage_taken":0,"max_hp_gain":0,"max_hp_loss":0,"event_name":"Purifier","floor":3,"gold_loss":0},{"damage_healed":0,"gold_gain":0,"cards_transformed":["Strike_G"],"player_choice":"Transformed","damage_taken":0,"max_hp_gain":0,"max_hp_loss":0,"event_name":"Transmorgrifier","floor":12,"gold_loss":0,"cards_obtained":["Tactician"]},{"damage_healed":0,"gold_gain":0,"player_choice":"Ignored","damage_taken":0,"max_hp_gain":0,"max_hp_loss":0,"event_name":"Ghosts","floor":20,"gold_loss":0},{"damage_healed":0,"gold_gain":0,"player_choice":"Opened","damage_taken":0,"relics_obtained":["Prayer Wheel"],"max_hp_gain":0,"max_hp_loss":0,"event_name":"The Mausoleum","floor":22,"gold_loss":0}],"is_beta":false,"boss_relics":[{"not_picked":["Philosopher\u0027s Stone","Ectoplasm"],"picked":"WristBlade"}],"items_purged_floors":[],"is_endless":false,"potions_floor_spawned":[5,10,11,19],"killed_by":"Gremlin Leader","ascension_level":3}