{"gold_per_floor":[212,212,212,229,240,240,270,283,308,308,324,324,3,34,34,34],"floor_reached":16,"playtime":964,"items_purged":["Strike_G"],"score":220,"play_id":"48a96fbe-eb15-43c6-9610-e1fc139e7089","local_time":"20181113163045","is_ascension_mode":true,"campfire_choices":[{"data":"Neutralize","floor":6,"key":"SMITH"},{"floor":10,"key":"REST"},{"data":"Noxious Fumes","floor":12,"key":"SMITH"},{"floor":15,"key":"REST"}],"neow_cost":"NONE","seed_source_timestamp":1412849110348833,"circlet_count":0,"master_deck":["AscendersBane","Defend_G","Defend_G","Defend_G","Defend_G","Defend_G","Strike_G","Strike_G","Strike_G","Strike_G","Survivor","Neutralize+1","Backflip","Flying Knee","Unload","PiercingWail","Deadly Poison","Noxious Fumes+1","Well Laid Plans","Dash"],"relics":["Ring of the Snake","Orichalcum","Happy Flower","Dream Catcher","Bronze Scales","Smiling Mask"],"potions_floor_usage":[7,7,16,16],"damage_taken":[{"damage":13,"enemies":"Jaw Worm","floor":1,"turns":5},{"damage":0,"enemies":"Cultist","floor":4,"turns":4},{"damage":0,"enemies":"2 Louse","floor":5,"turns":2},{"damage":24,"enemies":"Gremlin Nob","floor":7,"turns":5},{"damage":0,"enemies":"2 Fungi Beasts","floor":8,"turns":4},{"damage":0,"enemies":"Blue Slaver","floor":11,"turns":4},{"damage":4,"enemies":"Lagavulin","floor":14,"turns":6},{"damage":35,"enemies":"Slime Boss","floor":16,"turns":9}],"seed_played":"8339233897037171891","potions_obtained":[{"floor":3,"key":"Block Potion"},{"floor":3,"key":"Regen Potion"},{"floor":8,"key":"Swift Potion"},{"floor":11,"key":"SpeedPotion"}],"is_trial":false,"path_per_floor":["M","?","?","M","M","R","E","M","T","R","M","R","$","E","R","B"],"character_chosen":"THE_SILENT","items_purchased":["Bronze Scales","Well Laid Plans"],"campfire_rested":2,"item_purchase_floors":[13,13],"current_hp_per_floor":[46,11,11,11,11,11,1,1,1,20,20,20,20,16,35,0],"gold":34,"neow_bonus":"HUNDRED_GOLD","is_prod":false,"is_daily":false,"chose_seed":false,"campfire_upgraded":2,"win_rate":0,"timestamp":1542144645,"path_taken":["M","?","?","M","M","R","E","M","T","R","M","R","$","E","R","BOSS"],"build_version":"2018-11-12","purchased_purges":1,"victory":false,"max_hp_per_floor":[66,66,66,66,66,66,66,66,66,66,66,66,66,66,66,66],"card_choices":[{"not_picked":["Blade Dance","Acrobatics"],"picked":"Backflip","floor":1},{"not_picked":["Calculated Gamble","Cloak And Dagger"],"picked":"Flying Knee","floor":4},{"not_picked":["Poisoned Stab","Choke"],"picked":"Unload","floor":5},{"not_picked":["Skewer","Eviscerate"],"picked":"PiercingWail","floor":7},{"not_picked":["Escape Plan","Distraction"],"picked":"Deadly Poison","floor":8},{"not_picked":["Calculated Gamble","Dagger Throw"],"picked":"Noxious Fumes","floor":11},{"not_picked":["Sucker Punch","Distraction","Deflect"],"picked":"SKIP","floor":14},{"not_picked":["Finisher","PiercingWail"],"picked":"Dash","floor":15}],"player_experience":951613,"relics_obtained":[{"floor":7,"key":"Happy Flower"},{"floor":9,"key":"Dream Catcher"},{"floor":14,"key":"Smiling Mask"}],"event_choices":[{"damage_healed":0,"gold_gain":0,"player_choice":"Success","damage_taken":35,"relics_obtained":["Orichalcum"],"max_hp_gain":0,"max_hp_loss":0,"event_name":"Scrap Ooze","floor":2,"gold_loss":0},{"damage_healed":0,"gold_gain":0,"player_choice":"Got Potions","damage_taken":0,"max_hp_gain":0,"max_hp_loss":0,"event_name":"Lab","floor":3,"gold_loss":0}],"is_beta":true,"boss_relics":[],"items_purged_floors":[13],"is_endless":false,"potions_floor_spawned":[4,5,8,11],"killed_by":"Slime Boss","ascension_level":20}