{"gold_per_floor":[110,124,124,134,149,149,179,179,179,192,205,236,251,261,261,365,365,381,381,391,411,411,411,439,450,450,450],"floor_reached":27,"playtime":1957,"items_purged":[],"score":249,"play_id":"c77fc226-fe73-4815-a14c-f69a47ddd7b7","local_time":"20190330092648","is_ascension_mode":false,"campfire_choices":[{"data":"Anger","floor":6,"key":"SMITH"},{"data":"Shrug It Off","floor":15,"key":"SMITH"},{"data":"Dual Wield","floor":23,"key":"SMITH"}],"neow_cost":"NONE","seed_source_timestamp":601967219488500,"circlet_count":0,"master_deck":["Strike_R","Strike_R","Strike_R","Strike_R","Defend_R","Defend_R","Defend_R","Defend_R","Bash","Dropkick","Anger+1","Thunderclap","Shrug It Off+1","Dual Wield+1","Feel No Pain","Headbutt","Burning Pact","Iron Wave","True Grit","Offering","Hemokinesis+1","Combust","Flex","Rage","Heavy Blade+1"],"relics":["Burning Blood","Ancient Tea Set","Meat on the Bone","Omamori","Thread and Needle","Runic Pyramid","Bottled Lightning","FossilizedHelix"],"potions_floor_usage":[16,16,24,25],"damage_taken":[{"damage":1,"enemies":"2 Louse","floor":1,"turns":4},{"damage":1,"enemies":"Cultist","floor":2,"turns":3},{"damage":5,"enemies":"Small Slimes","floor":4,"turns":3},{"damage":16,"enemies":"Red Slaver","floor":5,"turns":3},{"damage":15,"enemies":"Gremlin Nob","floor":7,"turns":4},{"damage":0,"enemies":"2 Fungi Beasts","floor":10,"turns":2},{"damage":7,"enemies":"Blue Slaver","floor":11,"turns":3},{"damage":44,"enemies":"Lagavulin","floor":12,"turns":7},{"damage":4,"enemies":"Lots of Slimes","floor":13,"turns":4},{"damage":6,"enemies":"2 Fungi Beasts","floor":14,"turns":4},{"damage":19,"enemies":"Slime Boss","floor":16,"turns":12},{"damage":17,"enemies":"3 Byrds","floor":18,"turns":6},{"damage":14,"enemies":"Chosen","floor":20,"turns":5},{"damage":45,"enemies":"Centurion and Healer","floor":21,"turns":7},{"damage":29,"enemies":"Slavers","floor":24,"turns":5},{"damage":14,"enemies":"Snake Plant","floor":25,"turns":6},{"damage":41,"enemies":"Shelled Parasite and Fungi","floor":27,"turns":5}],"seed_played":"1056566962445948908","potions_obtained":[{"floor":4,"key":"AttackPotion"},{"floor":5,"key":"BloodPotion"},{"floor":10,"key":"SteroidPotion"},{"floor":11,"key":"Weak Potion"},{"floor":18,"key":"Ancient Potion"},{"floor":21,"key":"GamblersBrew"},{"floor":24,"key":"Block Potion"}],"is_trial":false,"path_per_floor":["M","M","$","M","M","R","E","?","T","M","M","E","M","M","R","B",null,"M","?","M","M","?","R","E","M","T","M"],"character_chosen":"IRONCLAD","items_purchased":[],"campfire_rested":0,"item_purchase_floors":[],"current_hp_per_floor":[80,80,80,80,70,70,61,61,61,67,66,40,54,54,54,53,80,69,74,66,39,39,39,36,40,40,0],"gold":450,"neow_bonus":"TRANSFORM_CARD","is_prod":false,"is_daily":false,"chose_seed":false,"campfire_upgraded":3,"win_rate":0,"timestamp":1553952408,"path_taken":["M","M","$","M","M","R","E","?","T","M","?","E","M","M","R","BOSS","M","?","M","?","?","R","E","M","T","M"],"build_version":"2019-01-23","purchased_purges":0,"victory":false,"max_hp_per_floor":[80,80,80,80,80,80,80,80,80,80,80,80,80,80,80,80,80,80,80,80,80,80,80,80,80,80,80],"card_choices":[{"not_picked":["Wild Strike","Havoc"],"picked":"Anger","floor":1},{"not_picked":["Pommel Strike","Havoc"],"picked":"Thunderclap","floor":2},{"not_picked":["Flex","Perfected Strike"],"picked":"Body Slam","floor":4},{"not_picked":["Impervious","Sever Soul"],"picked":"Shrug It Off","floor":5},{"not_picked":["Havoc","Shockwave"],"picked":"Dual Wield","floor":7},{"not_picked":["Heavy Blade","Sentinel"],"picked":"Feel No Pain","floor":10},{"not_picked":["Dropkick","Clash"],"picked":"Headbutt","floor":11},{"not_picked":["Thunderclap","Flex"],"picked":"Burning Pact","floor":12},{"not_picked":["Clothesline","Sever Soul"],"picked":"Iron Wave","floor":13},{"not_picked":["Wild Strike","Iron Wave"],"picked":"True Grit","floor":14},{"not_picked":["Bludgeon","Double Tap"],"picked":"Offering","floor":16},{"not_picked":["Shrug It Off","Wild Strike"],"picked":"Hemokinesis+1","floor":18},{"not_picked":["Hemokinesis","True Grit"],"picked":"Combust","floor":20},{"not_picked":["Headbutt","Rage"],"picked":"Flex","floor":21},{"not_picked":["Heavy Blade","Pummel"],"picked":"Rage","floor":24},{"not_picked":["Ghostly Armor","True Grit"],"picked":"Heavy Blade+1","floor":25}],"player_experience":43562,"relics_obtained":[{"floor":7,"key":"Ancient Tea Set"},{"floor":8,"key":"Meat on the Bone"},{"floor":9,"key":"Omamori"},{"floor":12,"key":"Thread and Needle"},{"floor":24,"key":"Bottled Lightning"},{"floor":26,"key":"FossilizedHelix"}],"event_choices":[{"damage_healed":0,"gold_gain":0,"player_choice":"Relic","damage_taken":0,"max_hp_gain":0,"max_hp_loss":0,"event_name":"Wheel of Change","floor":8,"gold_loss":0},{"cards_removed":["Body Slam"],"damage_healed":5,"gold_gain":0,"player_choice":"Offered Common","damage_taken":0,"max_hp_gain":0,"max_hp_loss":0,"event_name":"Bonfire Elementals","floor":19,"gold_loss":0},{"cards_removed":["Body Slam"],"damage_healed":5,"gold_gain":0,"player_choice":"Offered Special","damage_taken":0,"max_hp_gain":0,"max_hp_loss":0,"event_name":"Bonfire Elementals","floor":19,"gold_loss":0},{"damage_healed":0,"gold_gain":0,"player_choice":"Ignored","damage_taken":0,"max_hp_gain":0,"max_hp_loss":0,"event_name":"Beggar","floor":22,"gold_loss":0}],"is_beta":false,"boss_relics":[{"not_picked":["Velvet Choker","Busted Crown"],"picked":"Runic Pyramid"}],"items_purged_floors":[],"is_endless":false,"potions_floor_spawned":[4,5,10,11,18,21,24],"killed_by":"Shelled Parasite and Fungi","ascension_level":0}