{"gold_per_floor":[15,25,25,25,25,25,59,59,59,59,59,59,70,104,104,180,180,190,190,207,221,83,83,83,33,60,72,102,169,181,207,219,304,316,339,301,321,340,340,340],"floor_reached":40,"playtime":3391,"items_purged":["Strike_B","Strike_B","Strike_B"],"score":824,"play_id":"f3da7558-717e-49e4-9475-662e79310f10","local_time":"20181119170215","is_ascension_mode":true,"campfire_choices":[{"data":"Zap","floor":6,"key":"SMITH"},{"data":"Strike_B","floor":8,"key":"PURGE"},{"data":"Conserve Battery","floor":10,"key":"SMITH"},{"floor":12,"key":"REST"},{"data":"Defend_B","floor":15,"key":"SMITH"},{"floor":23,"key":"REST"},{"data":"Go for the Eyes","floor":27,"key":"SMITH"},{"floor":30,"key":"REST"},{"floor":32,"key":"REST"}],"neow_cost":"NO_GOLD","seed_source_timestamp":420683400696447,"circlet_count":0,"master_deck":["AscendersBane","Defend_B","Defend_B","Defend_B","Defend_B+1","Zap+1","Dualcast","Ball Lightning","Conserve Battery+1","Electrodynamics+1","Hello World+1","All For One","Coolheaded","Steam","Go for the Eyes+1","Hologram","Undo","Leap+1","Auto Shields+1","Loop+1","Seek","Coolheaded+1","Biased Cognition+1","Undo+1","Consume+1"],"relics":["Cracked Core","Peace Pipe","StoneCalendar","Frozen Egg 2","Smiling Mask","Orrery","MawBank","Tiny Chest","Snecko Eye","Bottled Tornado"],"potions_floor_usage":[12,20,33],"damage_taken":[{"damage":0,"enemies":"Cultist","floor":1,"turns":3},{"damage":2,"enemies":"2 Louse","floor":2,"turns":2},{"damage":31,"enemies":"Gremlin Nob","floor":7,"turns":4},{"damage":0,"enemies":"Jaw Worm","floor":13,"turns":2},{"damage":20,"enemies":"Lagavulin","floor":14,"turns":5},{"damage":19,"enemies":"Hexaghost","floor":16,"turns":8},{"damage":21,"enemies":"3 Byrds","floor":18,"turns":4},{"damage":1,"enemies":"Shell Parasite","floor":20,"turns":7},{"damage":0,"enemies":"3 Cultists","floor":21,"turns":5},{"damage":4,"enemies":"Snecko","floor":28,"turns":7},{"damage":24,"enemies":"Slavers","floor":29,"turns":4},{"damage":26,"enemies":"Cultist and Chosen","floor":31,"turns":5},{"damage":38,"enemies":"Collector","floor":33,"turns":12},{"damage":6,"enemies":"Orb Walker","floor":35,"turns":3},{"damage":24,"enemies":"3 Darklings","floor":37,"turns":4},{"damage":2,"enemies":"4 Shapes","floor":38,"turns":5},{"damage":59,"enemies":"Giant Head","floor":40,"turns":10}],"seed_played":"7215340373255883115","potions_obtained":[{"floor":2,"key":"Fruit Juice"},{"floor":13,"key":"Explosive Potion"},{"floor":14,"key":"FocusPotion"},{"floor":18,"key":"Swift Potion"},{"floor":31,"key":"SteroidPotion"},{"floor":33,"key":"SpeedPotion"},{"floor":37,"key":"Ancient Potion"}],"is_trial":false,"path_per_floor":["M","M","?","?","T","R","E","R","T","R","?","R","M","E","R","B",null,"M","?","M","M","$","R","?","$","T","R","M","E","R","M","R","B",null,"M","$","M","M","T","E"],"character_chosen":"DEFECT","items_purchased":["Loop+1"],"campfire_rested":4,"item_purchase_floors":[22],"current_hp_per_floor":[64,62,62,62,62,62,31,31,31,31,13,40,40,20,20,1,57,36,36,35,35,35,57,57,57,57,57,53,29,51,25,47,9,59,53,53,29,27,27,0],"gold":340,"neow_bonus":"ONE_RARE_RELIC","is_prod":false,"is_daily":false,"chose_seed":false,"campfire_upgraded":4,"win_rate":0,"timestamp":1542664935,"path_taken":["M","M","?","?","?","R","E","R","T","R","?","R","M","E","R","BOSS","M","?","M","M","$","R","?","?","T","R","M","E","R","M","R","BOSS","M","$","M","M","?","E"],"build_version":"2018-11-15","purchased_purges":3,"victory":false,"max_hp_per_floor":[71,71,71,71,71,71,71,71,71,71,71,76,76,76,76,76,76,76,76,76,76,76,76,76,76,76,76,76,76,76,76,76,76,76,76,76,76,76,76,76],"card_choices":[{"not_picked":["Hologram","Rebound"],"picked":"Ball Lightning","floor":1},{"not_picked":["Redo","Fusion","Heatsinks"],"picked":"SKIP","floor":2},{"not_picked":["Compile Driver","Turbo"],"picked":"Conserve Battery","floor":7},{"not_picked":["Sweeping Beam","Compile Driver"],"picked":"Electrodynamics+1","floor":13},{"not_picked":["Chaos","White Noise"],"picked":"Hello World+1","floor":14},{"not_picked":["Core Surge","Hyperbeam"],"picked":"All For One","floor":16},{"not_picked":["Ball Lightning","Sunder"],"picked":"Coolheaded","floor":17},{"not_picked":["Conserve Battery","Barrage"],"picked":"Steam","floor":17},{"not_picked":["Barrage","Ball Lightning"],"picked":"Go for the Eyes","floor":17},{"not_picked":["Redo","Heatsinks+1"],"picked":"Hologram","floor":17},{"not_picked":["Leap","Rebound"],"picked":"Undo","floor":17},{"not_picked":["Turbo","Doom and Gloom"],"picked":"Leap+1","floor":18},{"not_picked":["Scrape","Aggregate"],"picked":"Auto Shields+1","floor":20},{"not_picked":["Hologram","Storm+1","Fusion"],"picked":"SKIP","floor":21},{"not_picked":["Go for the Eyes","Conserve Battery","Hologram"],"picked":"SKIP","floor":28},{"not_picked":["Loop+1","Go for the Eyes"],"picked":"Seek","floor":29},{"not_picked":["Rebound","Redo"],"picked":"Coolheaded+1","floor":31},{"not_picked":["Seek","Core Surge"],"picked":"Biased Cognition+1","floor":33},{"not_picked":["Reprogram+1","Streamline","Blizzard"],"picked":"SKIP","floor":35},{"not_picked":["Go for the Eyes","Steam"],"picked":"Undo+1","floor":37},{"not_picked":["Barrage","Hologram"],"picked":"Consume+1","floor":38}],"player_experience":990361,"relics_obtained":[{"floor":5,"key":"StoneCalendar"},{"floor":14,"key":"Smiling Mask"},{"floor":26,"key":"MawBank"},{"floor":29,"key":"Tiny Chest"},{"floor":39,"key":"Bottled Tornado"}],"event_choices":[{"damage_healed":0,"gold_gain":0,"player_choice":"Ignored","damage_taken":0,"max_hp_gain":0,"max_hp_loss":0,"event_name":"Liars Game","floor":3,"gold_loss":0},{"damage_healed":0,"gold_gain":0,"player_choice":"Leave","damage_taken":0,"max_hp_gain":0,"max_hp_loss":0,"event_name":"The Cleric","floor":4,"gold_loss":0},{"damage_healed":0,"gold_gain":0,"player_choice":"Success","damage_taken":18,"relics_obtained":["Frozen Egg 2"],"max_hp_gain":0,"max_hp_loss":0,"event_name":"Scrap Ooze","floor":11,"gold_loss":0},{"damage_healed":0,"gold_gain":0,"player_choice":"Ignored","damage_taken":0,"max_hp_gain":0,"max_hp_loss":0,"event_name":"The Mausoleum","floor":19,"gold_loss":0}],"is_beta":true,"boss_relics":[{"not_picked":["FrozenCore","Lizard Tail"],"picked":"Orrery"},{"not_picked":["Inserter","Empty Cage"],"picked":"Snecko Eye"}],"items_purged_floors":[22,25,36],"is_endless":false,"potions_floor_spawned":[2,13,14,18,31,33,37],"killed_by":"Giant Head","ascension_level":20}