{"gold_per_floor":[109,109,129,141,66,66,100,175,175,175,190,190,216,216,216,294,294,313,329,347,347,78,78,94,94,94,124,124,124,153,167,167,241,241,260,260,260,280,280,311,311,338,390,407,441,541,1,334,334,334,334,334,334,46,77,77],"floor_reached":57,"playtime":2973,"items_purged":["Strike_R","Strike_R","Strike_R"],"score":3188,"play_id":"85c6227a-7f41-42f0-bc2a-fa139495a7b1","local_time":"20181223122236","is_ascension_mode":true,"campfire_choices":[{"data":"Uppercut","floor":6.0,"key":"SMITH"},{"floor":10.0,"key":"REST"},{"data":"Whirlwind","floor":12.0,"key":"SMITH"},{"data":"1","floor":15.0,"key":"LIFT"},{"data":"2","floor":23.0,"key":"LIFT"},{"data":"3","floor":25.0,"key":"LIFT"},{"data":"Disarm","floor":29.0,"key":"SMITH"},{"data":"Limit Break","floor":32,"key":"SMITH"},{"data":"Battle Trance","floor":41,"key":"SMITH"},{"floor":49,"key":"RECALL"},{"data":"Battle Trance","floor":53,"key":"SMITH"}],"neow_cost":"NONE","seed_source_timestamp":323782739384389,"circlet_count":0,"master_deck":["AscendersBane","Defend_R","Defend_R","Defend_R+1","Defend_R","Bash+1","Shrug It Off","Battle Trance+1","Uppercut+1","Clothesline","Whirlwind+1","Disarm+1","Limit Break+1","Corruption+1","Havoc+1","Headbutt","Limit Break","Exhume","Impervious+1","Feel No Pain","Heavy Blade+1","Battle Trance+1","Limit Break"],"special_seed":0,"relics":["Burning Blood","Paper Frog","Girya","Coffee Dripper","FossilizedHelix","Ancient Tea Set","Gremlin Horn","Cursed Key","Self Forming Clay","Omamori","Bag of Marbles","War Paint","Du-Vu Doll","Gambling Chip","Brimstone","Old Coin","Bottled Flame"],"potions_floor_usage":[55],"damage_taken":[{"damage":9.0,"enemies":"Jaw Worm","floor":1.0,"turns":5.0},{"damage":4.0,"enemies":"Cultist","floor":3.0,"turns":4.0},{"damage":9.0,"enemies":"2 Louse","floor":4.0,"turns":3.0},{"damage":42.0,"enemies":"Lagavulin","floor":7.0,"turns":7.0},{"damage":8.0,"enemies":"Looter","floor":11.0,"turns":3.0},{"damage":0.0,"enemies":"Gremlin Nob","floor":13.0,"turns":3.0},{"damage":49.0,"enemies":"Hexaghost","floor":16.0,"turns":10.0},{"damage":13.0,"enemies":"2 Thieves","floor":18.0,"turns":3.0},{"damage":7.0,"enemies":"Chosen","floor":19.0,"turns":6.0},{"damage":7.0,"enemies":"3 Cultists","floor":20.0,"turns":3.0},{"damage":10.0,"enemies":"Snake Plant","floor":24.0,"turns":2.0},{"damage":11.0,"enemies":"Book of Stabbing","floor":27.0,"turns":3.0},{"damage":0.0,"enemies":"Gremlin Leader","floor":30.0,"turns":4.0},{"damage":0.0,"enemies":"Sentry and Sphere","floor":31.0,"turns":3.0},{"damage":29,"enemies":"Champ","floor":33,"turns":6},{"damage":0,"enemies":"3 Shapes","floor":35,"turns":6},{"damage":0,"enemies":"Orb Walker","floor":38,"turns":2},{"damage":43,"enemies":"Reptomancer","floor":40,"turns":3},{"damage":0,"enemies":"Giant Head","floor":42,"turns":4},{"damage":0,"enemies":"4 Shapes","floor":44,"turns":3},{"damage":1,"enemies":"Nemesis","floor":45,"turns":5},{"damage":0,"enemies":"Mind Bloom Boss Battle","floor":46,"turns":3},{"damage":0,"enemies":"Giant Head","floor":48,"turns":4},{"damage":0,"enemies":"Awakened One","floor":50,"turns":4},{"damage":13,"enemies":"Donu and Deca","floor":51,"turns":3},{"damage":7,"enemies":"Shield and Spear","floor":55,"turns":2},{"damage":69,"enemies":"The Heart","floor":56,"turns":7}],"seed_played":"1807156261746555720","potions_obtained":[{"floor":3.0,"key":"SteroidPotion"},{"floor":4.0,"key":"FearPotion"},{"floor":13.0,"key":"Explosive Potion"},{"floor":18.0,"key":"Block Potion"},{"floor":20.0,"key":"Block Potion"},{"floor":31.0,"key":"Block Potion"}],"is_trial":false,"path_per_floor":["M","?","M","M","$","R","E","?","T","R","M","R","E","?","R","B",null,"M","M","M","?","$","R","M","R","T","E","?","R","E","M","R","B",null,"M","?","T","M","?","E","R","E","T","M","E","?","$","E","R","B","B",null,"R","$","E","B",null],"character_chosen":"IRONCLAD","items_purchased":["Limit Break","Gambling Chip","Brimstone","Limit Break"],"campfire_rested":1,"item_purchase_floors":[22,47,47,54],"current_hp_per_floor":[72,72,74,71,71,71,35,24,24,48,46,46,52,52,52,9,64,57,56,55,55,55,55,51,51,51,46,41,41,47,53,53,30,69,75,75,75,81,81,44,44,50,50,56,61,67,67,73,73,79,72,80,80,80,79,16],"gold":77,"neow_bonus":"TEN_PERCENT_HP_BONUS","is_prod":false,"is_daily":false,"chose_seed":false,"campfire_upgraded":6,"win_rate":0,"timestamp":1545585756,"path_taken":["M","?","M","M","?","R","E","?","T","R","M","R","E","?","R","BOSS","M","?","M","?","$","R","M","R","T","E","?","R","E","?","R","BOSS","M","?","?","M","?","E","R","E","T","M","E","?","$","E","R","BOSS","BOSS","R","$","E","BOSS"],"build_version":"2018-12-20","purchased_purges":3,"victory":true,"max_hp_per_floor":[82,82,82,82,82,82,82,82,82,82,82,82,82,82,82,82,82,82,82,82,82,82,82,82,82,82,82,82,82,82,82,82,82,82,82,82,82,82,82,82,82,82,82,82,82,82,82,82,82,82,82,82,82,82,82,82],"card_choices":[{"not_picked":["Infernal Blade","Intimidate"],"picked":"Shrug It Off","floor":1.0},{"not_picked":["Clothesline","Sword Boomerang"],"picked":"Battle Trance","floor":3.0},{"not_picked":["Second Wind","Iron Wave"],"picked":"Uppercut","floor":4.0},{"not_picked":["Flex","Carnage"],"picked":"Clothesline","floor":7.0},{"not_picked":["Pommel Strike","Intimidate"],"picked":"Whirlwind","floor":11.0},{"not_picked":["Combust","Flame Barrier"],"picked":"Disarm","floor":13.0},{"not_picked":["Exhume","Immolate"],"picked":"Limit Break","floor":16.0},{"not_picked":["Armaments","Cleave"],"picked":"Corruption+1","floor":18.0},{"not_picked":["Sword Boomerang","Clothesline"],"picked":"Havoc+1","floor":19.0},{"not_picked":["Blood for Blood+1","Clothesline","Flex"],"picked":"SKIP","floor":20.0},{"not_picked":["Burning Pact","Headbutt","Barricade"],"picked":"SKIP","floor":24.0},{"not_picked":["Infernal Blade","Clothesline+1"],"picked":"Exhume","floor":27.0},{"not_picked":["Clothesline","True Grit","Infernal Blade"],"picked":"SKIP","floor":30.0},{"not_picked":["Clothesline","True Grit","Infernal Blade"],"picked":"SKIP","floor":30.0},{"not_picked":["Inflame","Clash","Cleave+1"],"picked":"SKIP","floor":31.0},{"not_picked":["Barricade","Fiend Fire"],"picked":"Impervious","floor":33},{"not_picked":["Dual Wield","Rage","Seeing Red"],"picked":"SKIP","floor":35},{"not_picked":["Seeing Red+1","Iron Wave+1","Pummel+1"],"picked":"SKIP","floor":38},{"not_picked":["Headbutt","Shrug It Off"],"picked":"Feel No Pain","floor":40},{"not_picked":["Blood for Blood","Havoc"],"picked":"Heavy Blade+1","floor":42},{"not_picked":["Iron Wave","Spot Weakness","Clash"],"picked":"SKIP","floor":44},{"not_picked":["Juggernaut","Sword Boomerang"],"picked":"Battle Trance","floor":45},{"not_picked":["Cleave","Thunderclap","Fire Breathing"],"picked":"SKIP","floor":48},{"not_picked":["True Grit","Heavy Blade","Warcry"],"picked":"SKIP","floor":55}],"player_experience":1074629,"relics_obtained":[{"floor":7.0,"key":"Paper Frog"},{"floor":13.0,"key":"Girya"},{"floor":26.0,"key":"FossilizedHelix"},{"floor":27.0,"key":"Ancient Tea Set"},{"floor":30.0,"key":"Gremlin Horn"},{"floor":40,"key":"Self Forming Clay"},{"floor":42,"key":"Omamori"},{"floor":43,"key":"Bag of Marbles"},{"floor":45,"key":"War Paint"},{"floor":46,"key":"Du-Vu Doll"},{"floor":48,"key":"Old Coin"},{"floor":55,"key":"Bottled Flame"}],"event_choices":[{"damage_healed":0.0,"max_hp_gain":0.0,"max_hp_loss":0.0,"gold_gain":0.0,"event_name":"Accursed Blacksmith","player_choice":"Forge","floor":2.0,"gold_loss":0.0,"damage_taken":0.0,"cards_upgraded":["Bash"]},{"damage_healed":0.0,"max_hp_gain":0.0,"max_hp_loss":0.0,"gold_gain":75.0,"event_name":"World of Goop","player_choice":"Gather Gold","floor":8.0,"gold_loss":0.0,"damage_taken":11.0},{"cards_removed":["Strike_R"],"damage_healed":0.0,"max_hp_gain":0.0,"max_hp_loss":0.0,"gold_gain":0.0,"event_name":"Purifier","player_choice":"Purged","floor":14.0,"gold_loss":0.0,"damage_taken":0.0},{"damage_healed":0.0,"max_hp_gain":0.0,"max_hp_loss":0.0,"gold_gain":0.0,"event_name":"The Library","player_choice":"Read","floor":21.0,"gold_loss":0.0,"damage_taken":0.0,"cards_obtained":["Headbutt"]},{"damage_healed":0.0,"max_hp_gain":0.0,"max_hp_loss":0.0,"gold_gain":0.0,"event_name":"The Woman in Blue","player_choice":"Bought 0 Potions","floor":28.0,"gold_loss":0.0,"damage_taken":0.0},{"damage_healed":0,"gold_gain":0,"player_choice":"Ignored","damage_taken":0,"max_hp_gain":0,"max_hp_loss":0,"event_name":"Tomb of Lord Red Mask","floor":36,"gold_loss":0},{"cards_removed":["Strike_R"],"damage_healed":0,"gold_gain":0,"player_choice":"Removed Attack","damage_taken":0,"max_hp_gain":0,"max_hp_loss":0,"event_name":"Falling","floor":39,"gold_loss":0},{"damage_healed":0,"gold_gain":0,"player_choice":"Fight","damage_taken":0,"max_hp_gain":0,"max_hp_loss":0,"event_name":"MindBloom","floor":46,"gold_loss":0}],"is_beta":true,"boss_relics":[{"not_picked":["Eternal Feather","Mark of Pain"],"picked":"Coffee Dripper"},{"not_picked":["Tiny House","Sozu"],"picked":"Cursed Key"}],"items_purged_floors":[5,22,54],"is_endless":false,"potions_floor_spawned":[3,4,13,18,20,31,35,44,48],"ascension_level":20}