{"gold_per_floor":[117,38,54,54,68,68,98,171,246,274,291,291,304,304,304,405,405,415,415,428,353,369,369,379,379,379,396,396],"floor_reached":28,"playtime":837,"items_purged":["Strike_R"],"score":230,"play_id":"91c685df-f2fd-4e85-935c-afe885d78aee","local_time":"20190514162607","is_ascension_mode":false,"campfire_choices":[{"data":"Heavy Blade","floor":6,"key":"SMITH"},{"floor":15,"key":"REST"},{"floor":23,"key":"REST"},{"floor":25,"key":"REST"}],"neow_cost":"NONE","seed_source_timestamp":185091314892367,"circlet_count":0,"master_deck":["Strike_R","Strike_R","Strike_R","Strike_R","Defend_R","Defend_R","Defend_R","Defend_R","Bash","Pommel Strike","Inflame","Sword Boomerang","Heavy Blade+1","Corruption","Shrug It Off","Barricade","J.A.X.","Rage","Armaments+1","Spot Weakness+1"],"relics":["Burning Blood","Lantern","Blood Vial","Blue Candle","Bottled Lightning","Red Skull","Philosopher\u0027s Stone","Champion Belt"],"potions_floor_usage":[16,16],"damage_taken":[{"damage":4,"enemies":"Jaw Worm","floor":1,"turns":6},{"damage":10,"enemies":"Small Slimes","floor":3,"turns":4},{"damage":0,"enemies":"2 Louse","floor":5,"turns":3},{"damage":27,"enemies":"Gremlin Nob","floor":7,"turns":4},{"damage":40,"enemies":"3 Sentries","floor":10,"turns":6},{"damage":13,"enemies":"Exordium Wildlife","floor":11,"turns":4},{"damage":34,"enemies":"Gremlin Gang","floor":13,"turns":5},{"damage":32,"enemies":"Slime Boss","floor":16,"turns":8},{"damage":49,"enemies":"3 Byrds","floor":18,"turns":6},{"damage":34,"enemies":"2 Thieves","floor":20,"turns":4},{"damage":0,"enemies":"Snake Plant","floor":22,"turns":2},{"damage":23,"enemies":"Chosen and Byrds","floor":24,"turns":6},{"damage":42,"enemies":"Snecko","floor":27,"turns":5},{"damage":23,"enemies":"Book of Stabbing","floor":28,"turns":3}],"seed_played":"-1174464945479288398","potions_obtained":[{"floor":1,"key":"Fire Potion"},{"floor":7,"key":"Regen Potion"},{"floor":16,"key":"Explosive Potion"},{"floor":22,"key":"Ancient Potion"},{"floor":27,"key":"SteroidPotion"}],"is_trial":false,"path_per_floor":["M","$","M","$","M","R","E","?","T","E","M","?","M","?","R","B",null,"M","?","M","$","M","R","M","R","T","M","E"],"character_chosen":"IRONCLAD","items_purchased":["Inflame"],"campfire_rested":3,"item_purchase_floors":[2],"current_hp_per_floor":[80,80,76,76,80,80,59,59,59,27,22,48,22,19,43,34,80,37,37,11,11,19,43,28,52,52,18,0],"gold":396,"neow_bonus":"RANDOM_COMMON_RELIC","is_prod":false,"is_daily":false,"chose_seed":false,"campfire_upgraded":1,"win_rate":0,"timestamp":1557865567,"path_taken":["M","$","M","$","M","R","E","?","T","E","M","?","M","?","R","BOSS","M","?","M","$","M","R","M","R","T","M","E"],"build_version":"2019-01-23","purchased_purges":1,"victory":false,"max_hp_per_floor":[80,80,80,80,80,80,80,80,80,80,80,80,80,80,80,80,80,80,80,80,80,80,80,80,80,80,80,80],"card_choices":[{"not_picked":["Dual Wield","Flex"],"picked":"Pommel Strike","floor":1},{"not_picked":["Intimidate","Pommel Strike"],"picked":"Sword Boomerang","floor":3},{"not_picked":["Bloodletting","Body Slam"],"picked":"Heavy Blade","floor":5},{"not_picked":["Armaments","Warcry","Clash"],"picked":"SKIP","floor":7},{"not_picked":["Hemokinesis","Twin Strike"],"picked":"Corruption","floor":10},{"not_picked":["Iron Wave","Sentinel","True Grit"],"picked":"SKIP","floor":11},{"not_picked":["Rage","Rupture"],"picked":"Shrug It Off","floor":13},{"not_picked":["Feed","Juggernaut"],"picked":"Barricade","floor":16},{"not_picked":["Thunderclap+1","True Grit","Dual Wield"],"picked":"SKIP","floor":18},{"not_picked":["Anger","Seeing Red","Flex"],"picked":"SKIP","floor":20},{"not_picked":["Anger","Burning Pact"],"picked":"Rage","floor":22},{"not_picked":["Anger","Seeing Red"],"picked":"Armaments+1","floor":24},{"not_picked":["Iron Wave+1","True Grit+1"],"picked":"Spot Weakness+1","floor":27}],"player_experience":112823,"relics_obtained":[{"floor":7,"key":"Blood Vial"},{"floor":9,"key":"Blue Candle"},{"floor":10,"key":"Bottled Lightning"},{"floor":26,"key":"Champion Belt"}],"event_choices":[{"damage_healed":0,"gold_gain":73,"player_choice":"Gained Gold","damage_taken":0,"max_hp_gain":0,"max_hp_loss":0,"event_name":"Golden Wing","floor":8,"gold_loss":0},{"damage_healed":26,"gold_gain":0,"player_choice":"Banana","damage_taken":0,"max_hp_gain":0,"max_hp_loss":0,"event_name":"Big Fish","floor":12,"gold_loss":0},{"damage_healed":0,"gold_gain":0,"player_choice":"Success","damage_taken":3,"relics_obtained":["Red Skull"],"max_hp_gain":0,"max_hp_loss":0,"event_name":"Scrap Ooze","floor":14,"gold_loss":0},{"damage_healed":0,"gold_gain":0,"player_choice":"Obtain J.A.X.","damage_taken":0,"max_hp_gain":0,"max_hp_loss":0,"event_name":"Drug Dealer","floor":19,"gold_loss":0,"cards_obtained":["J.A.X."]}],"is_beta":false,"boss_relics":[{"not_picked":["Coffee Dripper","Runic Pyramid"],"picked":"Philosopher\u0027s Stone"}],"items_purged_floors":[21],"is_endless":false,"potions_floor_spawned":[1,7,16,22,27],"killed_by":"Book of Stabbing","ascension_level":0}