{"gold_per_floor":[214,226,50,50,50,50,88,88,88,144,158,158,196,217,217,312,312,336,38,38,63,78,78,103,103,103,103,117,161,173,204,216,228],"floor_reached":33,"playtime":1133,"items_purged":["Strike_R","Strike_R"],"score":495,"play_id":"b31fdf51-ae76-48bf-baa6-77136388aeb8","local_time":"20190420002650","is_ascension_mode":true,"campfire_choices":[{"data":"Pommel Strike","floor":6,"key":"SMITH"},{"floor":8,"key":"REST"},{"data":"Armaments","floor":12,"key":"SMITH"},{"data":"Rage","floor":15,"key":"SMITH"},{"floor":23,"key":"REST"},{"floor":25,"key":"REST"},{"floor":30,"key":"REST"},{"floor":32,"key":"REST"}],"neow_cost":"NONE","seed_source_timestamp":728826194367099,"circlet_count":0,"master_deck":["AscendersBane","Strike_R","Strike_R","Strike_R","Defend_R","Defend_R","Defend_R","Defend_R","Bash","Anger","Anger","Anger","Pommel Strike+1","Burning Pact","Armaments+1","Impervious","Rage+1","Double Tap+1","Inflame","Shrug It Off"],"relics":["Burning Blood","Omamori","Golden Idol","Mercury Hourglass","The Courier","PreservedInsect","Philosopher\u0027s Stone","Kunai","Mummified Hand","CultistMask","MawBank"],"potions_floor_usage":[16,18,24,29,29],"damage_taken":[{"damage":1,"enemies":"Cultist","floor":1,"turns":3},{"damage":2,"enemies":"Jaw Worm","floor":2,"turns":3},{"damage":50,"enemies":"3 Sentries","floor":7,"turns":8},{"damage":10,"enemies":"Small Slimes","floor":11,"turns":2},{"damage":25,"enemies":"Lagavulin","floor":13,"turns":4},{"damage":0,"enemies":"2 Fungi Beasts","floor":14,"turns":3},{"damage":16,"enemies":"Hexaghost","floor":16,"turns":8},{"damage":23,"enemies":"3 Byrds","floor":18,"turns":5},{"damage":9,"enemies":"Chosen","floor":21,"turns":4},{"damage":19,"enemies":"Sentry and Sphere","floor":22,"turns":6},{"damage":4,"enemies":"Cultist and Chosen","floor":24,"turns":6},{"damage":19,"enemies":"Shelled Parasite and Fungi","floor":28,"turns":4},{"damage":40,"enemies":"Book of Stabbing","floor":29,"turns":5},{"damage":33,"enemies":"Sentry and Sphere","floor":31,"turns":6},{"damage":85,"enemies":"Collector","floor":33,"turns":7}],"seed_played":"-2245355121833674304","potions_obtained":[{"floor":7,"key":"SteroidPotion"},{"floor":13,"key":"Swift Potion"},{"floor":22,"key":"AttackPotion"},{"floor":24,"key":"Weak Potion"},{"floor":28,"key":"SteroidPotion"},{"floor":31,"key":"SmokeBomb"}],"is_trial":false,"path_per_floor":["M","M","$","?","?","R","E","R","T","?","M","R","E","M","R","B",null,"M","$","?","M","M","R","M","R","T","?","M","E","R","M","R","B"],"character_chosen":"IRONCLAD","items_purchased":["Anger","Pommel Strike","Kunai"],"campfire_rested":5,"item_purchase_floors":[3,3,19],"current_hp_per_floor":[73,75,75,70,70,70,26,48,48,48,44,44,25,31,31,21,62,45,45,45,42,29,51,53,75,75,75,62,28,50,23,45,0],"gold":228,"neow_bonus":"HUNDRED_GOLD","is_prod":false,"is_daily":false,"chose_seed":false,"campfire_upgraded":3,"win_rate":0,"timestamp":1555730810,"path_taken":["M","?","?","?","?","R","E","R","T","?","M","R","E","M","R","BOSS","M","$","?","M","?","R","M","R","T","?","M","E","R","?","R","BOSS"],"build_version":"2019-01-23","purchased_purges":2,"victory":false,"max_hp_per_floor":[75,75,75,75,75,75,75,75,75,75,75,75,75,75,75,75,75,75,75,75,75,75,75,75,75,75,75,75,75,75,75,75,75],"card_choices":[{"not_picked":["Havoc","Pommel Strike"],"picked":"Anger","floor":1},{"not_picked":["Warcry","Second Wind"],"picked":"Anger","floor":2},{"not_picked":["Flame Barrier","Reckless Charge"],"picked":"Burning Pact","floor":7},{"not_picked":["Searing Blow","Headbutt"],"picked":"Armaments","floor":11},{"not_picked":["Cleave","Headbutt"],"picked":"Impervious","floor":13},{"not_picked":["Twin Strike","Sword Boomerang"],"picked":"Rage","floor":14},{"not_picked":["Fiend Fire","Dark Embrace"],"picked":"Double Tap","floor":16},{"not_picked":["Perfected Strike","Body Slam","Entrench"],"picked":"SKIP","floor":18},{"not_picked":["Heavy Blade","Sword Boomerang+1","Clash+1"],"picked":"SKIP","floor":21},{"not_picked":["Second Wind","Wild Strike","Clothesline"],"picked":"SKIP","floor":22},{"not_picked":["Twin Strike+1","Intimidate","Flex"],"picked":"SKIP","floor":24},{"not_picked":["Ghostly Armor","Havoc","Clash"],"picked":"SKIP","floor":28},{"not_picked":["Sword Boomerang","Reckless Charge"],"picked":"Inflame","floor":29},{"not_picked":["Feed","Corruption"],"picked":"Shrug It Off","floor":31}],"player_experience":1155393,"relics_obtained":[{"floor":7,"key":"Mercury Hourglass"},{"floor":9,"key":"The Courier"},{"floor":13,"key":"PreservedInsect"},{"floor":26,"key":"Mummified Hand"},{"floor":29,"key":"MawBank"}],"event_choices":[{"damage_healed":0,"gold_gain":0,"player_choice":"Success","damage_taken":5,"relics_obtained":["Omamori"],"max_hp_gain":0,"max_hp_loss":0,"event_name":"Scrap Ooze","floor":4,"gold_loss":0},{"damage_healed":0,"gold_gain":0,"player_choice":"Take Wound","damage_taken":0,"relics_obtained":["Golden Idol"],"max_hp_gain":0,"max_hp_loss":0,"event_name":"Golden Idol","floor":5,"gold_loss":0,"cards_obtained":["Injury"]},{"damage_healed":0,"gold_gain":56,"player_choice":"Gained Gold","damage_taken":0,"max_hp_gain":0,"max_hp_loss":0,"event_name":"Golden Wing","floor":10,"gold_loss":0},{"damage_healed":0,"gold_gain":0,"player_choice":"Upgraded","damage_taken":0,"max_hp_gain":0,"max_hp_loss":0,"event_name":"Upgrade Shrine","floor":20,"gold_loss":0,"cards_upgraded":["Double Tap"]},{"damage_healed":0,"gold_gain":0,"player_choice":"Trade","damage_taken":0,"relics_obtained":["CultistMask"],"max_hp_gain":0,"max_hp_loss":0,"event_name":"FaceTrader","floor":27,"gold_loss":0}],"is_beta":false,"boss_relics":[{"not_picked":["Lizard Tail","Orrery"],"picked":"Philosopher\u0027s Stone"}],"items_purged_floors":[3,19],"is_endless":false,"potions_floor_spawned":[7,13,14,22,24,28,31],"killed_by":"Collector","ascension_level":16}