{"gold_per_floor":[118,18,36,36,52,52,87,97,97,112,112,112,125,125,125,224,224,242,242,252,182,182,215,229,229,252,264,73,73,87,2,2,2],"floor_reached":33,"playtime":1365,"items_purged":[],"score":360,"play_id":"69ba8446-e5d6-404c-b0c8-4d56386dffa3","local_time":"20181229213658","is_ascension_mode":true,"campfire_choices":[{"floor":6,"key":"REST"},{"floor":11,"key":"REST"},{"floor":15,"key":"REST"},{"floor":25,"key":"REST"},{"floor":29,"key":"REST"},{"floor":32,"key":"REST"}],"neow_cost":"NONE","seed_source_timestamp":694636279581653,"circlet_count":0,"master_deck":["Strike_B","Strike_B","Strike_B","Strike_B","Defend_B","Defend_B","Defend_B","Defend_B","Zap","Dualcast","Blind+1","Skim","Genetic Algorithm","Beam Cell","FTL","Ball Lightning","Coolheaded","Coolheaded","FTL","Reinforced Body","Creative AI","Conserve Battery+1","Leap","Conserve Battery","Turbo","Genetic Algorithm","Tempest+1","Chill+1","Genetic Algorithm","Sweeping Beam+1"],"relics":["Cracked Core","StoneCalendar","Thread and Needle","Nuclear Battery","MutagenicStrength","Dead Branch","Art of War","DollysMirror","Sundial"],"potions_floor_usage":[23,24,27,33],"damage_taken":[{"damage":6,"enemies":"Cultist","floor":1,"turns":4},{"damage":8,"enemies":"2 Louse","floor":3,"turns":2},{"damage":11,"enemies":"Jaw Worm","floor":5,"turns":4},{"damage":27,"enemies":"Gremlin Nob","floor":7,"turns":4},{"damage":13,"enemies":"Exordium Thugs","floor":8,"turns":5},{"damage":9,"enemies":"3 Louse","floor":10,"turns":3},{"damage":0,"enemies":"Blue Slaver","floor":13,"turns":3},{"damage":21,"enemies":"Hexaghost","floor":16,"turns":12},{"damage":6,"enemies":"Shell Parasite","floor":18,"turns":7},{"damage":25,"enemies":"Chosen","floor":20,"turns":6},{"damage":28,"enemies":"Slavers","floor":23,"turns":7},{"damage":2,"enemies":"Shelled Parasite and Fungi","floor":24,"turns":7},{"damage":2,"enemies":"Snake Plant","floor":27,"turns":4},{"damage":16,"enemies":"Cultist and Chosen","floor":30,"turns":7},{"damage":65,"enemies":"Champ","floor":33,"turns":15}],"seed_played":"-6522360768517464663","potions_obtained":[{"floor":5,"key":"FearPotion"},{"floor":7,"key":"EssenceOfSteel"},{"floor":10,"key":"SpeedPotion"},{"floor":16,"key":"SteroidPotion"},{"floor":20,"key":"Fire Potion"},{"floor":24,"key":"EssenceOfSteel"},{"floor":30,"key":"Ancient Potion"}],"is_trial":false,"path_per_floor":["M","$","M","$","M","R","E","M","T","M","R","?","M","?","R","B",null,"M","?","M","$","?","E","M","R","T","M","$","R","M","?","R","B"],"character_chosen":"DEFECT","items_purchased":["Genetic Algorithm","Beam Cell","Conserve Battery","Turbo","DollysMirror"],"campfire_rested":6,"item_purchase_floors":[2,2,21,21,28],"current_hp_per_floor":[62,62,54,54,43,65,38,25,25,16,38,43,43,43,67,46,72,66,66,41,41,41,13,11,35,35,33,33,57,41,41,65,0],"gold":2,"neow_bonus":"RANDOM_COLORLESS","is_prod":false,"is_daily":false,"chose_seed":false,"campfire_upgraded":0,"win_rate":0,"timestamp":1546130218,"path_taken":["M","?","M","?","M","R","E","M","T","M","R","?","M","?","R","BOSS","M","?","M","?","?","E","M","R","T","M","$","R","?","?","R","BOSS"],"build_version":"2018-12-20","purchased_purges":0,"victory":false,"max_hp_per_floor":[75,75,75,75,75,75,75,75,75,75,75,80,80,80,80,80,80,80,80,80,80,80,80,80,80,80,80,80,80,80,80,80,80],"card_choices":[{"not_picked":["Redo","Ball Lightning"],"picked":"Skim","floor":1},{"not_picked":["Beam Cell","Hologram"],"picked":"FTL","floor":3},{"not_picked":["Compile Driver","Rebound"],"picked":"Ball Lightning","floor":5},{"not_picked":["Rip and Tear","Compile Driver"],"picked":"Coolheaded","floor":7},{"not_picked":["BootSequence","Hologram"],"picked":"Coolheaded","floor":8},{"not_picked":["Cold Snap","Compile Driver"],"picked":"FTL","floor":10},{"not_picked":["Fission","Reprogram"],"picked":"Reinforced Body","floor":13},{"not_picked":["Rainbow","Buffer"],"picked":"Creative AI","floor":16},{"not_picked":["Loop","Barrage"],"picked":"Conserve Battery+1","floor":18},{"not_picked":["Ball Lightning","Gash"],"picked":"Leap","floor":20},{"not_picked":["Storm","Blizzard"],"picked":"Genetic Algorithm","floor":23},{"not_picked":["Leap","Skim+1"],"picked":"Tempest+1","floor":24},{"not_picked":["Doom and Gloom+1","Conserve Battery"],"picked":"Chill+1","floor":27},{"not_picked":["Skim","Recycle"],"picked":"Sweeping Beam+1","floor":30}],"player_experience":567068,"relics_obtained":[{"floor":7,"key":"StoneCalendar"},{"floor":9,"key":"Thread and Needle"},{"floor":23,"key":"Dead Branch"},{"floor":26,"key":"Art of War"}],"event_choices":[{"damage_healed":0,"gold_gain":0,"player_choice":"Donut","damage_taken":0,"max_hp_gain":5,"max_hp_loss":0,"event_name":"Big Fish","floor":12,"gold_loss":0},{"damage_healed":0,"gold_gain":0,"player_choice":"Grow","damage_taken":0,"max_hp_gain":0,"max_hp_loss":0,"event_name":"Living Wall","floor":14,"gold_loss":0,"cards_upgraded":["Blind"]},{"damage_healed":0,"gold_gain":0,"player_choice":"Ignored","damage_taken":0,"max_hp_gain":0,"max_hp_loss":0,"event_name":"Ghosts","floor":19,"gold_loss":0},{"damage_healed":0,"gold_gain":0,"player_choice":"Inject Mutagens","damage_taken":0,"relics_obtained":["MutagenicStrength"],"max_hp_gain":0,"max_hp_loss":0,"event_name":"Drug Dealer","floor":22,"gold_loss":0},{"damage_healed":0,"gold_gain":0,"player_choice":"Obtained Relic","damage_taken":0,"relics_obtained":["Sundial"],"max_hp_gain":0,"max_hp_loss":0,"event_name":"Addict","floor":31,"gold_loss":85}],"is_beta":false,"boss_relics":[{"not_picked":["Black Star","Snecko Eye"],"picked":"Nuclear Battery"}],"items_purged_floors":[],"is_endless":false,"potions_floor_spawned":[5,7,10,16,20,24,30],"killed_by":"Champ","ascension_level":7}