{"gold_per_floor":[110,122,10,25,43,43,62,62,62,137,149,149,165,37,37,37],"floor_reached":16,"playtime":229,"items_purged":["Defend_R"],"score":94,"play_id":"ea9b1823-8178-4656-8c84-23e0400c32f5","local_time":"20190405214743","is_ascension_mode":false,"campfire_choices":[{"data":"Whirlwind","floor":6,"key":"SMITH"},{"floor":8,"key":"REST"},{"data":"Flex","floor":15,"key":"SMITH"}],"neow_cost":"PERCENT_DAMAGE","seed_source_timestamp":51801509297800,"circlet_count":0,"master_deck":["Strike_R","Strike_R","Strike_R","Strike_R","Strike_R","Defend_R","Defend_R","Defend_R","Bash","Bludgeon","Heavy Blade","Whirlwind+1","Inflame","Perfected Strike","Thunderclap","Flex+1"],"relics":["Burning Blood","Magic Flower","Golden Idol"],"potions_floor_usage":[],"damage_taken":[{"damage":12,"enemies":"2 Louse","floor":1,"turns":2},{"damage":8,"enemies":"Small Slimes","floor":2,"turns":2},{"damage":11,"enemies":"Jaw Worm","floor":4,"turns":3},{"damage":15,"enemies":"2 Fungi Beasts","floor":5,"turns":3},{"damage":14,"enemies":"3 Louse","floor":7,"turns":3},{"damage":0,"enemies":"Large Slime","floor":11,"turns":3},{"damage":19,"enemies":"Blue Slaver","floor":13,"turns":3},{"damage":38,"enemies":"Slime Boss","floor":16,"turns":5}],"seed_played":"5851237668805323946","potions_obtained":[{"floor":2,"key":"Weak Potion"},{"floor":5,"key":"SpeedPotion"},{"floor":7,"key":"Poison Potion"}],"is_trial":false,"path_per_floor":["M","M","$","M","M","R","M","R","T","?","M","?","M","$","R","B"],"character_chosen":"IRONCLAD","items_purchased":["Whirlwind","Inflame","Flex"],"campfire_rested":1,"item_purchase_floors":[3,3,14],"current_hp_per_floor":[50,48,48,43,34,34,26,50,50,39,48,48,38,38,38,0],"gold":37,"neow_bonus":"THREE_RARE_CARDS","is_prod":false,"is_daily":false,"chose_seed":false,"campfire_upgraded":2,"win_rate":0,"timestamp":1554493663,"path_taken":["M","M","$","M","M","R","M","R","T","?","M","?","M","$","R","BOSS"],"build_version":"2019-01-23","purchased_purges":1,"victory":false,"max_hp_per_floor":[80,80,80,80,80,80,80,80,80,80,80,74,74,74,74,74],"card_choices":[{"not_picked":["Berserk","Demon Form"],"picked":"Bludgeon","floor":0},{"not_picked":["Iron Wave","Armaments"],"picked":"Heavy Blade","floor":1},{"not_picked":["Warcry","Clothesline","Headbutt"],"picked":"SKIP","floor":2},{"not_picked":["Dual Wield","Havoc"],"picked":"Perfected Strike","floor":4},{"not_picked":["Ghostly Armor","Headbutt","Clash"],"picked":"SKIP","floor":5},{"not_picked":["Carnage","Burning Pact","Second Wind"],"picked":"SKIP","floor":7},{"not_picked":["Uppercut","Feel No Pain","Second Wind"],"picked":"SKIP","floor":11},{"not_picked":["Carnage","Sentinel"],"picked":"Thunderclap","floor":13}],"player_experience":580837,"relics_obtained":[{"floor":9,"key":"Magic Flower"}],"event_choices":[{"damage_healed":0,"gold_gain":75,"player_choice":"Gather Gold","damage_taken":11,"max_hp_gain":0,"max_hp_loss":0,"event_name":"World of Goop","floor":10,"gold_loss":0},{"damage_healed":0,"gold_gain":0,"player_choice":"Lose Max HP","damage_taken":0,"relics_obtained":["Golden Idol"],"max_hp_gain":0,"max_hp_loss":6,"event_name":"Golden Idol","floor":12,"gold_loss":0}],"is_beta":false,"boss_relics":[],"items_purged_floors":[14],"is_endless":false,"potions_floor_spawned":[2,5,7,11],"killed_by":"Slime Boss","ascension_level":0}