{"gold_per_floor":[117,67,142,156,82,111,111,143,169,344,344,344,35,51,51,147,197,217,217,217,217,217,217,217],"floor_reached":24,"playtime":489,"items_purged":["Strike_B"],"score":346,"play_id":"48754dbf-839d-48db-a898-c48402222482","local_time":"20190312221621","is_ascension_mode":true,"campfire_choices":[{"data":"Defragment","floor":7,"key":"SMITH"},{"data":"Redo","floor":11,"key":"SMITH"},{"floor":15,"key":"REST"},{"data":"Fission","floor":23,"key":"SMITH"}],"neow_cost":"NONE","seed_source_timestamp":2277741668286361,"circlet_count":0,"master_deck":["AscendersBane","Strike_B+1","Strike_B+1","Defend_B+1","Defend_B+1","Defend_B+1","Defend_B+1","Zap","Dualcast","Darkness","Cold Snap","Defragment+1","Seek","Redo+1","Loop","Hologram","Machine Learning","Consume","Rebound+1","Zap","Fission+1"],"relics":["Cracked Core","NeowsBlessing","Potion Belt","Dodecahedron","Bag of Marbles","DataDisk","Tiny House","Pantograph","MutagenicStrength"],"potions_floor_usage":[24],"damage_taken":[{"damage":0,"enemies":"Small Slimes","floor":1,"turns":1},{"damage":0,"enemies":"2 Louse","floor":4,"turns":1},{"damage":0,"enemies":"3 Sentries","floor":6,"turns":1},{"damage":27,"enemies":"Lagavulin","floor":8,"turns":5},{"damage":2,"enemies":"Jaw Worm","floor":14,"turns":3},{"damage":21,"enemies":"Hexaghost","floor":16,"turns":8},{"damage":29,"enemies":"2 Thieves","floor":18,"turns":4},{"damage":38,"enemies":"Gremlin Leader","floor":24,"turns":4}],"seed_played":"-4851471810984617757","potions_obtained":[{"floor":4,"key":"GamblersBrew"},{"floor":6,"key":"GamblersBrew"},{"floor":16,"key":"GamblersBrew"},{"floor":17,"key":"Strength Potion"}],"is_trial":false,"path_per_floor":["M","?","?","M","$","E","R","E","T","?","R","?","$","M","R","B",null,"M","T","?","?","?","R","E"],"character_chosen":"DEFECT","items_purchased":["Defragment","DataDisk","Loop"],"campfire_rested":1,"item_purchase_floors":[5,13,13],"current_hp_per_floor":[68,68,57,57,57,57,57,30,30,30,30,23,23,21,43,22,67,38,38,38,38,38,38,0],"gold":217,"neow_bonus":"THREE_ENEMY_KILL","is_prod":false,"is_daily":false,"chose_seed":false,"campfire_upgraded":3,"win_rate":0,"timestamp":1552439781,"path_taken":["M","?","?","M","$","E","R","E","T","?","R","?","$","?","R","BOSS","M","?","?","?","?","R","E"],"build_version":"2019-01-23","purchased_purges":1,"victory":false,"max_hp_per_floor":[75,75,75,75,75,75,75,75,75,75,75,75,75,75,75,75,80,80,80,80,80,80,80,80],"card_choices":[{"not_picked":["Ball Lightning","Rebound"],"picked":"Darkness","floor":1},{"not_picked":["Steam","Barrage"],"picked":"Cold Snap","floor":4},{"not_picked":["Double Energy","Rebound"],"picked":"Seek","floor":6},{"not_picked":["Coolheaded","Go for the Eyes"],"picked":"Redo","floor":8},{"not_picked":["Lockon","Leap"],"picked":"Hologram","floor":14},{"not_picked":["Thunder Strike","Meteor Strike"],"picked":"Machine Learning","floor":16},{"not_picked":["Beam Cell","Conserve Battery"],"picked":"Consume","floor":17},{"not_picked":["Steam","Storm"],"picked":"Rebound+1","floor":18}],"player_experience":914979,"relics_obtained":[{"floor":6,"key":"Potion Belt"},{"floor":8,"key":"Dodecahedron"},{"floor":9,"key":"Bag of Marbles"},{"floor":19,"key":"Pantograph"}],"event_choices":[{"cards_removed":["Strike_B"],"damage_healed":0,"gold_gain":0,"player_choice":"Card Removal","damage_taken":0,"max_hp_gain":0,"max_hp_loss":0,"event_name":"The Cleric","floor":2,"gold_loss":50},{"damage_healed":0,"gold_gain":75,"player_choice":"Gather Gold","damage_taken":11,"max_hp_gain":0,"max_hp_loss":0,"event_name":"World of Goop","floor":3,"gold_loss":0},{"damage_healed":0,"gold_gain":175,"player_choice":"AGREE","damage_taken":0,"max_hp_gain":0,"max_hp_loss":0,"event_name":"Liars Game","floor":10,"gold_loss":0,"cards_obtained":["Doubt"]},{"cards_removed":["Doubt"],"damage_healed":0,"gold_gain":0,"player_choice":"Card Removal","damage_taken":7,"max_hp_gain":0,"max_hp_loss":0,"event_name":"Golden Wing","floor":12,"gold_loss":0},{"damage_healed":0,"gold_gain":0,"player_choice":"Inject Mutagens","damage_taken":0,"relics_obtained":["MutagenicStrength"],"max_hp_gain":0,"max_hp_loss":0,"event_name":"Drug Dealer","floor":20,"gold_loss":0},{"damage_healed":0,"gold_gain":0,"player_choice":"Simplicity","damage_taken":0,"max_hp_gain":0,"max_hp_loss":0,"event_name":"Back to Basics","floor":21,"gold_loss":0,"cards_upgraded":["Strike_B","Strike_B","Defend_B","Defend_B","Defend_B"]},{"damage_healed":0,"gold_gain":0,"player_choice":"2 cards matched","damage_taken":0,"max_hp_gain":0,"max_hp_loss":0,"event_name":"Match and Keep!","floor":22,"gold_loss":0,"cards_obtained":["Zap","Fission"]}],"is_beta":false,"boss_relics":[{"not_picked":["Pandora\u0027s Box","Fusion Hammer"],"picked":"Tiny House"}],"items_purged_floors":[13],"is_endless":false,"potions_floor_spawned":[4,6,16],"killed_by":"Gremlin Leader","ascension_level":11}