{"gold_per_floor":[111,126,139,156,4,4,4,32,79,79,79,21,21,36,36,110,110,122,122,122,32,42,42,42],"floor_reached":24,"playtime":827,"items_purged":["Strike_B"],"score":355,"play_id":"11a117b3-e5a4-425b-96a8-209243cb9917","local_time":"20190420201710","is_ascension_mode":true,"campfire_choices":[{"floor":6,"key":"REST"},{"floor":11,"key":"REST"},{"floor":13,"key":"REST"},{"data":"Zap","floor":15,"key":"SMITH"},{"floor":23,"key":"REST"}],"neow_cost":"NONE","seed_source_timestamp":800536659276857,"circlet_count":0,"master_deck":["AscendersBane","Strike_B","Strike_B","Strike_B","Defend_B","Defend_B","Defend_B","Defend_B","Zap+1","Dualcast","Conserve Battery","Leap","Machine Learning","Hologram+1","Hologram","Self Repair","Rebound","Biased Cognition","Redo","Heatsinks","Steam+1"],"relics":["Cracked Core","Strawberry","Question Card","PreservedInsect","The Courier","Nuclear Battery"],"potions_floor_usage":[],"damage_taken":[{"damage":0,"enemies":"Cultist","floor":1,"turns":4},{"damage":2,"enemies":"Small Slimes","floor":2,"turns":3},{"damage":4,"enemies":"Jaw Worm","floor":3,"turns":4},{"damage":37,"enemies":"Exordium Thugs","floor":4,"turns":7},{"damage":48,"enemies":"3 Sentries","floor":8,"turns":12},{"damage":4,"enemies":"Looter","floor":14,"turns":4},{"damage":61,"enemies":"The Guardian","floor":16,"turns":17},{"damage":19,"enemies":"Spheric Guardian","floor":18,"turns":4},{"damage":42,"enemies":"Shell Parasite","floor":22,"turns":7},{"damage":65,"enemies":"Gremlin Leader","floor":24,"turns":8}],"seed_played":"6184224159433782663","potions_obtained":[{"floor":3,"key":"Strength Potion"},{"floor":4,"key":"Ancient Potion"}],"is_trial":false,"path_per_floor":["M","M","M","M","$","R","?","E","T","T","R","$","R","M","R","B",null,"M","?","?","$","M","R","E"],"character_chosen":"DEFECT","items_purchased":["Strawberry","Self Repair","Heatsinks"],"campfire_rested":4,"item_purchase_floors":[5,12,21],"current_hp_per_floor":[71,69,65,28,35,60,60,12,12,12,37,37,62,65,65,11,67,55,39,69,69,34,61,0],"gold":42,"neow_bonus":"TEN_PERCENT_HP_BONUS","is_prod":false,"is_daily":false,"chose_seed":false,"campfire_upgraded":1,"win_rate":0,"timestamp":1555802230,"path_taken":["M","M","?","M","$","R","?","E","T","?","R","$","R","M","R","BOSS","M","?","?","?","M","R","E"],"build_version":"2019-01-23","purchased_purges":1,"victory":false,"max_hp_per_floor":[78,78,78,78,85,85,85,85,85,85,85,85,85,85,85,85,85,85,90,90,90,90,90,90],"card_choices":[{"not_picked":["Streamline","Beam Cell"],"picked":"Conserve Battery","floor":1},{"not_picked":["Gash","Chaos"],"picked":"Leap","floor":2},{"not_picked":["Rip and Tear","Coolheaded"],"picked":"Machine Learning","floor":3},{"not_picked":["Aggregate","Leap"],"picked":"Hologram","floor":4},{"not_picked":["Stack","Genetic Algorithm"],"picked":"Hologram","floor":8},{"not_picked":["Melter","Leap","Hologram"],"picked":"Rebound","floor":14},{"not_picked":["Echo Form","Hyperbeam","Amplify"],"picked":"Biased Cognition","floor":16},{"not_picked":["Storm","Go for the Eyes","Turbo+1"],"picked":"Redo","floor":18},{"not_picked":["Conserve Battery","Rip and Tear+1","Hologram"],"picked":"Steam+1","floor":22}],"player_experience":1167343,"relics_obtained":[{"floor":8,"key":"Question Card"},{"floor":9,"key":"PreservedInsect"},{"floor":10,"key":"The Courier"}],"event_choices":[{"damage_healed":0,"gold_gain":0,"player_choice":"Grow","damage_taken":0,"max_hp_gain":0,"max_hp_loss":0,"event_name":"Living Wall","floor":7,"gold_loss":0,"cards_upgraded":["Hologram"]},{"damage_healed":0,"gold_gain":0,"player_choice":"Shed Blood","damage_taken":21,"max_hp_gain":5,"max_hp_loss":0,"event_name":"Forgotten Altar","floor":19,"gold_loss":0},{"damage_healed":30,"gold_gain":0,"player_choice":"Heal","damage_taken":0,"max_hp_gain":0,"max_hp_loss":0,"event_name":"The Library","floor":20,"gold_loss":0}],"is_beta":false,"boss_relics":[{"not_picked":["Sozu","Pandora\u0027s Box"],"picked":"Nuclear Battery"}],"items_purged_floors":[21],"is_endless":false,"potions_floor_spawned":[3,4,8],"killed_by":"Gremlin Leader","ascension_level":14}