{"gold_per_floor":[109,109,124,124,124,124,164,164,235,279,298,312,336,24,24,148,148,168,168,81,41,72,72,116,116,193,193,205,216,228,254,254,254],"floor_reached":33,"playtime":1174,"items_purged":["Shame"],"score":469,"play_id":"1bffbfb2-559e-41ea-8aa7-1e7316bb38a3","local_time":"20190322024243","is_ascension_mode":true,"campfire_choices":[{"data":"Body Slam","floor":6,"key":"SMITH"},{"floor":8,"key":"REST"},{"data":"Armaments","floor":15,"key":"SMITH"},{"data":"Seeing Red","floor":23,"key":"SMITH"},{"data":"Battle Trance","floor":32,"key":"SMITH"}],"neow_cost":"CURSE","seed_source_timestamp":95398853064205,"circlet_count":0,"master_deck":["AscendersBane","Strike_R","Strike_R","Strike_R","Strike_R+1","Defend_R","Defend_R+1","Defend_R","Defend_R","Bash","Iron Wave","Body Slam+1","Impervious","Seeing Red+1","Battle Trance+1","Armaments+1","Dual Wield","Inflame","Entrench","Iron Wave","Double Tap","Shockwave+1","Body Slam+1","PanicButton","Flame Barrier"],"relics":["Burning Blood","StoneCalendar","Bloody Idol","Sundial","Pen Nib","Bag of Preparation","Runic Dome","Red Mask","Boot","Blue Candle","Question Card"],"potions_floor_usage":[7,16,31],"damage_taken":[{"damage":4,"enemies":"Small Slimes","floor":1,"turns":4},{"damage":16,"enemies":"2 Louse","floor":3,"turns":3},{"damage":30,"enemies":"Lagavulin","floor":7,"turns":7},{"damage":13,"enemies":"Gremlin Nob","floor":10,"turns":4},{"damage":5,"enemies":"Cultist","floor":11,"turns":4},{"damage":0,"enemies":"Large Slime","floor":12,"turns":1},{"damage":7,"enemies":"Exordium Thugs","floor":13,"turns":5},{"damage":15,"enemies":"Slime Boss","floor":16,"turns":7},{"damage":1,"enemies":"Shell Parasite","floor":18,"turns":4},{"damage":18,"enemies":"Masked Bandits","floor":22,"turns":5},{"damage":15,"enemies":"Slavers","floor":24,"turns":4},{"damage":34,"enemies":"Spheric Guardian","floor":28,"turns":6},{"damage":1,"enemies":"Cultist and Chosen","floor":29,"turns":7},{"damage":0,"enemies":"3 Cultists","floor":30,"turns":6},{"damage":30,"enemies":"Gremlin Leader","floor":31,"turns":5},{"damage":53,"enemies":"Champ","floor":33,"turns":3}],"seed_played":"2014969520176424898","potions_obtained":[{"floor":3,"key":"BloodPotion"},{"floor":11,"key":"Ancient Potion"},{"floor":12,"key":"Weak Potion"},{"floor":16,"key":"Ancient Potion"},{"floor":29,"key":"AttackPotion"}],"is_trial":false,"path_per_floor":["M","?","M","?","?","R","E","R","T","E","M","M","M","$","R","B",null,"M","?","$","$","?","R","E","?","T","?","M","M","M","E","R","B"],"character_chosen":"IRONCLAD","items_purchased":["Entrench","Bag of Preparation","Iron Wave","PanicButton","Flame Barrier"],"campfire_rested":1,"item_purchase_floors":[14,14,14,20,21],"current_hp_per_floor":[74,58,48,48,48,48,31,53,53,46,47,53,52,52,52,43,66,71,71,71,71,59,59,50,74,74,74,51,61,72,53,53,0],"gold":254,"neow_bonus":"ONE_RARE_RELIC","is_prod":false,"is_daily":false,"chose_seed":false,"campfire_upgraded":4,"win_rate":0,"timestamp":1553233363,"path_taken":["M","?","M","?","?","R","E","R","T","E","M","M","?","$","R","BOSS","M","?","?","$","?","R","E","?","T","?","?","M","M","E","R","BOSS"],"build_version":"2019-01-23","purchased_purges":1,"victory":false,"max_hp_per_floor":[80,80,80,74,74,74,74,74,74,74,74,74,74,74,74,74,74,74,74,74,74,74,74,74,74,74,74,74,74,74,74,74,74],"card_choices":[{"not_picked":["Havoc","Shrug It Off"],"picked":"Iron Wave","floor":1},{"not_picked":["Pommel Strike","Sword Boomerang"],"picked":"Body Slam","floor":3},{"not_picked":["Perfected Strike","Havoc"],"picked":"Seeing Red","floor":7},{"not_picked":["Bloodletting","Warcry"],"picked":"Battle Trance","floor":10},{"not_picked":["Dropkick","Pommel Strike"],"picked":"Armaments","floor":11},{"not_picked":["Fire Breathing","Evolve"],"picked":"Dual Wield","floor":12},{"not_picked":["Havoc","Battle Trance"],"picked":"Inflame","floor":13},{"not_picked":["Brutality","Dark Embrace"],"picked":"Double Tap","floor":16},{"not_picked":["Body Slam","Fire Breathing"],"picked":"Shockwave+1","floor":18},{"not_picked":["Combust","Rupture","Pommel Strike"],"picked":"SKIP","floor":24},{"not_picked":["Rampage+1","Havoc","Anger"],"picked":"SKIP","floor":28},{"not_picked":["Thunderclap+1","Reckless Charge","Armaments"],"picked":"SKIP","floor":29},{"not_picked":["Headbutt","Warcry","True Grit"],"picked":"SKIP","floor":30},{"not_picked":["Dual Wield","Clash","Shockwave"],"picked":"SKIP","floor":31}],"player_experience":988141,"relics_obtained":[{"floor":7,"key":"Sundial"},{"floor":10,"key":"Pen Nib"},{"floor":22,"key":"Red Mask"},{"floor":24,"key":"Boot"},{"floor":26,"key":"Blue Candle"},{"floor":31,"key":"Question Card"}],"event_choices":[{"damage_healed":0,"gold_gain":0,"player_choice":"Entered Light","damage_taken":16,"max_hp_gain":0,"max_hp_loss":0,"event_name":"Shining Light","floor":2,"gold_loss":0,"cards_upgraded":["Defend_R","Strike_R"]},{"damage_healed":0,"gold_gain":0,"player_choice":"Lose Max HP","damage_taken":0,"relics_obtained":["Golden Idol"],"max_hp_gain":0,"max_hp_loss":6,"event_name":"Golden Idol","floor":4,"gold_loss":0},{"damage_healed":0,"gold_gain":0,"cards_transformed":["Strike_R"],"player_choice":"Transformed","damage_taken":0,"max_hp_gain":0,"max_hp_loss":0,"event_name":"Transmorgrifier","floor":5,"gold_loss":0,"cards_obtained":["Impervious"]},{"damage_healed":0,"gold_gain":0,"player_choice":"Copied","damage_taken":0,"max_hp_gain":0,"max_hp_loss":0,"event_name":"Duplicator","floor":19,"gold_loss":0,"cards_obtained":["Body Slam"]},{"damage_healed":0,"gold_gain":0,"player_choice":"Fought Bandits","damage_taken":0,"max_hp_gain":0,"max_hp_loss":0,"event_name":"Masked Bandits","floor":22,"gold_loss":0},{"damage_healed":24,"gold_gain":0,"player_choice":"Heal","damage_taken":0,"max_hp_gain":0,"max_hp_loss":0,"event_name":"The Library","floor":25,"gold_loss":0},{"damage_healed":0,"gold_gain":0,"player_choice":"Gave Idol","damage_taken":0,"relics_obtained":["Bloody Idol"],"max_hp_gain":0,"max_hp_loss":0,"event_name":"Forgotten Altar","floor":27,"relics_lost":["Golden Idol"],"gold_loss":0}],"is_beta":false,"boss_relics":[{"not_picked":["Lizard Tail","Philosopher\u0027s Stone"],"picked":"Runic Dome"}],"items_purged_floors":[14],"is_endless":false,"potions_floor_spawned":[3,11,12,16,18,24,29],"killed_by":"Champ","ascension_level":12}