{"gold_per_floor":[368,381,397,56,74,74,89,89,89,109,121,121,135,150,150,251,251,270,293,293,312,163,163,196,208,208,208,226,246,259,290,290,395,395,413,425,425,624,624,659,683,695,786,811,854,886,898,940,952,1066,1078,1102,1127,1139,1151,1174,1186,1169],"floor_reached":58,"playtime":2226,"items_purged":["Regret"],"score":916,"play_id":"0fadcf5c-7400-4393-bf88-c4743064310c","local_time":"20190506173332","is_ascension_mode":false,"campfire_choices":[{"data":"Inflame","floor":6,"key":"SMITH"},{"data":"hubris:ReadiedAction","floor":8,"key":"SMITH"},{"data":"Shockwave","floor":12,"key":"SMITH"},{"data":"Feed","floor":15,"key":"SMITH"},{"data":"Uppercut","floor":23,"key":"SMITH"},{"data":"Sword Boomerang","floor":27,"key":"SMITH"},{"data":"Anger","floor":32,"key":"SMITH"},{"data":"Panacea","floor":47,"key":"SMITH"},{"data":"Flex","floor":57,"key":"SMITH"}],"neow_cost":"PERCENT_DAMAGE","seed_source_timestamp":2171830593890628,"circlet_count":0,"master_deck":["Strike_R","Strike_R","Strike_R","Strike_R","Strike_R","Defend_R","Defend_R","Defend_R","Defend_R","Bash+1","Pommel Strike","Anger+1","Inflame+1","hubris:ReadiedAction+1","Carnage+1","Shockwave+1","Power Through+1","Feed+1","Sword Boomerang+1","Immolate+1","Clothesline","Thunderclap+1","Uppercut+1","Sword Boomerang+1","vexMod:GorgonsGaze","Shrug It Off","Reaper","Pummel+1","ReplayTheSpireMod:LeadingStrike+1","Sadistic Nature","Jack Of All Trades","Panacea+1","Flex+1","Spot Weakness","Pain","Metallicize+1","Metallicize+1","Metallicize+1","Massacre","White Noise+1"],"relics":["Burning Blood","hubris:PeanutButter","infinitespire:Bottled Soul","Replay:Grab Bag","Cursed Key","hubris:TerracottaHorce","Ring of Chaos","vexMod:ImprovementManual","Lantern","Pocketwatch","Bottled Lightning","hubris:SphereOfDissonance","Eternal Feather","vexMod:ChestStatue","MawBank","vexMod:WellWornAnklet","Matryoshka","Bag of Preparation","Art of War","Replay:Bronze Core"],"potions_floor_usage":[16,16,33,38,50,50,58],"damage_taken":[{"damage":1,"enemies":"Cultist","floor":1,"turns":4},{"damage":11,"enemies":"Jaw Worm","floor":2,"turns":2},{"damage":0,"enemies":"2 Louse","floor":3,"turns":3},{"damage":0,"enemies":"Gremlin Gang","floor":5,"turns":4},{"damage":0,"enemies":"2 Fungi Beasts","floor":7,"turns":3},{"damage":12,"enemies":"Looter","floor":10,"turns":3},{"damage":8,"enemies":"Blue Slaver","floor":11,"turns":3},{"damage":5,"enemies":"2 Fungi Beasts","floor":13,"turns":3},{"damage":0,"enemies":"Looter","floor":14,"turns":3},{"damage":0,"enemies":"Fading Forest","floor":16,"turns":11},{"damage":0,"enemies":"Chosen","floor":18,"turns":3},{"damage":0,"enemies":"2 Thieves","floor":21,"turns":3},{"damage":0,"enemies":"Nightmare","floor":24,"turns":5},{"damage":0,"enemies":"3 Cultists","floor":25,"turns":3},{"damage":10,"enemies":"Snake Plant","floor":28,"turns":2},{"damage":2,"enemies":"Centurion and Healer","floor":29,"turns":3},{"damage":0,"enemies":"Chosen and Byrds","floor":30,"turns":3},{"damage":2,"enemies":"Book of Stabbing","floor":31,"turns":3},{"damage":2,"enemies":"hubris:MusketHawk","floor":33,"turns":5},{"damage":0,"enemies":"Orb Walker","floor":35,"turns":3},{"damage":0,"enemies":"3 Darklings","floor":36,"turns":3},{"damage":0,"enemies":"Mind Bloom Boss Battle","floor":38,"turns":5},{"damage":0,"enemies":"R_Hoarder","floor":40,"turns":3},{"damage":16,"enemies":"Maw","floor":41,"turns":5},{"damage":0,"enemies":"Sphere and 2 Shapes","floor":44,"turns":2},{"damage":17,"enemies":"Reptomancer","floor":45,"turns":5},{"damage":0,"enemies":"3 Darklings","floor":46,"turns":3},{"damage":50,"enemies":"Nightmare","floor":48,"turns":5},{"damage":93,"enemies":"Awakened One","floor":50,"turns":10},{"damage":0,"enemies":"Jaw Worm","floor":52,"turns":1},{"damage":0,"enemies":"2 Louse","floor":53,"turns":1},{"damage":1,"enemies":"Small Slimes","floor":56,"turns":2},{"damage":102,"enemies":"Nightmare_Alpha","floor":58,"turns":6}],"seed_played":"-8728629578449490414","potions_obtained":[{"floor":1,"key":"Flashbang"},{"floor":5,"key":"LifebloodPotion"},{"floor":13,"key":"vexMod:BlazePotion"},{"floor":21,"key":"Milkshake"},{"floor":24,"key":"infinitespire:BlackPotion"},{"floor":35,"key":"FearPotion"},{"floor":38,"key":"FearPotion"},{"floor":52,"key":"FearPotion"},{"floor":53,"key":"Dexterity Potion"}],"is_trial":false,"path_per_floor":["M","M","M","$","M","R","M","R","T","M","M","R","M","M","R","B",null,"M","T","?","M","$","R","NM","M","T","R","M","M","M","E","R","B",null,"M","M","?","?","?","E","M","?","T","M","E","M","R","NM","R_BF","B",null,"M","M","?","?","M","R","NM"],"character_chosen":"IRONCLAD","items_purchased":["Inflame","hubris:PeanutButter","Uppercut"],"campfire_rested":0,"item_purchase_floors":[4,4,22],"current_hp_per_floor":[61,56,62,62,68,68,74,74,74,68,66,66,67,73,73,79,80,80,80,80,80,80,80,84,84,84,84,80,84,88,88,88,88,88,88,88,78,84,84,88,78,78,78,84,88,88,88,44,77,15,62,68,74,79,79,82,82,0],"gold":1169,"neow_bonus":"TWO_FIFTY_GOLD","is_prod":false,"is_daily":false,"chose_seed":false,"campfire_upgraded":9,"win_rate":0,"timestamp":1557174812,"path_taken":["M","M","?","$","M","R","M","R","T","M","M","R","M","M","R","BOSS","M","?","?","M","$","R","NM","M","T","R","?","M","M","E","R","BOSS","M","M","?","?","?","E","M","?","T","?","E","M","R","NM","R_BF","BOSS","M","M","?","?","M","R","NM"],"build_version":"2019-01-23","purchased_purges":1,"victory":false,"max_hp_per_floor":[80,80,80,80,80,80,80,80,80,80,80,80,80,80,80,80,80,80,80,80,80,80,80,84,84,84,84,84,84,88,88,88,88,88,88,88,88,88,88,88,88,88,88,88,88,88,88,88,77,77,77,77,77,82,82,82,82,82],"card_choices":[{"not_picked":["Thunderclap","Replay:Undeath\u0027s Touch"],"picked":"Pommel Strike","floor":1},{"not_picked":["Clothesline","vexMod:CleverClash"],"picked":"Shrug It Off","floor":2},{"not_picked":["Thunderclap","Pommel Strike"],"picked":"Anger","floor":3},{"not_picked":["Heavy Blade","True Grit"],"picked":"hubris:ReadiedAction","floor":5},{"not_picked":["Clothesline","Burning Pact"],"picked":"Carnage","floor":7},{"not_picked":["vexMod:CleverClash","Anger"],"picked":"Shockwave","floor":10},{"not_picked":["Reckless Charge","Headbutt"],"picked":"Power Through","floor":11},{"not_picked":["infinitespire:OneForAll","Metallicize"],"picked":"Feed","floor":13},{"not_picked":["vexMod:TrainingStrike","Defy Death"],"picked":"Sword Boomerang","floor":14},{"not_picked":["Impervious","Offering"],"picked":"Immolate","floor":16},{"not_picked":["Corruption","ReplayTheSpireMod:Strike From Hell+1","Wild Strike"],"picked":"SKIP","floor":18},{"not_picked":["Heavy Blade","Evolve"],"picked":"Thunderclap+1","floor":21},{"not_picked":["vexMod:Hatred+1","Blood for Blood"],"picked":"Sword Boomerang+1","floor":24},{"not_picked":["Cleave","ReplayTheSpireMod:LeadingStrike","Seeing Red"],"picked":"SKIP","floor":25},{"not_picked":["Heavy Blade","Iron Wave","Feed"],"picked":"SKIP","floor":28},{"not_picked":["vexMod:TrainingStrike","Replay:Undeath\u0027s Touch","hubris:ReadiedAction"],"picked":"SKIP","floor":29},{"not_picked":["Wild Strike","Replay:Undeath\u0027s Touch","Cleave+1"],"picked":"SKIP","floor":30},{"not_picked":["Searing Blow","Feed"],"picked":"Shrug It Off","floor":31},{"not_picked":["Immolate","vexMod:StrikeStorm"],"picked":"Reaper","floor":33},{"not_picked":["Flex+1","Whirlwind+1"],"picked":"Pummel+1","floor":35},{"not_picked":["Intimidate","vexMod:CleverClash"],"picked":"ReplayTheSpireMod:LeadingStrike+1","floor":36},{"not_picked":["Dark Shackles","Good Instincts"],"picked":"Sadistic Nature","floor":37},{"not_picked":["ReplayTheSpireMod:Trickstab","Impatience"],"picked":"Jack Of All Trades","floor":37},{"not_picked":["Jack Of All Trades","Secret Weapon"],"picked":"Panacea","floor":37},{"not_picked":["Uppercut+1","Heavy Blade+1"],"picked":"Flex","floor":38},{"not_picked":["Replay:Undeath\u0027s Touch+1","Sword Boomerang"],"picked":"Spot Weakness","floor":40},{"not_picked":["Thunderclap+1","Havoc","Shrug It Off"],"picked":"SKIP","floor":41},{"not_picked":["Warcry","vexMod:TrainingStrike"],"picked":"Metallicize+1","floor":44},{"not_picked":["vexMod:Elimination","ReplayTheSpireMod:Limb From Limb+1","Pommel Strike"],"picked":"SKIP","floor":45},{"not_picked":["vexMod:Elimination","ReplayTheSpireMod:Limb From Limb+1","Pommel Strike"],"picked":"SKIP","floor":45},{"not_picked":["vexMod:CleverClash","Second Wind"],"picked":"Metallicize+1","floor":46},{"not_picked":["Headbutt","vexMod:CleverClash"],"picked":"Metallicize+1","floor":48},{"not_picked":["Searing Blow","Warcry","Wild Strike"],"picked":"SKIP","floor":52},{"not_picked":["Body Slam","hubris:ReadiedAction"],"picked":"Massacre","floor":53},{"not_picked":["vexMod:TrainingStrike","Replay:Undeath\u0027s Touch","Pommel Strike"],"picked":"SKIP","floor":56}],"player_experience":1303295,"relics_obtained":[{"floor":9,"key":"infinitespire:Bottled Soul"},{"floor":19,"key":"Lantern"},{"floor":24,"key":"Pocketwatch"},{"floor":26,"key":"Bottled Lightning"},{"floor":31,"key":"hubris:SphereOfDissonance"},{"floor":38,"key":"vexMod:ChestStatue"},{"floor":40,"key":"MawBank"},{"floor":43,"key":"vexMod:WellWornAnklet"},{"floor":43,"key":"Matryoshka"},{"floor":45,"key":"Bag of Preparation"}],"event_choices":[{"damage_healed":0,"gold_gain":0,"player_choice":"Read","damage_taken":0,"max_hp_gain":0,"max_hp_loss":0,"event_name":"The Library","floor":20,"gold_loss":0,"cards_obtained":["Clothesline"]},{"damage_healed":0,"gold_gain":0,"player_choice":"Memory 3","damage_taken":10,"max_hp_gain":0,"max_hp_loss":0,"event_name":"SensoryStone","floor":37,"gold_loss":0},{"damage_healed":0,"gold_gain":0,"player_choice":"Fight","damage_taken":0,"max_hp_gain":0,"max_hp_loss":0,"event_name":"MindBloom","floor":38,"gold_loss":0},{"cards_removed":["Shrug It Off"],"damage_healed":0,"gold_gain":0,"player_choice":"Removed Skill","damage_taken":0,"max_hp_gain":0,"max_hp_loss":0,"event_name":"Falling","floor":42,"gold_loss":0},{"damage_healed":77,"gold_gain":0,"player_choice":"Heal","damage_taken":0,"max_hp_gain":0,"max_hp_loss":11,"event_name":"The Moai Head","floor":49,"gold_loss":0},{"damage_healed":0,"gold_gain":0,"player_choice":"Donut","damage_taken":0,"max_hp_gain":5,"max_hp_loss":0,"event_name":"Big Fish","floor":54,"gold_loss":0}],"is_beta":false,"boss_relics":[{"not_picked":["ReplayTheSpireMod:Onyx Gauntlets","Calling Bell"],"picked":"Replay:Grab Bag"},{"not_picked":["Painkiller Herb","hubris:GrandSneckoEye"],"picked":"Cursed Key"},{"not_picked":["vexMod:MindDevourer","Replay:Wanted Poster"],"picked":"hubris:TerracottaHorce"},{"not_picked":["Lizard Tail","ReplayTheSpireMod:SealedPack"],"picked":"Ring of Chaos"},{"not_picked":["Black Star","Runic Pyramid"],"picked":"vexMod:ImprovementManual"},{"not_picked":["Abe\u0027s Treasure","vexMod:HatredEngine"],"picked":"Eternal Feather"},{"not_picked":["vexMod:FluxCapacitor","Replay:Drink Me"],"picked":"Replay:Bronze Core"}],"items_purged_floors":[22],"is_endless":true,"potions_floor_spawned":[1,5,13,21,24,29,30,35,38,45,46,52,53],"killed_by":"Nightmare_Alpha","ascension_level":0}