{"gold_per_floor":[112,122,39,59,77,77,105,105,132,132,143,5,19,19,19,117,117,89,17,32,48,48,48,58,7,33,308,11,11,26,46,46,142,142,156,173,20,20,20,20,37,37,63,63,78,97,97,115,115,115],"floor_reached":50,"playtime":4554,"items_purged":["Strike_R"],"score":496,"play_id":"325792ed-34a1-4ed3-9c95-fc9c02b76b90","local_time":"20181126194749","is_ascension_mode":false,"campfire_choices":[{"data":"Rampage","floor":6,"key":"SMITH"},{"data":"Forethought","floor":8,"key":"SMITH"},{"data":"Disarm","floor":10,"key":"SMITH"},{"data":"Dual Wield","floor":15,"key":"SMITH"},{"data":"Rampage","floor":23,"key":"SMITH"},{"data":"Armaments","floor":29,"key":"SMITH"},{"floor":32,"key":"REST"},{"data":"Apotheosis","floor":40,"key":"SMITH"},{"data":"Dual Wield","floor":44,"key":"SMITH"},{"floor":47,"key":"REST"},{"floor":49,"key":"REST"}],"neow_cost":"NONE","seed_source_timestamp":509722029302839,"circlet_count":0,"master_deck":["Strike_R","Strike_R+1","Defend_R","Defend_R","Defend_R","Defend_R","Bash","Forethought+1","Shrug It Off","Dramatic Entrance+1","Warcry","Rampage+1","Disarm+1","Dual Wield+1","Feel No Pain","Seeing Red","Impervious","Offering","Infernal Blade","Corruption","Metallicize+1","Rampage+1","Fire Breathing","Warcry","Warcry","Armaments+1","Dual Wield+1","Carnage+1","Berserk","Shockwave+1","Pommel Strike+1","Chrysalis","Secret Technique","Apotheosis+1","Body Slam+1","Pommel Strike+1","Impervious","Whirlwind+1","Spot Weakness+1"],"relics":["Burning Blood","Lantern","Anchor","Philosopher\u0027s Stone","Omamori","Dream Catcher","Bag of Preparation","Empty Cage","Whetstone","Bronze Scales"],"potions_floor_usage":[7,7,16,16,30,33,36,50,50],"damage_taken":[{"damage":1,"enemies":"2 Louse","floor":1,"turns":3},{"damage":6,"enemies":"Jaw Worm","floor":2,"turns":4},{"damage":0,"enemies":"Cultist","floor":4,"turns":4},{"damage":10,"enemies":"Looter","floor":5,"turns":4},{"damage":0,"enemies":"Gremlin Nob","floor":7,"turns":2},{"damage":0,"enemies":"Lots of Slimes","floor":11,"turns":3},{"damage":0,"enemies":"Exordium Wildlife","floor":13,"turns":4},{"damage":29,"enemies":"Hexaghost","floor":16,"turns":11},{"damage":23,"enemies":"2 Thieves","floor":18,"turns":5},{"damage":6,"enemies":"Chosen","floor":20,"turns":7},{"damage":22,"enemies":"Sentry and Sphere","floor":21,"turns":6},{"damage":27,"enemies":"Chosen and Byrds","floor":24,"turns":9},{"damage":16,"enemies":"Shelled Parasite and Fungi","floor":30,"turns":5},{"damage":11,"enemies":"Snecko","floor":31,"turns":7},{"damage":27,"enemies":"Champ","floor":33,"turns":8},{"damage":4,"enemies":"Orb Walker","floor":35,"turns":4},{"damage":8,"enemies":"3 Shapes","floor":36,"turns":4},{"damage":45,"enemies":"Spire Growth","floor":41,"turns":5},{"damage":47,"enemies":"Sphere and 2 Shapes","floor":45,"turns":6},{"damage":22,"enemies":"Jaw Worm Horde","floor":46,"turns":6},{"damage":12,"enemies":"3 Darklings","floor":48,"turns":3},{"damage":55,"enemies":"Time Eater","floor":50,"turns":9}],"seed_played":"2801460834516792373","potions_obtained":[{"floor":1,"key":"Strength Potion"},{"floor":4,"key":"PowerPotion"},{"floor":11,"key":"FearPotion"},{"floor":13,"key":"Strength Potion"},{"floor":20,"key":"Regen Potion"},{"floor":21,"key":"FearPotion"},{"floor":31,"key":"PowerPotion"},{"floor":35,"key":"Explosive Potion"},{"floor":46,"key":"SpeedPotion"},{"floor":48,"key":"Swift Potion"}],"is_trial":false,"path_per_floor":["M","M","$","M","M","R","E","R","T","R","M","$","M","?","R","B",null,"M","$","M","M","?","R","M","$","T","?","$","R","M","M","R","B",null,"M","M","$","?","?","R","M","?","T","R","M","M","R","M","R","B"],"character_chosen":"IRONCLAD","items_purchased":["Dramatic Entrance","Feel No Pain","Seeing Red","Corruption","Warcry","Bag of Preparation","Warcry","Armaments","Whetstone"],"campfire_rested":3,"item_purchase_floors":[3,12,12,19,25,28,28,28,37],"current_hp_per_floor":[80,80,80,80,76,76,80,80,80,80,80,80,80,80,80,57,80,63,63,63,47,47,47,26,26,26,26,26,26,16,11,35,14,80,80,78,78,68,68,68,29,70,70,70,29,13,34,28,49,0],"gold":115,"neow_bonus":"RANDOM_COLORLESS","is_prod":false,"is_daily":false,"chose_seed":false,"campfire_upgraded":8,"win_rate":0.0,"timestamp":1543283269,"path_taken":["M","M","$","M","M","R","E","R","T","R","M","$","M","?","R","BOSS","M","$","M","M","?","R","M","?","T","?","$","R","M","M","R","BOSS","M","?","?","?","?","R","?","?","T","R","M","M","R","M","R","BOSS"],"build_version":"2018-11-15","purchased_purges":1,"victory":false,"max_hp_per_floor":[80,80,80,80,80,80,80,80,80,80,80,80,80,80,80,80,80,80,80,80,80,80,80,80,80,80,80,80,80,80,80,80,80,80,80,80,80,80,80,80,80,70,70,70,70,70,70,70,70,70],"card_choices":[{"not_picked":["Sword Boomerang","Headbutt"],"picked":"Shrug It Off","floor":1},{"not_picked":["Clash","Rupture"],"picked":"Shrug It Off","floor":2},{"not_picked":["Thunderclap","Clothesline"],"picked":"Warcry","floor":4},{"not_picked":["Thunderclap","Cleave"],"picked":"Rampage","floor":5},{"not_picked":["Body Slam","Dropkick"],"picked":"Disarm","floor":7},{"not_picked":["Iron Wave","Power Through"],"picked":"Dual Wield","floor":11},{"not_picked":["Ghostly Armor","Reckless Charge"],"picked":"Impervious","floor":13},{"not_picked":["Juggernaut","Berserk"],"picked":"Offering","floor":16},{"not_picked":["Cleave","Twin Strike"],"picked":"Infernal Blade","floor":18},{"not_picked":["Perfected Strike","Iron Wave"],"picked":"Metallicize+1","floor":20},{"not_picked":["Sword Boomerang+1","Heavy Blade"],"picked":"Rampage","floor":21},{"not_picked":["Armaments","Iron Wave+1"],"picked":"Fire Breathing","floor":24},{"not_picked":["Body Slam","Anger+1"],"picked":"Dual Wield","floor":30},{"not_picked":["Body Slam+1","Clash","Heavy Blade"],"picked":"SKIP","floor":31},{"not_picked":["Sword Boomerang","Flame Barrier+1"],"picked":"Carnage+1","floor":32},{"not_picked":["Fiend Fire","Immolate"],"picked":"Berserk","floor":33},{"not_picked":["Thunderclap","Clothesline+1"],"picked":"Shockwave+1","floor":35},{"not_picked":["Thunderclap+1","Reckless Charge+1"],"picked":"Pommel Strike+1","floor":36},{"not_picked":["Flash of Steel","Thinking Ahead"],"picked":"Chrysalis","floor":38},{"not_picked":["Magnetism","Swift Strike"],"picked":"Secret Technique","floor":38},{"not_picked":["Deep Breath","Purity"],"picked":"Apotheosis","floor":38},{"not_picked":["Wild Strike","Flex"],"picked":"Body Slam+1","floor":41},{"not_picked":["Cleave","Twin Strike+1"],"picked":"Pommel Strike+1","floor":45},{"not_picked":["Combust","Clash","True Grit+1"],"picked":"SKIP","floor":46},{"not_picked":["Thunderclap","Clash+1"],"picked":"Impervious","floor":47},{"not_picked":["Rage+1","Iron Wave+1"],"picked":"Whirlwind+1","floor":48},{"not_picked":["Clothesline+1","Armaments"],"picked":"Spot Weakness+1","floor":49}],"player_experience":155107,"relics_obtained":[{"floor":7,"key":"Lantern"},{"floor":9,"key":"Anchor"},{"floor":26,"key":"Dream Catcher"},{"floor":43,"key":"Bronze Scales"}],"event_choices":[{"damage_healed":0,"gold_gain":0,"player_choice":"Ignored","damage_taken":0,"max_hp_gain":0,"max_hp_loss":0,"event_name":"Shining Light","floor":14,"gold_loss":0},{"damage_healed":0,"gold_gain":0,"player_choice":"Gave Potion","damage_taken":0,"relics_obtained":["Omamori"],"max_hp_gain":0,"max_hp_loss":0,"event_name":"WeMeetAgain","floor":22,"gold_loss":0},{"damage_healed":0,"gold_gain":275,"player_choice":"Desecrate","damage_taken":0,"max_hp_gain":0,"max_hp_loss":0,"event_name":"Golden Shrine","floor":27,"gold_loss":0,"cards_obtained":["Regret"]},{"damage_healed":0,"gold_gain":0,"player_choice":"Memory 3","damage_taken":10,"max_hp_gain":0,"max_hp_loss":0,"event_name":"SensoryStone","floor":38,"gold_loss":0},{"cards_removed":["Shrug It Off"],"damage_healed":0,"gold_gain":0,"player_choice":"Removed Skill","damage_taken":0,"max_hp_gain":0,"max_hp_loss":0,"event_name":"Falling","floor":39,"gold_loss":0},{"damage_healed":70,"gold_gain":0,"player_choice":"Heal","damage_taken":0,"max_hp_gain":0,"max_hp_loss":10,"event_name":"The Moai Head","floor":42,"gold_loss":0}],"is_beta":false,"boss_relics":[{"not_picked":["Mark of Pain","Snecko Eye"],"picked":"Philosopher\u0027s Stone"},{"not_picked":["Coffee Dripper","Eternal Feather"],"picked":"Empty Cage"}],"items_purged_floors":[28],"is_endless":false,"potions_floor_spawned":[1,4,11,13,20,21,31,35,46,48],"killed_by":"Time Eater","ascension_level":0}