{"gold_per_floor":[111,111,131,147,161,187,187,218,230,242,287,299,261,230,242,353,365,387,399,411,437,469,481,523,535,547,559,589,601,626,17,17,114,114,124,136,0,12,12,12,12],"floor_reached":41,"playtime":1639,"items_purged":["Strike_R"],"score":704,"play_id":"2534ea2e-afe1-4531-b5b9-69abbb817206","local_time":"20190312110427","is_ascension_mode":true,"campfire_choices":[{"data":"Spot Weakness","floor":7,"key":"SMITH"},{"floor":10,"key":"REST"},{"floor":12,"key":"REST"},{"data":"Body Slam","floor":15,"key":"SMITH"},{"floor":23,"key":"REST"},{"data":"Limit Break","floor":25,"key":"SMITH"},{"data":"Disarm","floor":27,"key":"SMITH"},{"floor":29,"key":"DIG"},{"floor":32,"key":"REST"},{"floor":40,"key":"DIG"}],"neow_cost":"PERCENT_DAMAGE","seed_source_timestamp":700825900458500,"circlet_count":0,"master_deck":["AscendersBane","Defend_R","Defend_R","Defend_R","Defend_R","Bash","Battle Trance","Body Slam+1","Headbutt","Spot Weakness+1","Bludgeon","Disarm+1","Disarm","Limit Break+1","Cleave+1","Whirlwind","Pummel","Dual Wield+1","Corruption+1","Armaments+1","Barricade+1","Sword Boomerang","Anger"],"relics":["Burning Blood","Shovel","Calipers","MawBank","Boot","Meat on the Bone","Empty Cage","MutagenicStrength","Bag of Preparation","Frozen Egg 2","WingedGreaves","Charon\u0027s Ashes","Lantern","Velvet Choker","Red Mask","Orichalcum"],"potions_floor_usage":[16,24,24,30,33,41,41],"damage_taken":[{"damage":2,"enemies":"2 Louse","floor":1,"turns":3},{"damage":1,"enemies":"Cultist","floor":3,"turns":4},{"damage":0,"enemies":"Small Slimes","floor":4,"turns":4},{"damage":7,"enemies":"Looter","floor":5,"turns":5},{"damage":30,"enemies":"Lagavulin","floor":6,"turns":6},{"damage":28,"enemies":"Gremlin Nob","floor":8,"turns":4},{"damage":40,"enemies":"Lagavulin","floor":11,"turns":6},{"damage":30,"enemies":"The Guardian","floor":16,"turns":14},{"damage":12,"enemies":"Chosen","floor":18,"turns":6},{"damage":8,"enemies":"Shell Parasite","floor":21,"turns":6},{"damage":12,"enemies":"Snake Plant","floor":22,"turns":5},{"damage":55,"enemies":"Book of Stabbing","floor":24,"turns":6},{"damage":26,"enemies":"Centurion and Healer","floor":28,"turns":5},{"damage":8,"enemies":"3 Cultists","floor":30,"turns":4},{"damage":54,"enemies":"Champ","floor":33,"turns":8},{"damage":46,"enemies":"3 Darklings","floor":35,"turns":6},{"damage":0,"enemies":"Orb Walker","floor":36,"turns":1},{"damage":16,"enemies":"Spire Growth","floor":38,"turns":4},{"damage":50,"enemies":"Reptomancer","floor":41,"turns":4}],"seed_played":"5248554650789275896","potions_obtained":[{"floor":1,"key":"Fire Potion"},{"floor":6,"key":"Energy Potion"},{"floor":16,"key":"LiquidBronze"},{"floor":18,"key":"PowerPotion"},{"floor":24,"key":"Fire Potion"},{"floor":28,"key":"EssenceOfSteel"},{"floor":36,"key":"Weak Potion"}],"is_trial":false,"path_per_floor":["M","?","M","M","M","E","R","E","T","R","E","R","?","?","R","B",null,"M","?","?","M","M","R","E","R","T","R","M","R","M","$","R","B",null,"M","M","?","M","?","R","E"],"character_chosen":"IRONCLAD","items_purchased":["Charon\u0027s Ashes","Lantern","Armaments","SteroidPotion"],"campfire_rested":4,"item_purchase_floors":[31,31,31,31],"current_hp_per_floor":[55,55,60,66,65,41,41,19,19,43,9,33,33,33,33,21,65,59,59,59,57,51,75,38,38,38,38,30,30,40,40,64,28,67,39,57,57,47,47,47,0],"gold":12,"neow_bonus":"ONE_RARE_RELIC","is_prod":false,"is_daily":false,"chose_seed":false,"campfire_upgraded":4,"win_rate":0,"timestamp":1552385067,"path_taken":["M","?","M","?","M","E","R","E","T","R","E","R","?","?","R","BOSS","M","?","?","M","?","R","E","R","T","R","M","R","M","$","R","BOSS","M","M","?","M","?","R","E"],"build_version":"2019-01-23","purchased_purges":1,"victory":false,"max_hp_per_floor":[80,80,80,80,80,80,80,80,80,80,80,80,80,80,80,80,80,80,80,80,80,80,80,80,80,80,80,80,80,80,80,80,80,80,80,80,80,80,80,80,80],"card_choices":[{"not_picked":["Havoc","Iron Wave"],"picked":"Battle Trance","floor":1},{"not_picked":["Pommel Strike","Thunderclap"],"picked":"Body Slam","floor":3},{"not_picked":["Pommel Strike","Cleave"],"picked":"Headbutt","floor":4},{"not_picked":["Entrench","Iron Wave"],"picked":"Spot Weakness","floor":5},{"not_picked":["Sever Soul","Fire Breathing"],"picked":"Bludgeon","floor":6},{"not_picked":["Sever Soul","Entrench"],"picked":"Disarm","floor":8},{"not_picked":["Iron Wave","Burning Pact"],"picked":"Disarm","floor":11},{"not_picked":["Exhume","Bludgeon"],"picked":"Limit Break","floor":16},{"not_picked":["Sever Soul","Clothesline"],"picked":"Cleave+1","floor":18},{"not_picked":["Searing Blow","Flex"],"picked":"Pummel","floor":21},{"not_picked":["Flex","Fire Breathing","Pommel Strike"],"picked":"SKIP","floor":22},{"not_picked":["Body Slam","Seeing Red"],"picked":"Dual Wield+1","floor":24},{"not_picked":["Hemokinesis","Clothesline"],"picked":"Corruption+1","floor":28},{"not_picked":["Thunderclap+1","Wild Strike","True Grit"],"picked":"SKIP","floor":30},{"not_picked":["Dark Embrace+1","Bludgeon"],"picked":"Barricade+1","floor":33},{"not_picked":["Power Through+1","Infernal Blade"],"picked":"Sword Boomerang","floor":35},{"not_picked":["Cleave+1","Searing Blow","Pommel Strike+1"],"picked":"SKIP","floor":36},{"not_picked":["Havoc+1","Thunderclap+1"],"picked":"Anger","floor":38}],"player_experience":548692,"relics_obtained":[{"floor":6,"key":"Calipers"},{"floor":8,"key":"MawBank"},{"floor":9,"key":"Boot"},{"floor":11,"key":"Meat on the Bone"},{"floor":24,"key":"Bag of Preparation"},{"floor":26,"key":"Frozen Egg 2"},{"floor":29,"key":"WingedGreaves"},{"floor":40,"key":"Orichalcum"}],"event_choices":[{"cards_removed":["Strike_R"],"damage_healed":0,"gold_gain":0,"player_choice":"Offered Basic","damage_taken":0,"max_hp_gain":0,"max_hp_loss":0,"event_name":"Bonfire Elementals","floor":2,"gold_loss":0},{"cards_removed":["Strike_R"],"damage_healed":0,"gold_gain":0,"player_choice":"Card Removal","damage_taken":0,"max_hp_gain":0,"max_hp_loss":0,"event_name":"The Cleric","floor":13,"gold_loss":50},{"damage_healed":0,"gold_gain":0,"player_choice":"Left Gold","damage_taken":0,"max_hp_gain":0,"max_hp_loss":0,"event_name":"World of Goop","floor":14,"gold_loss":43},{"damage_healed":0,"gold_gain":0,"player_choice":"Inject Mutagens","damage_taken":0,"relics_obtained":["MutagenicStrength"],"max_hp_gain":0,"max_hp_loss":0,"event_name":"Drug Dealer","floor":19,"gold_loss":0},{"damage_healed":0,"gold_gain":0,"player_choice":"Read","damage_taken":0,"max_hp_gain":0,"max_hp_loss":0,"event_name":"The Library","floor":20,"gold_loss":0,"cards_obtained":["Whirlwind"]},{"damage_healed":0,"gold_gain":0,"player_choice":"Paid","damage_taken":0,"relics_obtained":["Red Mask"],"max_hp_gain":0,"max_hp_loss":0,"event_name":"Tomb of Lord Red Mask","floor":37,"gold_loss":136},{"damage_healed":0,"gold_gain":0,"player_choice":"Upgraded","damage_taken":0,"max_hp_gain":0,"max_hp_loss":0,"event_name":"Upgrade Shrine","floor":39,"gold_loss":0,"cards_upgraded":["Armaments"]}],"is_beta":false,"boss_relics":[{"not_picked":["Busted Crown","Fusion Hammer"],"picked":"Empty Cage"},{"not_picked":["Coffee Dripper","Astrolabe"],"picked":"Velvet Choker"}],"items_purged_floors":[31],"is_endless":false,"potions_floor_spawned":[1,6,11,16,18,24,28,36],"killed_by":"Reptomancer","ascension_level":11}