{"gold_per_floor":[112,112,387,397,3,38,52,80,107,122,122,72,87,87,87,182,482,497,497,56,156,106,106,138,138,165,181,181,211,224,242,242,342,342,358,368,113,133,233,233,233,183,183,183,215,0,0,18,18,18,18,18,18,46,46],"floor_reached":55,"playtime":13537,"items_purged":["Regret","Strike_R","Writhe","Strike_R","Strike_R","Strike_R"],"score":1249,"play_id":"122a6b79-4b86-4a6d-99e2-561a58a4f623","local_time":"20190314202124","is_ascension_mode":true,"campfire_choices":[{"data":"Armaments","floor":15,"key":"SMITH"},{"floor":23,"key":"REST"},{"floor":28,"key":"REST"},{"data":"Heavy Blade","floor":32,"key":"SMITH"},{"floor":40,"key":"REST"},{"floor":41,"key":"RECALL"},{"floor":44,"key":"REST"},{"floor":49,"key":"REST"},{"floor":52,"key":"REST"}],"neow_cost":"NONE","seed_source_timestamp":141275753019380,"circlet_count":0,"master_deck":["AscendersBane","Strike_R","Defend_R+1","Defend_R+1","Defend_R","Defend_R","Bash","Inflame+1","Armaments+1","Pommel Strike","Iron Wave","Reaper","Shrug It Off","Headbutt","Limit Break","Heavy Blade+1","Limit Break+1","True Grit","Armaments+1","Heavy Blade","Reaper","Heavy Blade+1","Reaper","Sword Boomerang+1","Battle Trance","Sword Boomerang+1"],"relics":["Burning Blood","NeowsBlessing","Smiling Mask","Bronze Scales","Omamori","Lantern","Mummified Hand","Happy Flower","Calling Bell","Anchor","Mercury Hourglass","Old Coin","DollysMirror","Strawberry","Prayer Wheel","Dodecahedron","Pen Nib","Bottled Lightning","Red Skull","Pear","Orrery","Brimstone","WingedGreaves","Frozen Egg 2","Oddly Smooth Stone","Red Mask","War Paint"],"potions_floor_usage":[8,16,16,33,35,39,54,55,55],"damage_taken":[{"damage":0,"enemies":"Jaw Worm","floor":1,"turns":1},{"damage":0,"enemies":"Small Slimes","floor":4,"turns":1},{"damage":0,"enemies":"3 Sentries","floor":6,"turns":2},{"damage":6,"enemies":"Cultist","floor":7,"turns":3},{"damage":25,"enemies":"Lagavulin","floor":8,"turns":6},{"damage":6,"enemies":"Blue Slaver","floor":10,"turns":4},{"damage":13,"enemies":"Exordium Thugs","floor":13,"turns":4},{"damage":1,"enemies":"The Guardian","floor":16,"turns":8},{"damage":17,"enemies":"3 Byrds","floor":18,"turns":4},{"damage":22,"enemies":"Colosseum Slavers","floor":21,"turns":3},{"damage":42,"enemies":"Colosseum Nobs","floor":21,"turns":9},{"damage":53,"enemies":"Book of Stabbing","floor":24,"turns":5},{"damage":11,"enemies":"Spheric Guardian","floor":27,"turns":3},{"damage":32,"enemies":"Slavers","floor":29,"turns":5},{"damage":1,"enemies":"Snake Plant","floor":30,"turns":2},{"damage":0,"enemies":"Centurion and Healer","floor":31,"turns":5},{"damage":47,"enemies":"Champ","floor":33,"turns":8},{"damage":69,"enemies":"3 Darklings","floor":35,"turns":5},{"damage":0,"enemies":"Orb Walker","floor":36,"turns":2},{"damage":64,"enemies":"Writhing Mass","floor":38,"turns":4},{"damage":0,"enemies":"Mind Bloom Boss Battle","floor":39,"turns":2},{"damage":91,"enemies":"Nemesis","floor":45,"turns":5},{"damage":6,"enemies":"4 Shapes","floor":48,"turns":3},{"damage":102,"enemies":"Donu and Deca","floor":50,"turns":6},{"damage":81,"enemies":"Shield and Spear","floor":54,"turns":5},{"damage":73,"enemies":"The Heart","floor":55,"turns":3}],"seed_played":"-6603771038726684810","potions_obtained":[{"floor":4,"key":"PowerPotion"},{"floor":7,"key":"AttackPotion"},{"floor":8,"key":"Fire Potion"},{"floor":29,"key":"Dexterity Potion"},{"floor":33,"key":"GamblersBrew"},{"floor":38,"key":"Energy Potion"},{"floor":45,"key":"Explosive Potion"},{"floor":48,"key":"Fire Potion"},{"floor":54,"key":"Weak Potion"}],"is_trial":false,"path_per_floor":["M","?","?","M","$","E","M","E","T","M","?","$","M","?","R","B",null,"M","?","$","?","$","R","E","T","T","M","R","E","M","M","R","B",null,"M","M","$","M","?","R","R","$","T","R","E","?","?","M","R","B",null,"R","$","E","B"],"character_chosen":"IRONCLAD","items_purchased":["Bronze Scales","Omamori","Corruption","DollysMirror","Strawberry","True Grit","Brimstone"],"campfire_rested":6,"item_purchase_floors":[5,5,5,20,20,20,37],"current_hp_per_floor":[78,71,71,77,77,80,80,61,61,66,66,66,73,57,57,72,78,69,69,76,38,38,64,17,17,17,12,38,22,37,60,60,19,78,46,52,52,10,16,45,45,45,45,74,29,29,29,71,97,59,88,97,97,70,0],"gold":46,"neow_bonus":"THREE_ENEMY_KILL","is_prod":false,"is_daily":false,"chose_seed":false,"campfire_upgraded":2,"win_rate":0,"timestamp":1552605684,"path_taken":["M","?","?","M","$","E","?","E","T","M","?","?","M","?","R","BOSS","M","?","$","?","$","R","E","?","T","M","R","E","M","M","R","BOSS","M","M","$","M","?","R","R","$","T","R","E","?","?","M","R","BOSS","R","$","E","BOSS"],"build_version":"2019-01-23","purchased_purges":6,"victory":false,"max_hp_per_floor":[80,80,80,80,80,80,80,80,80,80,80,80,80,80,80,80,80,80,80,87,87,87,87,87,87,87,87,87,97,97,97,97,97,97,97,97,97,97,97,97,97,97,97,97,97,97,97,97,97,97,97,97,97,97,97],"card_choices":[{"not_picked":["Armaments","Body Slam"],"picked":"Inflame","floor":1},{"not_picked":["Burning Pact","Anger"],"picked":"Armaments","floor":4},{"not_picked":["Havoc","True Grit"],"picked":"Pommel Strike","floor":6},{"not_picked":["Cleave","Infernal Blade"],"picked":"Iron Wave","floor":7},{"not_picked":["Dual Wield","Pummel"],"picked":"Reaper","floor":8},{"not_picked":["True Grit","Anger"],"picked":"Shrug It Off","floor":10},{"not_picked":["Armaments","Dark Embrace"],"picked":"Headbutt","floor":13},{"not_picked":["Double Tap","Offering"],"picked":"Limit Break","floor":16},{"not_picked":["Shockwave","True Grit+1"],"picked":"Heavy Blade","floor":18},{"not_picked":["Dark Embrace","Clash"],"picked":"Armaments+1","floor":24},{"not_picked":["Warcry","Anger+1","Flame Barrier"],"picked":"SKIP","floor":27},{"not_picked":["Intimidate","Shockwave","Seeing Red+1"],"picked":"SKIP","floor":27},{"not_picked":["Wild Strike","Clothesline","Bludgeon"],"picked":"SKIP","floor":29},{"not_picked":["Disarm","Havoc","Power Through"],"picked":"SKIP","floor":30},{"not_picked":["Evolve","True Grit","Dual Wield"],"picked":"SKIP","floor":30},{"not_picked":["Perfected Strike+1","Iron Wave"],"picked":"Heavy Blade","floor":31},{"not_picked":["Uppercut","Flex","Clash"],"picked":"SKIP","floor":31},{"not_picked":["Fiend Fire","Juggernaut"],"picked":"Reaper","floor":33},{"not_picked":["Warcry","Intimidate"],"picked":"Heavy Blade+1","floor":34},{"not_picked":["Intimidate","Heavy Blade","Dual Wield"],"picked":"SKIP","floor":35},{"not_picked":["Body Slam+1","Dropkick","Warcry"],"picked":"SKIP","floor":35},{"not_picked":["Anger+1","Flex"],"picked":"Reaper","floor":36},{"not_picked":["Evolve","Heavy Blade","Clash+1"],"picked":"SKIP","floor":36},{"not_picked":["True Grit+1","Cleave+1"],"picked":"Sword Boomerang+1","floor":38},{"not_picked":["Pommel Strike","True Grit+1","Sentinel+1"],"picked":"SKIP","floor":38},{"not_picked":["Fiend Fire","Offering"],"picked":"Battle Trance","floor":45},{"not_picked":["Bloodletting+1","Havoc"],"picked":"Sword Boomerang+1","floor":48},{"not_picked":["Dual Wield+1","Entrench+1","Warcry+1"],"picked":"SKIP","floor":48},{"not_picked":["Disarm+1","Brutality+1","Anger"],"picked":"SKIP","floor":54}],"player_experience":941115,"relics_obtained":[{"floor":6,"key":"Lantern"},{"floor":8,"key":"Mummified Hand"},{"floor":17,"key":"Anchor"},{"floor":17,"key":"Mercury Hourglass"},{"floor":17,"key":"Old Coin"},{"floor":21,"key":"Prayer Wheel"},{"floor":21,"key":"Dodecahedron"},{"floor":24,"key":"Pen Nib"},{"floor":25,"key":"Bottled Lightning"},{"floor":26,"key":"Red Skull"},{"floor":29,"key":"Pear"},{"floor":39,"key":"WingedGreaves"},{"floor":43,"key":"Frozen Egg 2"},{"floor":45,"key":"Oddly Smooth Stone"},{"floor":54,"key":"War Paint"}],"event_choices":[{"damage_healed":0,"gold_gain":0,"player_choice":"Success","damage_taken":7,"relics_obtained":["Smiling Mask"],"max_hp_gain":0,"max_hp_loss":0,"event_name":"Scrap Ooze","floor":2,"gold_loss":0},{"damage_healed":0,"gold_gain":275,"player_choice":"Desecrate","damage_taken":0,"max_hp_gain":0,"max_hp_loss":0,"event_name":"Golden Shrine","floor":3,"gold_loss":0,"cards_obtained":["Regret"]},{"cards_removed":["Corruption"],"damage_healed":0,"gold_gain":0,"player_choice":"Gave Card","damage_taken":0,"relics_obtained":["Happy Flower"],"max_hp_gain":0,"max_hp_loss":0,"event_name":"WeMeetAgain","floor":11,"gold_loss":0},{"damage_healed":0,"gold_gain":0,"player_choice":"Entered Light","damage_taken":16,"max_hp_gain":0,"max_hp_loss":0,"event_name":"Shining Light","floor":14,"gold_loss":0,"cards_upgraded":["Defend_R","Inflame"]},{"damage_healed":0,"gold_gain":0,"player_choice":"Ignored","damage_taken":0,"max_hp_gain":0,"max_hp_loss":0,"event_name":"Vampires","floor":19,"gold_loss":0},{"damage_healed":0,"gold_gain":0,"player_choice":"Fight","damage_taken":0,"max_hp_gain":0,"max_hp_loss":0,"event_name":"Colosseum","floor":21,"gold_loss":0},{"damage_healed":0,"gold_gain":0,"player_choice":"Fought Nobs","damage_taken":0,"max_hp_gain":0,"max_hp_loss":0,"event_name":"Colosseum","floor":21,"gold_loss":0},{"damage_healed":0,"gold_gain":0,"player_choice":"Fight","damage_taken":0,"max_hp_gain":0,"max_hp_loss":0,"event_name":"MindBloom","floor":39,"gold_loss":0},{"damage_healed":0,"gold_gain":0,"player_choice":"Paid","damage_taken":0,"relics_obtained":["Red Mask"],"max_hp_gain":0,"max_hp_loss":0,"event_name":"Tomb of Lord Red Mask","floor":46,"gold_loss":215},{"damage_healed":0,"gold_gain":0,"player_choice":"Memory 1","damage_taken":0,"max_hp_gain":0,"max_hp_loss":0,"event_name":"SensoryStone","floor":47,"gold_loss":0}],"is_beta":false,"boss_relics":[{"not_picked":["White Beast Statue","Snecko Eye"],"picked":"Calling Bell"},{"not_picked":["Runic Cube","Coffee Dripper"],"picked":"Orrery"}],"items_purged_floors":[5,12,20,22,37,42],"is_endless":false,"potions_floor_spawned":[4,7,8,10,13,21,29,33,38,45,48,54],"killed_by":"The Heart","ascension_level":11}