{"gold_per_floor":[111,130,3,13,13,44,44,60,60,80,5,36,46,73,73,149,149,167,184,202,202],"floor_reached":21,"playtime":672,"items_purged":["Strike_B"],"score":406,"play_id":"92912d17-38a0-4fc6-ba4e-7e71f9feb692","local_time":"20190427161305","is_ascension_mode":true,"campfire_choices":[{"data":"Dualcast","floor":7.0,"key":"SMITH"},{"data":"Streamline","floor":15.0,"key":"SMITH"}],"neow_cost":"NONE","seed_source_timestamp":375141032484000,"circlet_count":0,"master_deck":["AscendersBane","Strike_B","Strike_B","Defend_B","Defend_B","Defend_B","Defend_B","Zap+1","Dualcast+1","Ball Lightning","Sweeping Beam","Leap","Loop","Streamline+1","Leap","Reinforced Body","Go for the Eyes","Rainbow","Redo+1","Leap","Conserve Battery"],"special_seed":0,"relics":["Cracked Core","NeowsBlessing","Centennial Puzzle","Pantograph","Turnip","PreservedInsect","Cursed Key"],"potions_floor_usage":[],"damage_taken":[{"damage":0.0,"enemies":"Cultist","floor":1.0,"turns":1.0},{"damage":0.0,"enemies":"Small Slimes","floor":2.0,"turns":1.0},{"damage":0.0,"enemies":"2 Louse","floor":4.0,"turns":1.0},{"damage":25.0,"enemies":"Lagavulin","floor":6.0,"turns":6.0},{"damage":2.0,"enemies":"Looter","floor":8.0,"turns":3.0},{"damage":1.0,"enemies":"2 Fungi Beasts","floor":10.0,"turns":2.0},{"damage":8.0,"enemies":"Gremlin Nob","floor":12.0,"turns":3.0},{"damage":0.0,"enemies":"Large Slime","floor":13.0,"turns":4.0},{"damage":3.0,"enemies":"3 Sentries","floor":14.0,"turns":4.0},{"damage":12.0,"enemies":"Hexaghost","floor":16.0,"turns":8.0},{"damage":17.0,"enemies":"Spheric Guardian","floor":18.0,"turns":4.0},{"damage":16,"enemies":"Chosen","floor":19,"turns":4},{"damage":22,"enemies":"Centurion and Healer","floor":20,"turns":9},{"damage":9,"enemies":"Chosen and Byrds","floor":21,"turns":4}],"seed_played":"4763333899283018052","potions_obtained":[{"floor":2.0,"key":"Explosive Potion"},{"floor":4.0,"key":"Fire Potion"},{"floor":12.0,"key":"PowerPotion"},{"floor":14.0,"key":"LiquidBronze"},{"floor":20,"key":"Block Potion"}],"is_trial":false,"path_per_floor":["M","M","$","M","?","E","R","M","T","M","?","E","M","E","R","B",null,"M","M","M","M"],"character_chosen":"DEFECT","items_purchased":["Sweeping Beam"],"campfire_rested":0,"item_purchase_floors":[3],"current_hp_per_floor":[64,64,64,64,64,39,39,37,37,36,36,28,28,25,25,38,63,46,30,8,0],"gold":202,"neow_bonus":"THREE_ENEMY_KILL","is_prod":false,"is_daily":false,"chose_seed":false,"campfire_upgraded":2,"win_rate":0,"timestamp":1556374385,"path_taken":["M","M","$","?","?","E","R","?","T","M","?","E","M","E","R","BOSS","M","M","M","M"],"build_version":"2019-01-23","purchased_purges":1,"victory":false,"max_hp_per_floor":[71,71,71,71,71,71,71,71,71,71,71,71,71,71,71,71,71,71,71,71,71],"card_choices":[{"not_picked":["Aggregate","Recycle"],"picked":"Ball Lightning","floor":1.0},{"not_picked":["Force Field","Redo","Steam Power"],"picked":"SKIP","floor":2.0},{"not_picked":["Barrage","Sweeping Beam"],"picked":"Leap","floor":4.0},{"not_picked":["Reprogram","Static Discharge"],"picked":"Loop","floor":6.0},{"not_picked":["Go for the Eyes","Hologram"],"picked":"Streamline","floor":8.0},{"not_picked":["FTL","Rainbow"],"picked":"Leap","floor":10.0},{"not_picked":["Skim","Gash","Redo"],"picked":"SKIP","floor":12.0},{"not_picked":["Beam Cell","Barrage"],"picked":"Reinforced Body","floor":13.0},{"not_picked":["Scrape","Gash"],"picked":"Go for the Eyes","floor":14.0},{"not_picked":["Meteor Strike","Buffer"],"picked":"Rainbow","floor":16.0},{"not_picked":["Go for the Eyes","Reinforced Body"],"picked":"Redo+1","floor":18.0},{"not_picked":["Stack","Gash"],"picked":"Leap","floor":19},{"not_picked":["Streamline","Gash"],"picked":"Conserve Battery","floor":20}],"player_experience":633901,"relics_obtained":[{"floor":6.0,"key":"Centennial Puzzle"},{"floor":9.0,"key":"Pantograph"},{"floor":12.0,"key":"Turnip"},{"floor":14.0,"key":"PreservedInsect"}],"event_choices":[{"damage_healed":0.0,"max_hp_gain":0.0,"max_hp_loss":0.0,"gold_gain":0.0,"event_name":"Accursed Blacksmith","player_choice":"Forge","floor":5.0,"gold_loss":0.0,"damage_taken":0.0,"cards_upgraded":["Zap"]},{"cards_removed":["Strike_B"],"damage_healed":0.0,"max_hp_gain":0.0,"max_hp_loss":0.0,"gold_gain":0.0,"event_name":"The Cleric","player_choice":"Card Removal","floor":11.0,"gold_loss":75.0,"damage_taken":0.0}],"is_beta":false,"boss_relics":[{"not_picked":["Black Star","Eternal Feather"],"picked":"Cursed Key"}],"items_purged_floors":[3],"is_endless":false,"potions_floor_spawned":[2,4,10,12,14,20],"killed_by":"Chosen and Byrds","ascension_level":20}