{"gold_per_floor":[115,19,19,37,37,66,66,76,130,130,155,155,166,166,166,241,241,253,269,269,269,194,194,219,219,244,244,262,262,293,303,303,378,378,391,391,409,409,55,55,86,86,137,148,73,86,86,98,98,98],"floor_reached":50,"playtime":2076,"items_purged":["Pain"],"score":902,"play_id":"b1af30c4-94e5-40d2-b92c-bb420e911e5c","local_time":"20190416213532","is_ascension_mode":true,"campfire_choices":[{"data":"Defragment","floor":7,"key":"SMITH"},{"floor":10,"key":"REST"},{"data":"1","floor":12,"key":"LIFT"},{"floor":15,"key":"REST"},{"data":"2","floor":23,"key":"LIFT"},{"floor":27,"key":"REST"},{"floor":32,"key":"REST"},{"data":"3","floor":40,"key":"LIFT"},{"data":"Whirlwind","floor":42,"key":"SMITH"},{"floor":49,"key":"RECALL"}],"neow_cost":"NONE","seed_source_timestamp":458392022675683,"circlet_count":0,"master_deck":["AscendersBane","Strike_B+1","Strike_B+1","Strike_B+1","Defend_B+1","Defend_B+1","Defend_B+1","Defend_B+1","Zap+1","Dualcast+1","Rebound+1","Defragment+1","Hologram+1","Streamline+1","Go for the Eyes+1","Hologram+1","Seek+1","Sweeping Beam+1","Machine Learning+1","Leap+1","Chill+1","Hologram+1","Regret","Glacier+1","Loop+1","Go for the Eyes+1","Echo Form+1","Self Repair+1","Jack Of All Trades+1","Whirlwind+1","Ghostly Armor+1","Dodge and Roll+1","Dodge and Roll"],"relics":["Cracked Core","Pen Nib","Ancient Tea Set","Girya","Cursed Key","Nilry\u0027s Codex","Meat on the Bone","Dream Catcher","Bird Faced Urn","Sozu","Mark of the Bloom","DataDisk","PrismaticShard","Sundial"],"potions_floor_usage":[11,16,18,30,50],"damage_taken":[{"damage":5,"enemies":"Cultist","floor":1,"turns":4},{"damage":7,"enemies":"Jaw Worm","floor":4,"turns":3},{"damage":28,"enemies":"Gremlin Nob","floor":6,"turns":4},{"damage":0,"enemies":"Small Slimes","floor":8,"turns":3},{"damage":30,"enemies":"3 Sentries","floor":11,"turns":7},{"damage":0,"enemies":"2 Fungi Beasts","floor":13,"turns":2},{"damage":24,"enemies":"The Guardian","floor":16,"turns":10},{"damage":6,"enemies":"2 Thieves","floor":18,"turns":4},{"damage":5,"enemies":"Chosen","floor":19,"turns":4},{"damage":21,"enemies":"Book of Stabbing","floor":24,"turns":5},{"damage":6,"enemies":"Centurion and Healer","floor":28,"turns":8},{"damage":30,"enemies":"Slavers","floor":30,"turns":6},{"damage":8,"enemies":"Cultist and Chosen","floor":31,"turns":8},{"damage":84,"enemies":"Collector","floor":33,"turns":10},{"damage":16,"enemies":"Orb Walker","floor":35,"turns":3},{"damage":6,"enemies":"3 Shapes","floor":37,"turns":5},{"damage":10,"enemies":"Nemesis","floor":41,"turns":7},{"damage":18,"enemies":"Spire Growth","floor":44,"turns":6},{"damage":3,"enemies":"Maw","floor":46,"turns":7},{"damage":1,"enemies":"Jaw Worm Horde","floor":48,"turns":5},{"damage":24,"enemies":"Awakened One","floor":50,"turns":10}],"seed_played":"-6509889124913794398","potions_obtained":[{"floor":4,"key":"EssenceOfSteel"},{"floor":13,"key":"Dexterity Potion"},{"floor":16,"key":"SkillPotion"},{"floor":24,"key":"PowerPotion"},{"floor":25,"key":"FairyPotion"},{"floor":30,"key":"Strength Potion"},{"floor":33,"key":"Poison Potion"}],"is_trial":false,"path_per_floor":["M","$","?","M","$","E","R","M","T","R","E","R","M","?","R","B",null,"M","M","?","?","?","R","E","?","T","R","M","?","E","M","R","B",null,"M","?","M","?","$","R","E","R","T","M","$","M","?","M","R","B"],"character_chosen":"DEFECT","items_purchased":["Defragment","Hologram","DataDisk","PrismaticShard"],"campfire_rested":4,"item_purchase_floors":[2,2,39,39],"current_hp_per_floor":[59,59,59,52,52,24,24,24,24,45,15,15,15,15,36,12,56,50,45,29,29,29,29,8,8,8,29,35,35,17,39,60,19,58,48,48,52,52,52,52,42,42,42,24,24,21,21,20,20,0],"gold":98,"neow_bonus":"UPGRADE_CARD","is_prod":false,"is_daily":false,"chose_seed":false,"campfire_upgraded":2,"win_rate":0,"timestamp":1555461332,"path_taken":["M","?","?","M","?","E","R","M","T","R","E","R","?","?","R","BOSS","M","M","?","?","?","R","E","?","T","R","?","?","E","M","R","BOSS","M","?","M","?","$","R","E","R","T","M","?","M","?","M","R","BOSS"],"build_version":"2019-01-23","purchased_purges":1,"victory":false,"max_hp_per_floor":[71,71,71,71,71,71,71,71,71,71,71,71,71,71,71,71,71,71,71,71,71,71,71,71,71,71,71,71,71,71,71,71,71,71,71,71,71,71,71,71,71,71,71,71,71,71,62,62,62,62],"card_choices":[{"not_picked":["Streamline","Turbo"],"picked":"Rebound","floor":1},{"not_picked":["Force Field","Double Energy"],"picked":"Streamline","floor":4},{"not_picked":["Scrape","Force Field"],"picked":"Go for the Eyes","floor":6},{"not_picked":["Heatsinks","Lockon"],"picked":"Hologram","floor":8},{"not_picked":["Recycle","Blizzard"],"picked":"Seek","floor":11},{"not_picked":["Conserve Battery","Go for the Eyes"],"picked":"Sweeping Beam","floor":13},{"not_picked":["Hyperbeam","Seek"],"picked":"Machine Learning","floor":16},{"not_picked":["Rebound","Lockon"],"picked":"Leap","floor":18},{"not_picked":["Force Field+1","Melter"],"picked":"Chill","floor":19},{"not_picked":["Storm","Reinforced Body"],"picked":"Hologram","floor":24},{"not_picked":["Turbo+1","Static Discharge"],"picked":"Glacier","floor":27},{"not_picked":["Stack","Scrape","Steam Power"],"picked":"SKIP","floor":28},{"not_picked":["Beam Cell","BootSequence"],"picked":"Loop","floor":30},{"not_picked":["Consume","Chaos","Recycle"],"picked":"SKIP","floor":31},{"not_picked":["Redo","Barrage"],"picked":"Go for the Eyes+1","floor":32},{"not_picked":["Biased Cognition","Thunder Strike"],"picked":"Echo Form","floor":33},{"not_picked":["Go for the Eyes","Steam Power+1"],"picked":"Self Repair","floor":35},{"not_picked":["Secret Weapon","Purity"],"picked":"Jack Of All Trades","floor":36},{"not_picked":["Genetic Algorithm","Sweeping Beam","Reprogram+1"],"picked":"SKIP","floor":37},{"not_picked":["Power Through","Cloak And Dagger"],"picked":"Whirlwind","floor":41},{"not_picked":["Perfected Strike+1","Anger+1"],"picked":"Ghostly Armor+1","floor":44},{"not_picked":["Fusion","Reprogram"],"picked":"Dodge and Roll+1","floor":46},{"not_picked":["Steam","Undo"],"picked":"Dodge and Roll","floor":48}],"player_experience":1143327,"relics_obtained":[{"floor":6,"key":"Pen Nib"},{"floor":9,"key":"Ancient Tea Set"},{"floor":11,"key":"Girya"},{"floor":20,"key":"Nilry\u0027s Codex"},{"floor":24,"key":"Meat on the Bone"},{"floor":26,"key":"Dream Catcher"},{"floor":30,"key":"Bird Faced Urn"},{"floor":41,"key":"Sundial"}],"event_choices":[{"damage_healed":0,"gold_gain":0,"player_choice":"Leave","damage_taken":0,"max_hp_gain":0,"max_hp_loss":0,"event_name":"The Cleric","floor":3,"gold_loss":0},{"damage_healed":0,"gold_gain":0,"player_choice":"Fled","damage_taken":0,"max_hp_gain":0,"max_hp_loss":0,"event_name":"Scrap Ooze","floor":14,"gold_loss":0},{"damage_healed":0,"gold_gain":0,"player_choice":"Obtained Book","damage_taken":16,"max_hp_gain":0,"max_hp_loss":0,"event_name":"Cursed Tome","floor":20,"gold_loss":0},{"damage_healed":0,"gold_gain":0,"player_choice":"Ignored","damage_taken":0,"max_hp_gain":0,"max_hp_loss":0,"event_name":"Ghosts","floor":21,"gold_loss":0},{"cards_removed":["Strike_B"],"damage_healed":0,"gold_gain":0,"player_choice":"Gave Gold","damage_taken":0,"max_hp_gain":0,"max_hp_loss":0,"event_name":"Beggar","floor":22,"gold_loss":75},{"damage_healed":0,"gold_gain":0,"player_choice":"Got Potions","damage_taken":0,"max_hp_gain":0,"max_hp_loss":0,"event_name":"Lab","floor":25,"gold_loss":0},{"damage_healed":0,"gold_gain":0,"player_choice":"Simplicity","damage_taken":0,"max_hp_gain":0,"max_hp_loss":0,"event_name":"Back to Basics","floor":29,"gold_loss":0,"cards_upgraded":["Strike_B","Strike_B","Strike_B","Defend_B","Defend_B","Defend_B","Defend_B"]},{"damage_healed":0,"gold_gain":0,"player_choice":"Memory 1","damage_taken":0,"max_hp_gain":0,"max_hp_loss":0,"event_name":"SensoryStone","floor":36,"gold_loss":0},{"damage_healed":0,"gold_gain":0,"player_choice":"Upgrade","damage_taken":0,"relics_obtained":["Mark of the Bloom"],"max_hp_gain":0,"max_hp_loss":0,"event_name":"MindBloom","floor":38,"gold_loss":0,"cards_upgraded":["Dualcast","Rebound","Hologram","Streamline","Go for the Eyes","Hologram","Seek","Sweeping Beam","Machine Learning","Leap","Chill","Hologram","Glacier","Loop","Echo Form","Self Repair","Jack Of All Trades"]},{"damage_healed":62,"gold_gain":0,"player_choice":"Heal","damage_taken":0,"max_hp_gain":0,"max_hp_loss":9,"event_name":"The Moai Head","floor":47,"gold_loss":0}],"is_beta":false,"boss_relics":[{"not_picked":["FrozenCore","Lizard Tail"],"picked":"Cursed Key"},{"not_picked":["Calling Bell","Velvet Choker"],"picked":"Sozu"}],"items_purged_floors":[45],"is_endless":false,"potions_floor_spawned":[4,13,16,24,30,33,37,41,46,48],"killed_by":"Awakened One","ascension_level":14}