{"gold_per_floor":[13,13,13,13,13,13,52,67,67,87,106,126,142,155,155,279,279,304,304,81,81,97,97],"floor_reached":23,"playtime":824,"items_purged":[],"score":261,"play_id":"b5bbf6d0-9f70-40f8-a7e0-a0250c59205c","local_time":"20190101020642","is_ascension_mode":true,"campfire_choices":[{"floor":6,"key":"REST"},{"floor":15,"key":"REST"}],"neow_cost":"NO_GOLD","seed_source_timestamp":884170552011713,"circlet_count":0,"master_deck":["Strike_R","Strike_R","Strike_R","Strike_R","Defend_R","Defend_R","Defend_R+1","Bash","Hemokinesis+1","Fiend Fire","Armaments+1","Injury","Twin Strike","Iron Wave","Shrug It Off","Cleave","Iron Wave","Shrug It Off","Sword Boomerang","Barricade","Anger","Warcry","Flex","Seeing Red","Anger","Fire Breathing+1","Bandage Up","Spot Weakness"],"relics":["Burning Blood","Kunai","Bag of Marbles","Orrery","Tiny Chest","Nloth\u0027s Gift"],"potions_floor_usage":[16,16,16,16],"damage_taken":[{"damage":15,"enemies":"Small Slimes","floor":1,"turns":4},{"damage":23,"enemies":"Gremlin Nob","floor":7,"turns":4},{"damage":0,"enemies":"Jaw Worm","floor":8,"turns":4},{"damage":8,"enemies":"2 Louse","floor":10,"turns":2},{"damage":15,"enemies":"Gremlin Gang","floor":11,"turns":5},{"damage":0,"enemies":"Blue Slaver","floor":12,"turns":3},{"damage":11,"enemies":"2 Fungi Beasts","floor":13,"turns":2},{"damage":15,"enemies":"Lots of Slimes","floor":14,"turns":4},{"damage":61,"enemies":"The Guardian","floor":16,"turns":14},{"damage":37,"enemies":"2 Thieves","floor":18,"turns":4},{"damage":42,"enemies":"Colosseum Slavers","floor":19,"turns":5},{"damage":21,"enemies":"Spheric Guardian","floor":22,"turns":5},{"damage":11,"enemies":"Gremlin Leader","floor":23,"turns":1}],"seed_played":"-279645438472241588","potions_obtained":[{"floor":7,"key":"GamblersBrew"},{"floor":8,"key":"EntropicBrew"},{"floor":12,"key":"LiquidBronze"},{"floor":16,"key":"FairyPotion"}],"is_trial":false,"path_per_floor":["M","?","?","?","$","R","E","M","T","M","M","M","M","M","R","B",null,"M","?","$","?","M","E"],"character_chosen":"IRONCLAD","items_purchased":["Tiny Chest","Bandage Up"],"campfire_rested":2,"item_purchase_floors":[20,20],"current_hp_per_floor":[63,47,47,47,47,71,54,60,60,58,49,55,50,41,65,10,63,32,10,10,10,11,0],"gold":97,"neow_bonus":"TRANSFORM_TWO_CARDS","is_prod":false,"is_daily":false,"chose_seed":false,"campfire_upgraded":0,"win_rate":0,"timestamp":1546319202,"path_taken":["M","?","?","?","$","R","E","M","T","M","M","?","M","M","R","BOSS","M","?","$","?","M","E"],"build_version":"2018-12-20","purchased_purges":0,"victory":false,"max_hp_per_floor":[80,80,80,80,80,80,80,80,80,80,80,80,80,80,80,80,80,80,80,80,80,80,80],"card_choices":[{"not_picked":["Headbutt","Perfected Strike"],"picked":"Armaments","floor":1},{"not_picked":["Heavy Blade","Hemokinesis"],"picked":"Twin Strike","floor":7},{"not_picked":["Dual Wield","Anger"],"picked":"Iron Wave","floor":8},{"not_picked":["Sentinel","Second Wind"],"picked":"Shrug It Off","floor":10},{"not_picked":["Exhume","Anger"],"picked":"Cleave","floor":11},{"not_picked":["Hemokinesis","Thunderclap"],"picked":"Iron Wave","floor":12},{"not_picked":["Clash","Thunderclap"],"picked":"Shrug It Off","floor":13},{"not_picked":["Sever Soul","Havoc"],"picked":"Sword Boomerang","floor":14},{"not_picked":["Bludgeon","Dark Embrace"],"picked":"Barricade","floor":16},{"not_picked":["True Grit","Heavy Blade"],"picked":"Anger","floor":17},{"not_picked":["Exhume","Havoc"],"picked":"Warcry","floor":17},{"not_picked":["Heavy Blade","Infernal Blade"],"picked":"Flex","floor":17},{"not_picked":["Metallicize","Perfected Strike"],"picked":"Seeing Red","floor":17},{"not_picked":["Twin Strike","Combust"],"picked":"Anger","floor":17},{"not_picked":["Sword Boomerang","Feed"],"picked":"Fire Breathing+1","floor":18},{"not_picked":["Infernal Blade","Armaments"],"picked":"Spot Weakness","floor":22}],"player_experience":595125,"relics_obtained":[{"floor":7,"key":"Kunai"},{"floor":9,"key":"Bag of Marbles"}],"event_choices":[{"damage_healed":0,"gold_gain":0,"player_choice":"Entered Light","damage_taken":16,"max_hp_gain":0,"max_hp_loss":0,"event_name":"Shining Light","floor":2,"gold_loss":0,"cards_upgraded":["Hemokinesis","Defend_R"]},{"damage_healed":0,"gold_gain":0,"player_choice":"Take Wound","damage_taken":0,"relics_obtained":["Golden Idol"],"max_hp_gain":0,"max_hp_loss":0,"event_name":"Golden Idol","floor":3,"gold_loss":0,"cards_obtained":["Injury"]},{"damage_healed":0,"gold_gain":0,"player_choice":"Upgraded","damage_taken":0,"max_hp_gain":0,"max_hp_loss":0,"event_name":"Upgrade Shrine","floor":4,"gold_loss":0,"cards_upgraded":["Armaments"]},{"damage_healed":0,"gold_gain":0,"player_choice":"Fight","damage_taken":0,"max_hp_gain":0,"max_hp_loss":0,"event_name":"Colosseum","floor":19,"gold_loss":0},{"damage_healed":0,"gold_gain":0,"player_choice":"Fled From Nobs","damage_taken":0,"max_hp_gain":0,"max_hp_loss":0,"event_name":"Colosseum","floor":19,"gold_loss":0},{"damage_healed":0,"gold_gain":0,"player_choice":"Traded Relic","damage_taken":0,"relics_obtained":["Nloth\u0027s Gift"],"max_hp_gain":0,"max_hp_loss":0,"event_name":"N\u0027loth","floor":21,"relics_lost":["Golden Idol"],"gold_loss":0}],"is_beta":false,"boss_relics":[{"not_picked":["Empty Cage","White Beast Statue"],"picked":"Orrery"}],"items_purged_floors":[],"is_endless":false,"potions_floor_spawned":[7,8,12,14,16],"killed_by":"Gremlin Leader","ascension_level":7}