{"gold_per_floor":[118,130,150,160,260,295,309,340,340,366,376,389,389,422,422,518,518,536,536,536,81,101,134,134,189,189,114,114,128,162,181,181,279,279,290,302,302,320,330,361,11,11,11,11,11,39,139,152,152,152,152,152,6,37,37],"floor_reached":56,"playtime":3778,"items_purged":["Strike_B+1"],"score":1792,"play_id":"6c0c36d6-aa07-401b-8e29-025c3c313ce3","local_time":"20190328145746","is_ascension_mode":true,"campfire_choices":[{"data":"Zap","floor":13,"key":"SMITH"},{"data":"Coolheaded","floor":15,"key":"SMITH"},{"data":"Seek","floor":24,"key":"SMITH"},{"data":"Coolheaded","floor":28,"key":"SMITH"},{"data":"Tempest","floor":32,"key":"SMITH"},{"floor":42,"key":"RECALL"},{"data":"White Noise","floor":45,"key":"SMITH"},{"data":"Sunder","floor":49,"key":"SMITH"},{"data":"Ball Lightning","floor":52,"key":"SMITH"}],"neow_cost":"NONE","seed_source_timestamp":1451839580754213,"circlet_count":0,"master_deck":["Strike_B+1","Strike_B+1","Defend_B+1","Defend_B+1","Defend_B+1","Defend_B+1","Zap+1","FTL","Genetic Algorithm","Ball Lightning+1","Ball Lightning+1","Conserve Battery","Coolheaded+1","Auto Shields","Coolheaded+1","Ball Lightning+1","Glacier","Core Surge","Seek+1","Cold Snap","Necronomicurse","Biased Cognition+1","Conserve Battery","Steam Power+1","Tempest+1","Tempest+1","Ball Lightning+1","Hello World+1","Conserve Battery","Echo Form+1","Sweeping Beam+1","Undo+1","White Noise+1","Mayhem+1","Capacitor+1","Sunder+1","Doom and Gloom+1","Echo Form+1"],"relics":["Cracked Core","Oddly Smooth Stone","Lantern","Thread and Needle","Incense Burner","Bottled Lightning","Coffee Dripper","Necronomicon","Frozen Egg 2","Gambling Chip","Tiny Chest","Symbiotic Virus","Happy Flower","Runic Dome","Kunai","Letter Opener","Vajra","Sundial","Nunchaku","DataDisk","Whetstone"],"potions_floor_usage":[10,14,23,25,30,54,55,55,55,55],"damage_taken":[{"damage":0,"enemies":"Cultist","floor":1,"turns":3},{"damage":0,"enemies":"2 Louse","floor":2,"turns":2},{"damage":0,"enemies":"Small Slimes","floor":3,"turns":3},{"damage":10,"enemies":"3 Louse","floor":4,"turns":2},{"damage":18,"enemies":"3 Sentries","floor":6,"turns":7},{"damage":0,"enemies":"2 Fungi Beasts","floor":7,"turns":4},{"damage":11,"enemies":"Lagavulin","floor":8,"turns":6},{"damage":0,"enemies":"Gremlin Nob","floor":10,"turns":3},{"damage":0,"enemies":"Exordium Thugs","floor":11,"turns":3},{"damage":0,"enemies":"Looter","floor":12,"turns":2},{"damage":0,"enemies":"Lagavulin","floor":14,"turns":10},{"damage":0,"enemies":"Slime Boss","floor":16,"turns":11},{"damage":0,"enemies":"2 Thieves","floor":18,"turns":3},{"damage":0,"enemies":"Chosen","floor":22,"turns":3},{"damage":0,"enemies":"Book of Stabbing","floor":23,"turns":4},{"damage":0,"enemies":"Gremlin Leader","floor":25,"turns":7},{"damage":0,"enemies":"Snake Plant","floor":29,"turns":3},{"damage":0,"enemies":"Book of Stabbing","floor":30,"turns":4},{"damage":0,"enemies":"3 Cultists","floor":31,"turns":3},{"damage":0,"enemies":"Champ","floor":33,"turns":9},{"damage":0,"enemies":"3 Darklings","floor":35,"turns":5},{"damage":0,"enemies":"Orb Walker","floor":36,"turns":3},{"damage":0,"enemies":"Maw","floor":38,"turns":7},{"damage":0,"enemies":"Jaw Worm Horde","floor":39,"turns":4},{"damage":0,"enemies":"Reptomancer","floor":40,"turns":6},{"damage":0,"enemies":"Giant Head","floor":46,"turns":8},{"damage":0,"enemies":"Mind Bloom Boss Battle","floor":47,"turns":7},{"damage":0,"enemies":"Spire Growth","floor":48,"turns":4},{"damage":0,"enemies":"Donu and Deca","floor":50,"turns":7},{"damage":0,"enemies":"Shield and Spear","floor":54,"turns":4},{"damage":0,"enemies":"The Heart","floor":55,"turns":8}],"seed_played":"5442062284825216006","potions_obtained":[{"floor":6,"key":"Fire Potion"},{"floor":8,"key":"LiquidBronze"},{"floor":10,"key":"Weak Potion"},{"floor":11,"key":"GamblersBrew"},{"floor":14,"key":"SmokeBomb"},{"floor":18,"key":"LiquidBronze"},{"floor":25,"key":"GamblersBrew"},{"floor":29,"key":"SteroidPotion"},{"floor":39,"key":"Swift Potion"},{"floor":40,"key":"Block Potion"}],"is_trial":false,"path_per_floor":["M","M","M","M","?","E","M","E","T","E","M","M","R","E","R","B",null,"M","?","?","$","M","E","R","E","T","?","R","M","E","M","R","B",null,"M","M","?","M","M","E","$","R","T","?","R","E","?","M","R","B",null,"R","$","E","B",null],"character_chosen":"DEFECT","items_purchased":["Frozen Egg 2","Biased Cognition+1","Conserve Battery","Mayhem+1","EntropicBrew","FocusPotion","DataDisk"],"campfire_rested":0,"item_purchase_floors":[21,21,21,41,41,41,53],"current_hp_per_floor":[75,75,75,65,65,47,47,36,36,36,36,36,36,36,36,36,75,75,59,59,59,59,59,59,59,59,59,59,59,59,59,59,59,75,75,75,75,75,75,75,75,75,75,75,75,75,75,75,75,75,75,75,75,75,75],"gold":37,"neow_bonus":"RANDOM_COMMON_RELIC","is_prod":false,"is_daily":false,"chose_seed":false,"campfire_upgraded":8,"win_rate":0,"timestamp":1553799466,"path_taken":["M","?","?","?","?","E","M","E","T","E","M","?","R","E","R","BOSS","M","?","?","$","M","E","R","E","T","?","R","M","E","M","R","BOSS","M","M","?","M","M","E","?","R","T","?","R","E","?","?","R","BOSS","R","$","E","BOSS"],"build_version":"2019-03-15","purchased_purges":1,"victory":true,"max_hp_per_floor":[75,75,75,75,75,75,75,75,75,75,75,75,75,75,75,75,75,75,75,75,75,75,75,75,75,75,75,75,75,75,75,75,75,75,75,75,75,75,75,75,75,75,75,75,75,75,75,75,75,75,75,75,75,75,75],"card_choices":[{"not_picked":["Steam","Compile Driver"],"picked":"FTL","floor":1},{"not_picked":["Leap","Steam"],"picked":"Genetic Algorithm","floor":2},{"not_picked":["Sweeping Beam","Redo"],"picked":"Ball Lightning","floor":3},{"not_picked":["Barrage","Stack"],"picked":"Ball Lightning","floor":4},{"not_picked":["Stack","Amplify"],"picked":"Conserve Battery","floor":6},{"not_picked":["Compile Driver","Recycle"],"picked":"Coolheaded","floor":7},{"not_picked":["Skim","Lockon"],"picked":"Auto Shields","floor":8},{"not_picked":["Go for the Eyes","Redo"],"picked":"Coolheaded","floor":10},{"not_picked":["Compile Driver","Leap"],"picked":"Ball Lightning","floor":11},{"not_picked":["Steam","Redo"],"picked":"Glacier","floor":12},{"not_picked":["Machine Learning","Rebound"],"picked":"Core Surge","floor":14},{"not_picked":["Amplify","Hyperbeam"],"picked":"Seek","floor":16},{"not_picked":["Recycle+1","Reprogram"],"picked":"Cold Snap","floor":18},{"not_picked":["Redo+1","Auto Shields"],"picked":"Steam Power+1","floor":22},{"not_picked":["Barrage+1","Turbo+1"],"picked":"Tempest","floor":23},{"not_picked":["Go for the Eyes","Recycle"],"picked":"Tempest+1","floor":25},{"not_picked":["Leap","Genetic Algorithm+1"],"picked":"Ball Lightning+1","floor":29},{"not_picked":["Gash","Compile Driver"],"picked":"Hello World+1","floor":30},{"not_picked":["Barrage","Cold Snap"],"picked":"Conserve Battery","floor":31},{"not_picked":["Seek","Amplify"],"picked":"Echo Form+1","floor":33},{"not_picked":["Conserve Battery","Scrape+1"],"picked":"Sweeping Beam+1","floor":35},{"not_picked":["Go for the Eyes","Rebound"],"picked":"Undo+1","floor":36},{"not_picked":["Heatsinks+1","Compile Driver","Streamline"],"picked":"SKIP","floor":38},{"not_picked":["Go for the Eyes","Hello World+1"],"picked":"White Noise","floor":39},{"not_picked":["Rip and Tear+1","Sweeping Beam","Ball Lightning"],"picked":"SKIP","floor":40},{"not_picked":["Coolheaded","Heatsinks+1"],"picked":"Capacitor+1","floor":46},{"not_picked":["Glacier","Steam"],"picked":"Sunder","floor":47},{"not_picked":["Hello World+1","Undo"],"picked":"Doom and Gloom+1","floor":48},{"not_picked":["Cold Snap","Go for the Eyes+1"],"picked":"Echo Form+1","floor":54}],"player_experience":5063644,"relics_obtained":[{"floor":6,"key":"Lantern"},{"floor":8,"key":"Thread and Needle"},{"floor":10,"key":"Incense Burner"},{"floor":14,"key":"Bottled Lightning"},{"floor":19,"key":"Necronomicon"},{"floor":23,"key":"Gambling Chip"},{"floor":25,"key":"Tiny Chest"},{"floor":26,"key":"Symbiotic Virus"},{"floor":30,"key":"Happy Flower"},{"floor":40,"key":"Letter Opener"},{"floor":43,"key":"Vajra"},{"floor":46,"key":"Sundial"},{"floor":47,"key":"Nunchaku"},{"floor":54,"key":"Whetstone"}],"event_choices":[{"damage_healed":0,"gold_gain":100,"player_choice":"Pray","damage_taken":0,"max_hp_gain":0,"max_hp_loss":0,"event_name":"Golden Shrine","floor":5,"gold_loss":0},{"damage_healed":0,"gold_gain":0,"player_choice":"Obtained Book","damage_taken":16,"max_hp_gain":0,"max_hp_loss":0,"event_name":"Cursed Tome","floor":19,"gold_loss":0},{"damage_healed":0,"gold_gain":0,"player_choice":"Simplicity","damage_taken":0,"max_hp_gain":0,"max_hp_loss":0,"event_name":"Back to Basics","floor":20,"gold_loss":0,"cards_upgraded":["Strike_B","Strike_B","Strike_B","Strike_B","Defend_B","Defend_B","Defend_B","Defend_B"]},{"cards_removed":["Strike_B"],"damage_healed":0,"gold_gain":0,"player_choice":"Gave Gold","damage_taken":0,"max_hp_gain":0,"max_hp_loss":0,"event_name":"Beggar","floor":27,"gold_loss":75},{"damage_healed":0,"gold_gain":0,"player_choice":"Gave Potion","damage_taken":0,"relics_obtained":["Kunai"],"max_hp_gain":0,"max_hp_loss":0,"event_name":"WeMeetAgain","floor":37,"gold_loss":0},{"cards_removed":["Dualcast"],"damage_healed":0,"gold_gain":0,"player_choice":"Removed Skill","damage_taken":0,"max_hp_gain":0,"max_hp_loss":0,"event_name":"Falling","floor":44,"gold_loss":0},{"damage_healed":0,"gold_gain":0,"player_choice":"Fight","damage_taken":0,"max_hp_gain":0,"max_hp_loss":0,"event_name":"MindBloom","floor":47,"gold_loss":0}],"is_beta":true,"boss_relics":[{"not_picked":["Runic Pyramid","Empty Cage"],"picked":"Coffee Dripper"},{"not_picked":["Lizard Tail","Calling Bell"],"picked":"Runic Dome"}],"items_purged_floors":[21],"is_endless":false,"potions_floor_spawned":[6,8,10,11,14,18,25,29,39,40,46],"ascension_level":1}