{"gold_per_floor":[218,218,229,3,17,17,52,52,77,89,89,123,13,44,44,147,147,165,178,3,14,113,147,147,178,178,178,211,211,267,280,280,383,383,395,405,113,130,130,162,162,190,244,244,244,277,307,326,326,326,326,326,23,58,58],"floor_reached":56,"playtime":3670,"items_purged":["Strike_R","Strike_R"],"score":1539,"play_id":"20202465-ee2b-47f7-9f58-66360a441c55","local_time":"20190304231448","is_ascension_mode":true,"campfire_choices":[{"data":"Uppercut","floor":6,"key":"SMITH"},{"data":"True Grit","floor":8,"key":"SMITH"},{"data":"Combust","floor":11,"key":"SMITH"},{"data":"Inflame","floor":15,"key":"SMITH"},{"data":"Mayhem","floor":24,"key":"SMITH"},{"floor":27,"key":"REST"},{"floor":29,"key":"REST"},{"data":"Limit Break","floor":32,"key":"SMITH"},{"floor":44,"key":"REST"},{"floor":45,"key":"RECALL"},{"data":"Inflame","floor":49,"key":"SMITH"},{"data":"Offering","floor":52,"key":"SMITH"}],"neow_cost":"NONE","seed_source_timestamp":285253950912930,"circlet_count":0,"master_deck":["Strike_R","Strike_R","Defend_R","Defend_R","Defend_R+1","Defend_R","Bash","Infernal Blade","Uppercut+1","Power Through+1","True Grit+1","Combust+1","Feed","Inflame+1","Clothesline","Limit Break+1","Inflame+1","Shrug It Off","Mayhem+1","Rupture+1","Feel No Pain","Sword Boomerang+1","Shrug It Off","Shockwave+1","Offering+1","Shrug It Off+1","Corruption+1","Battle Trance","Burning Pact","Discovery","Impervious","Sword Boomerang+1","Battle Trance","Shrug It Off","Disarm","Headbutt+1","Battle Trance+1"],"relics":["Burning Blood","Oddly Smooth Stone","Centennial Puzzle","Bronze Scales","WingedGreaves","Bag of Marbles","Philosopher\u0027s Stone","Du-Vu Doll","War Paint","Molten Egg 2","Tiny Chest","Lizard Tail","Magic Flower","Mango","Dream Catcher","Singing Bowl","Boot","Torii","Gremlin Horn"],"potions_floor_usage":[7,12,21,23,23,33,38,38,41,42,50,54,55,55],"damage_taken":[{"damage":4,"enemies":"Jaw Worm","floor":1,"turns":5},{"damage":6,"enemies":"Cultist","floor":3,"turns":3},{"damage":0,"enemies":"Small Slimes","floor":5,"turns":4},{"damage":11,"enemies":"Gremlin Nob","floor":7,"turns":4},{"damage":0,"enemies":"2 Fungi Beasts","floor":10,"turns":3},{"damage":3,"enemies":"3 Sentries","floor":12,"turns":4},{"damage":25,"enemies":"Gremlin Nob","floor":14,"turns":5},{"damage":26,"enemies":"The Guardian","floor":16,"turns":9},{"damage":8,"enemies":"Shell Parasite","floor":18,"turns":4},{"damage":0,"enemies":"Spheric Guardian","floor":19,"turns":3},{"damage":5,"enemies":"Shelled Parasite and Fungi","floor":21,"turns":6},{"damage":11,"enemies":"Gremlin Leader","floor":23,"turns":6},{"damage":43,"enemies":"Slavers","floor":25,"turns":5},{"damage":17,"enemies":"Gremlin Leader","floor":28,"turns":7},{"damage":7,"enemies":"Book of Stabbing","floor":30,"turns":5},{"damage":19,"enemies":"3 Cultists","floor":31,"turns":5},{"damage":19,"enemies":"Collector","floor":33,"turns":7},{"damage":0,"enemies":"Orb Walker","floor":35,"turns":3},{"damage":7,"enemies":"3 Shapes","floor":36,"turns":4},{"damage":19,"enemies":"Jaw Worm Horde","floor":38,"turns":4},{"damage":12,"enemies":"Giant Head","floor":40,"turns":7},{"damage":46,"enemies":"Reptomancer","floor":42,"turns":5},{"damage":14,"enemies":"Nemesis","floor":46,"turns":5},{"damage":12,"enemies":"Giant Head","floor":47,"turns":6},{"damage":12,"enemies":"Sphere and 2 Shapes","floor":48,"turns":7},{"damage":30,"enemies":"Time Eater","floor":50,"turns":8},{"damage":22,"enemies":"Shield and Spear","floor":54,"turns":6},{"damage":52,"enemies":"The Heart","floor":55,"turns":9}],"seed_played":"1852245974708101421","potions_obtained":[{"floor":1,"key":"SneckoOil"},{"floor":7,"key":"Fire Potion"},{"floor":12,"key":"Weak Potion"},{"floor":14,"key":"Ancient Potion"},{"floor":18,"key":"SkillPotion"},{"floor":21,"key":"AttackPotion"},{"floor":25,"key":"PowerPotion"},{"floor":30,"key":"EssenceOfSteel"},{"floor":33,"key":"Ancient Potion"},{"floor":38,"key":"Fruit Juice"},{"floor":40,"key":"SpeedPotion"},{"floor":41,"key":"Fruit Juice"},{"floor":41,"key":"GamblersBrew"},{"floor":42,"key":"SkillPotion"},{"floor":54,"key":"Dexterity Potion"}],"is_trial":false,"path_per_floor":["M","?","M","$","M","R","E","R","T","M","R","E","$","E","R","B",null,"M","M","$","M","?","E","R","E","T","R","E","R","E","M","R","B",null,"M","M","$","M","?","E","?","E","T","R","R","E","E","M","R","B",null,"R","$","E","B",null],"character_chosen":"IRONCLAD","items_purchased":["Oddly Smooth Stone","Power Through","Inflame","Mayhem","Battle Trance","Burning Pact","Discovery","Torii"],"campfire_rested":3,"item_purchase_floors":[4,4,13,20,37,37,37,53],"current_hp_per_floor":[80,80,80,80,80,80,75,75,75,80,80,80,80,61,61,41,80,78,83,83,86,86,81,81,44,44,69,58,83,82,69,69,59,89,89,88,88,83,83,77,82,59,59,93,93,93,97,99,99,78,127,127,127,114,71],"gold":58,"neow_bonus":"HUNDRED_GOLD","is_prod":false,"is_daily":false,"chose_seed":false,"campfire_upgraded":8,"win_rate":0,"timestamp":1551759288,"path_taken":["M","?","M","$","M","R","E","R","T","M","R","E","$","E","R","BOSS","M","?","$","M","?","E","R","E","T","R","E","R","E","M","R","BOSS","M","M","$","M","?","E","?","E","T","R","R","E","E","M","R","BOSS","R","$","E","BOSS"],"build_version":"2019-02-06","purchased_purges":2,"victory":true,"max_hp_per_floor":[80,80,80,80,80,80,80,80,80,80,80,80,80,80,80,80,80,80,83,83,86,86,86,86,86,86,86,86,86,86,86,86,89,89,89,89,89,97,97,97,102,116,116,116,116,119,124,127,127,127,127,127,127,127,127],"card_choices":[{"not_picked":["Burning Pact","Heavy Blade"],"picked":"Infernal Blade","floor":1},{"not_picked":["Hemokinesis","Warcry"],"picked":"Uppercut","floor":3},{"not_picked":["Warcry","Body Slam"],"picked":"True Grit","floor":5},{"not_picked":["Corruption","True Grit","Twin Strike"],"picked":"SKIP","floor":7},{"not_picked":["Burning Pact","Warcry"],"picked":"Combust","floor":10},{"not_picked":["Warcry","Body Slam"],"picked":"Feed","floor":12},{"not_picked":["Clash","Cleave"],"picked":"Clothesline","floor":14},{"not_picked":["Immolate","Feed"],"picked":"Limit Break","floor":16},{"not_picked":["Thunderclap","Ghostly Armor"],"picked":"Inflame","floor":18},{"not_picked":["Perfected Strike","Armaments"],"picked":"Shrug It Off","floor":19},{"not_picked":["Cleave","Clothesline"],"picked":"Rupture+1","floor":21},{"not_picked":["Hemokinesis","Infernal Blade","True Grit"],"picked":"SKIP","floor":23},{"not_picked":["Warcry","Perfected Strike"],"picked":"Feel No Pain","floor":25},{"not_picked":["Thunderclap+1","Flex"],"picked":"Sword Boomerang","floor":28},{"not_picked":["Reckless Charge+1","True Grit"],"picked":"Shrug It Off","floor":30},{"not_picked":["Combust","Dark Embrace"],"picked":"Shockwave+1","floor":31},{"not_picked":["Limit Break","Impervious"],"picked":"Offering","floor":33},{"not_picked":["Burning Pact+1","Power Through"],"picked":"Shrug It Off+1","floor":35},{"not_picked":["Seeing Red","Cleave+1"],"picked":"Corruption+1","floor":36},{"not_picked":["Warcry","Twin Strike+1"],"picked":"Impervious","floor":38},{"not_picked":["Inflame","Searing Blow+1"],"picked":"Sword Boomerang+1","floor":40},{"not_picked":["Sever Soul+1","Clothesline+1"],"picked":"Battle Trance","floor":42},{"not_picked":["Clash+1","Rampage+1"],"picked":"Shrug It Off","floor":44},{"not_picked":["Cleave+1","Flame Barrier"],"picked":"Disarm","floor":46},{"not_picked":["Perfected Strike+1","Sever Soul+1","Entrench"],"picked":"Singing Bowl","floor":47},{"not_picked":["Wild Strike+1","Warcry"],"picked":"Headbutt+1","floor":48},{"not_picked":["Warcry+1","Flex"],"picked":"Battle Trance+1","floor":54}],"player_experience":4799557,"relics_obtained":[{"floor":7,"key":"Centennial Puzzle"},{"floor":9,"key":"Bronze Scales"},{"floor":12,"key":"WingedGreaves"},{"floor":14,"key":"Bag of Marbles"},{"floor":23,"key":"Du-Vu Doll"},{"floor":25,"key":"War Paint"},{"floor":28,"key":"Molten Egg 2"},{"floor":30,"key":"Tiny Chest"},{"floor":40,"key":"Magic Flower"},{"floor":42,"key":"Mango"},{"floor":43,"key":"Dream Catcher"},{"floor":46,"key":"Singing Bowl"},{"floor":47,"key":"Boot"},{"floor":54,"key":"Gremlin Horn"}],"event_choices":[{"cards_removed":["Strike_R"],"damage_healed":0,"gold_gain":0,"player_choice":"Purged","damage_taken":0,"max_hp_gain":0,"max_hp_loss":0,"event_name":"Purifier","floor":2,"gold_loss":0},{"damage_healed":0,"gold_gain":99,"player_choice":"Stole From Cult","damage_taken":0,"max_hp_gain":0,"max_hp_loss":0,"event_name":"Nest","floor":22,"gold_loss":0},{"damage_healed":0,"gold_gain":0,"player_choice":"Ignored","damage_taken":0,"max_hp_gain":0,"max_hp_loss":0,"event_name":"Tomb of Lord Red Mask","floor":39,"gold_loss":0},{"damage_healed":0,"gold_gain":0,"player_choice":"Got Potions","damage_taken":0,"max_hp_gain":0,"max_hp_loss":0,"event_name":"Lab","floor":41,"gold_loss":0}],"is_beta":true,"boss_relics":[{"not_picked":["Calling Bell","Tiny House"],"picked":"Philosopher\u0027s Stone"},{"not_picked":["Black Star","Coffee Dripper"],"picked":"Lizard Tail"}],"items_purged_floors":[13,37],"is_endless":false,"potions_floor_spawned":[1,7,12,14,18,21,25,30,33,38,40,42,54],"ascension_level":1}