{"gold_per_floor":[115,129,129,140,140,167,167,202,282,282,282,282,16,40,40,40],"floor_reached":16,"playtime":492,"items_purged":[],"score":146,"play_id":"b0a27536-e33a-4bfe-a742-59a2112464e7","local_time":"20190515075808","is_ascension_mode":true,"campfire_choices":[{"data":"Whirlwind","floor":7,"key":"SMITH"},{"data":"Shrug It Off","floor":11,"key":"SMITH"},{"data":"True Grit","floor":15,"key":"SMITH"}],"neow_cost":"NONE","seed_source_timestamp":572742543555200,"circlet_count":0,"master_deck":["Strike_R","Strike_R","Strike_R","Strike_R","Defend_R","Defend_R","Defend_R","Defend_R","Bash","Wild Strike","Pummel","Shrug It Off+1","Whirlwind+1","Offering+1","Flame Barrier","Inflame","True Grit+1"],"relics":["Burning Blood","Orichalcum","Paper Frog","Strawberry","Gremlin Horn","Golden Idol","Membership Card"],"potions_floor_usage":[6],"damage_taken":[{"damage":8,"enemies":"Jaw Worm","floor":1,"turns":5},{"damage":2,"enemies":"Small Slimes","floor":2,"turns":3},{"damage":2,"enemies":"2 Louse","floor":4,"turns":2},{"damage":16,"enemies":"3 Sentries","floor":6,"turns":9},{"damage":12,"enemies":"Gremlin Nob","floor":8,"turns":4},{"damage":8,"enemies":"Blue Slaver","floor":14,"turns":3},{"damage":64,"enemies":"Hexaghost","floor":16,"turns":9}],"seed_played":"6334861477027765548","potions_obtained":[{"floor":4,"key":"Strength Potion"},{"floor":6,"key":"Ancient Potion"}],"is_trial":false,"path_per_floor":["M","M","?","M","T","E","R","E","T","?","R","?","$","M","R","B"],"character_chosen":"IRONCLAD","items_purchased":["Membership Card","Flame Barrier","Inflame"],"campfire_rested":0,"item_purchase_floors":[13,13,13],"current_hp_per_floor":[70,74,67,71,71,68,68,62,62,62,62,62,62,60,60,0],"gold":40,"neow_bonus":"RANDOM_COMMON_RELIC","is_prod":false,"is_daily":false,"chose_seed":false,"campfire_upgraded":3,"win_rate":0,"timestamp":1557921488,"path_taken":["M","M","?","M","?","E","R","E","T","?","R","?","$","M","R","BOSS"],"build_version":"2019-01-23","purchased_purges":0,"victory":false,"max_hp_per_floor":[80,80,80,80,80,87,87,87,87,87,87,81,81,81,81,81],"card_choices":[{"not_picked":["True Grit","Havoc"],"picked":"Wild Strike","floor":1},{"not_picked":["Heavy Blade","Warcry"],"picked":"Pummel","floor":2},{"not_picked":["Sword Boomerang","Intimidate"],"picked":"Shrug It Off","floor":4},{"not_picked":["Warcry","Havoc"],"picked":"Whirlwind","floor":6},{"not_picked":["Flame Barrier","Iron Wave"],"picked":"Offering","floor":8},{"not_picked":["Heavy Blade","Perfected Strike"],"picked":"True Grit","floor":14}],"player_experience":192193,"relics_obtained":[{"floor":5,"key":"Paper Frog"},{"floor":6,"key":"Strawberry"},{"floor":8,"key":"Gremlin Horn"}],"event_choices":[{"cards_removed":["Strike_R"],"damage_healed":0,"gold_gain":0,"player_choice":"Card Removal","damage_taken":7,"max_hp_gain":0,"max_hp_loss":0,"event_name":"Golden Wing","floor":3,"gold_loss":0},{"damage_healed":0,"gold_gain":0,"player_choice":"Grow","damage_taken":0,"max_hp_gain":0,"max_hp_loss":0,"event_name":"Living Wall","floor":10,"gold_loss":0,"cards_upgraded":["Offering"]},{"damage_healed":0,"gold_gain":0,"player_choice":"Lose Max HP","damage_taken":0,"relics_obtained":["Golden Idol"],"max_hp_gain":0,"max_hp_loss":6,"event_name":"Golden Idol","floor":12,"gold_loss":0}],"is_beta":false,"boss_relics":[],"items_purged_floors":[],"is_endless":false,"potions_floor_spawned":[4,6,14],"killed_by":"Hexaghost","ascension_level":7}