{"gold_per_floor":[217,217,217,217,240,240,276,276,276,309,325,325,365,385,385,506,506,527,527,527,537,14,46,63,123,173,173,199,109,123,149,149,254,254,270,283,283,294,309,338,348,376,403,420,420,420,455,471,471,471,471,471,115,149,149],"floor_reached":56,"playtime":4424,"items_purged":["Strike_G"],"score":1518,"play_id":"f3fe1df0-9568-4730-ac42-15656ca21987","local_time":"20190211034930","is_ascension_mode":true,"campfire_choices":[{"data":"Noxious Fumes","floor":6,"key":"SMITH"},{"data":"Neutralize","floor":8,"key":"SMITH"},{"data":"Deadly Poison","floor":12,"key":"SMITH"},{"data":"Cloak And Dagger","floor":15,"key":"SMITH"},{"data":"Mayhem","floor":27,"key":"SMITH"},{"data":"Strike_G","floor":32,"key":"PURGE"},{"floor":46,"key":"RECALL"},{"data":"A Thousand Cuts","floor":49,"key":"SMITH"},{"data":"Strike_G","floor":52,"key":"PURGE"}],"neow_cost":"NONE","seed_source_timestamp":4893752254796146,"circlet_count":0,"master_deck":["Defend_G+1","Defend_G","Defend_G+1","Defend_G","Defend_G","Strike_G","Survivor","Neutralize+1","Poisoned Stab+1","Noxious Fumes+1","Masterful Stab+1","PiercingWail","Deadly Poison+1","Cloak And Dagger+1","Backstab","Adrenaline","Infinite Blades+1","Leg Sweep+1","Mayhem+1","Well Laid Plans+1","Outmaneuver","Deflect","Cloak And Dagger+1","Flying Knee+1","Leg Sweep+1","Backflip+1","Accuracy","A Thousand Cuts+1","Terror+1","Dash+1","Backflip+1","Dagger Spray+1","Backflip+1","Prepared+1","Crippling Poison+1","Dash+1","Neutralize+1","Dark Shackles","Footwork+1","Escape Plan+1"],"relics":["Ring of the Snake","Bloody Idol","PreservedInsect","Smiling Mask","War Paint","Ornamental Fan","Calipers","Eternal Feather","Darkstone Periapt","Paper Crane","Peace Pipe","Tiny Chest","Blue Candle","Molten Egg 2","Philosopher\u0027s Stone","Ninja Scroll","Regal Pillow","Strawberry","Question Card","Anchor","Whetstone","StoneCalendar"],"potions_floor_usage":[18,24,25,28,28,30,33,41,55,55],"damage_taken":[{"damage":0,"enemies":"2 Louse","floor":1,"turns":4},{"damage":0,"enemies":"Jaw Worm","floor":5,"turns":3},{"damage":26,"enemies":"3 Sentries","floor":7,"turns":6},{"damage":5,"enemies":"Lagavulin","floor":10,"turns":7},{"damage":0,"enemies":"Small Slimes","floor":11,"turns":3},{"damage":6,"enemies":"3 Sentries","floor":13,"turns":6},{"damage":0,"enemies":"Exordium Thugs","floor":14,"turns":4},{"damage":0,"enemies":"Hexaghost","floor":16,"turns":9},{"damage":0,"enemies":"2 Thieves","floor":18,"turns":4},{"damage":4,"enemies":"Spheric Guardian","floor":21,"turns":4},{"damage":6,"enemies":"Gremlin Leader","floor":23,"turns":7},{"damage":0,"enemies":"3 Cultists","floor":24,"turns":7},{"damage":0,"enemies":"Slavers","floor":25,"turns":5},{"damage":14,"enemies":"Gremlin Leader","floor":28,"turns":6},{"damage":5,"enemies":"Snake Plant","floor":30,"turns":6},{"damage":0,"enemies":"Book of Stabbing","floor":31,"turns":6},{"damage":6,"enemies":"Automaton","floor":33,"turns":11},{"damage":0,"enemies":"Orb Walker","floor":35,"turns":5},{"damage":0,"enemies":"3 Darklings","floor":36,"turns":6},{"damage":7,"enemies":"Jaw Worm Horde","floor":38,"turns":7},{"damage":15,"enemies":"Writhing Mass","floor":39,"turns":8},{"damage":0,"enemies":"Reptomancer","floor":40,"turns":6},{"damage":1,"enemies":"4 Shapes","floor":41,"turns":4},{"damage":4,"enemies":"Nemesis","floor":42,"turns":7},{"damage":2,"enemies":"Sphere and 2 Shapes","floor":44,"turns":7},{"damage":0,"enemies":"Giant Head","floor":47,"turns":7},{"damage":1,"enemies":"Transient","floor":48,"turns":5},{"damage":36,"enemies":"Donu and Deca","floor":50,"turns":11},{"damage":2,"enemies":"Shield and Spear","floor":54,"turns":5},{"damage":18,"enemies":"The Heart","floor":55,"turns":12}],"seed_played":"5340858537909087396","potions_obtained":[{"floor":1,"key":"Ancient Potion"},{"floor":10,"key":"Poison Potion"},{"floor":14,"key":"GamblersBrew"},{"floor":18,"key":"SkillPotion"},{"floor":23,"key":"AttackPotion"},{"floor":25,"key":"Fire Potion"},{"floor":28,"key":"Fruit Juice"},{"floor":30,"key":"Fruit Juice"},{"floor":31,"key":"Dexterity Potion"},{"floor":35,"key":"SteroidPotion"},{"floor":40,"key":"EssenceOfSteel"},{"floor":42,"key":"GhostInAJar"},{"floor":48,"key":"Strength Potion"}],"is_trial":false,"path_per_floor":["M","?","?","?","M","R","E","R","T","E","M","R","E","M","R","B",null,"M","?","?","M","$","E","M","E","T","R","E","?","M","E","R","B",null,"M","M","?","M","M","E","M","E","T","M","?","R","E","M","R","B",null,"R","$","E","B",null],"character_chosen":"THE_SILENT","items_purchased":["Mayhem","Paper Crane","Well Laid Plans","Outmaneuver","Anchor","Whetstone"],"campfire_rested":0,"item_purchase_floors":[22,22,22,22,53,53],"current_hp_per_floor":[70,75,69,57,57,57,31,31,31,26,26,26,20,20,20,20,69,69,69,69,69,69,68,69,69,69,69,65,65,70,75,79,78,79,79,79,75,73,63,68,72,73,82,82,82,82,82,82,82,46,82,82,82,82,64],"gold":149,"neow_bonus":"HUNDRED_GOLD","is_prod":false,"is_daily":false,"chose_seed":false,"campfire_upgraded":6,"win_rate":0,"timestamp":1549874970,"path_taken":["M","?","?","?","M","R","E","R","T","E","M","R","E","M","R","BOSS","M","?","?","M","$","E","M","E","T","R","E","?","?","E","R","BOSS","M","M","?","M","M","E","M","E","T","M","?","R","E","?","R","BOSS","R","$","E","BOSS"],"build_version":"2019-02-06","purchased_purges":1,"victory":true,"max_hp_per_floor":[70,75,69,69,69,69,69,69,69,69,69,69,69,69,69,69,69,69,69,69,69,69,69,69,69,69,69,74,74,79,79,79,79,79,79,79,75,75,75,75,75,75,82,82,82,82,82,82,82,82,82,82,82,82,82],"card_choices":[{"not_picked":["Setup","Underhanded Strike"],"picked":"Poisoned Stab","floor":1},{"not_picked":["Underhanded Strike","Flying Knee"],"picked":"Noxious Fumes","floor":5},{"not_picked":["Calculated Gamble","Finisher"],"picked":"Masterful Stab","floor":7},{"not_picked":["Glass Knife","Prepared"],"picked":"PiercingWail","floor":10},{"not_picked":["Underhanded Strike","Masterful Stab"],"picked":"Deadly Poison","floor":11},{"not_picked":["Bane","Infinite Blades"],"picked":"Cloak And Dagger","floor":13},{"not_picked":["Slice","Setup"],"picked":"Backstab","floor":14},{"not_picked":["Bullet Time","Unload"],"picked":"Adrenaline","floor":16},{"not_picked":["Heel Hook","Dagger Spray"],"picked":"Infinite Blades+1","floor":18},{"not_picked":["Dagger Spray","PiercingWail+1"],"picked":"Leg Sweep+1","floor":21},{"not_picked":["Dodge and Roll","Dagger Throw"],"picked":"Deflect","floor":23},{"not_picked":["Finisher","Dagger Throw"],"picked":"Cloak And Dagger+1","floor":24},{"not_picked":["Quick Slash","Distraction"],"picked":"Flying Knee+1","floor":25},{"not_picked":["Cloak And Dagger","Caltrops"],"picked":"Leg Sweep+1","floor":28},{"not_picked":["Tactician","Sucker Punch"],"picked":"Backflip+1","floor":30},{"not_picked":["Flying Knee+1","Bane"],"picked":"Accuracy","floor":31},{"not_picked":["Venomology","Night Terror"],"picked":"A Thousand Cuts","floor":33},{"not_picked":["Deflect","Riddle With Holes+1"],"picked":"Terror+1","floor":35},{"not_picked":["Backflip","Slice+1"],"picked":"Dash+1","floor":36},{"not_picked":["Masterful Stab+1","Predator+1"],"picked":"Backflip+1","floor":38},{"not_picked":["Skewer+1","Deadly Poison"],"picked":"Dagger Spray+1","floor":39},{"not_picked":["Deadly Poison","Cloak And Dagger"],"picked":"Backflip+1","floor":40},{"not_picked":["Acrobatics","Expertise"],"picked":"Prepared+1","floor":41},{"not_picked":["Expertise","Caltrops"],"picked":"Crippling Poison+1","floor":42},{"not_picked":["Flechettes+1","Reflex+1"],"picked":"Dash+1","floor":44},{"not_picked":["Reflex+1","Deflect"],"picked":"Footwork+1","floor":47},{"not_picked":["Blade Dance","Eviscerate+1","PiercingWail","Masterful Stab+1"],"picked":"SKIP","floor":48},{"not_picked":["Dagger Spray+1","Wraith Form v2","Quick Slash+1"],"picked":"Escape Plan+1","floor":54}],"player_experience":4463061,"relics_obtained":[{"floor":7,"key":"Smiling Mask"},{"floor":9,"key":"War Paint"},{"floor":10,"key":"Ornamental Fan"},{"floor":13,"key":"Calipers"},{"floor":23,"key":"Peace Pipe"},{"floor":25,"key":"Tiny Chest"},{"floor":28,"key":"Blue Candle"},{"floor":31,"key":"Molten Egg 2"},{"floor":40,"key":"Ninja Scroll"},{"floor":42,"key":"Regal Pillow"},{"floor":43,"key":"Strawberry"},{"floor":47,"key":"Question Card"},{"floor":54,"key":"StoneCalendar"}],"event_choices":[{"damage_healed":0,"gold_gain":0,"player_choice":"Donut","damage_taken":0,"max_hp_gain":5,"max_hp_loss":0,"event_name":"Big Fish","floor":2,"gold_loss":0},{"damage_healed":0,"gold_gain":0,"player_choice":"Lose Max HP","damage_taken":0,"relics_obtained":["Golden Idol"],"max_hp_gain":0,"max_hp_loss":6,"event_name":"Golden Idol","floor":3,"gold_loss":0},{"damage_healed":0,"gold_gain":0,"player_choice":"Success","damage_taken":12,"relics_obtained":["PreservedInsect"],"max_hp_gain":0,"max_hp_loss":0,"event_name":"Scrap Ooze","floor":4,"gold_loss":0},{"damage_healed":0,"gold_gain":0,"player_choice":"Gave Idol","damage_taken":0,"relics_obtained":["Bloody Idol"],"max_hp_gain":0,"max_hp_loss":0,"event_name":"Forgotten Altar","floor":19,"relics_lost":["Golden Idol"],"gold_loss":0},{"damage_healed":0,"gold_gain":0,"player_choice":"Opened","damage_taken":0,"relics_obtained":["Darkstone Periapt"],"max_hp_gain":0,"max_hp_loss":0,"event_name":"The Mausoleum","floor":20,"gold_loss":0},{"cards_removed":["Strike_G"],"damage_healed":0,"gold_gain":0,"player_choice":"Upgrade and Remove","damage_taken":0,"max_hp_gain":0,"max_hp_loss":0,"event_name":"Designer","floor":29,"gold_loss":90,"cards_upgraded":["Well Laid Plans"]},{"damage_healed":0,"gold_gain":0,"player_choice":"Max HP","damage_taken":0,"max_hp_gain":0,"max_hp_loss":4,"event_name":"Winding Halls","floor":37,"gold_loss":0},{"damage_healed":0,"gold_gain":0,"player_choice":"2 cards matched","damage_taken":0,"max_hp_gain":0,"max_hp_loss":0,"event_name":"Match and Keep!","floor":45,"gold_loss":0,"cards_obtained":["Neutralize","Dark Shackles"]}],"is_beta":true,"boss_relics":[{"not_picked":["Lizard Tail","Snecko Eye"],"picked":"Eternal Feather"},{"not_picked":["White Beast Statue","HoveringKite"],"picked":"Philosopher\u0027s Stone"}],"items_purged_floors":[53],"is_endless":false,"potions_floor_spawned":[1,10,14,18,23,25,28,30,31,35,40,42,44,48],"ascension_level":1}