{"gold_per_floor":[113,4,16,27,46,46,46,78,104,104,85,85,102,117,117,214,214,234,234,251,176,176,176,176,196,196,196,196],"floor_reached":28,"playtime":928,"items_purged":["Strike_B"],"score":220,"play_id":"2c6edc36-4b7a-4ed5-afab-273743df1e0f","local_time":"20190226122330","is_ascension_mode":false,"campfire_choices":[{"data":"Consume","floor":6,"key":"SMITH"},{"data":"Capacitor","floor":10,"key":"SMITH"},{"floor":12,"key":"REST"},{"data":"Chaos","floor":15,"key":"SMITH"},{"floor":23,"key":"REST"}],"neow_cost":"PERCENT_DAMAGE","seed_source_timestamp":761264697503561,"circlet_count":0,"master_deck":["Strike_B","Strike_B","Strike_B","Defend_B","Defend_B","Defend_B","Defend_B","Zap+1","Dualcast","Consume+1","Capacitor+1","Chaos+1","Compile Driver","Coolheaded","Reinforced Body","Cold Snap","Doom and Gloom","Sweeping Beam","Echo Form","Creative AI","Pain"],"relics":["Cracked Core","Du-Vu Doll","PreservedInsect","Snecko Eye","Letter Opener","WarpedTongs","Boot","Enchiridion"],"potions_floor_usage":[8,20,25],"damage_taken":[{"damage":0,"enemies":"Cultist","floor":1,"turns":4},{"damage":6,"enemies":"2 Louse","floor":3,"turns":2},{"damage":5,"enemies":"Jaw Worm","floor":4,"turns":5},{"damage":2,"enemies":"3 Louse","floor":5,"turns":2},{"damage":13,"enemies":"3 Sentries","floor":8,"turns":6},{"damage":8,"enemies":"Exordium Thugs","floor":11,"turns":5},{"damage":5,"enemies":"2 Fungi Beasts","floor":13,"turns":4},{"damage":9,"enemies":"Gremlin Gang","floor":14,"turns":3},{"damage":7,"enemies":"The Guardian","floor":16,"turns":8},{"damage":0,"enemies":"Chosen","floor":18,"turns":3},{"damage":38,"enemies":"2 Thieves","floor":20,"turns":5},{"damage":41,"enemies":"Snake Plant","floor":25,"turns":4},{"damage":2,"enemies":"Sentry and Sphere","floor":28,"turns":2}],"seed_played":"-2818513694391857162","potions_obtained":[{"floor":3,"key":"Strength Potion"},{"floor":4,"key":"Block Potion"},{"floor":14,"key":"Swift Potion"},{"floor":16,"key":"FocusPotion"},{"floor":20,"key":"AttackPotion"}],"is_trial":false,"path_per_floor":["M","$","M","M","M","R","?","E","T","R","M","R","M","M","R","B",null,"M","?","M","$","T","R","?","M","T","?","M"],"character_chosen":"DEFECT","items_purchased":["Capacitor","Chaos"],"campfire_rested":2,"item_purchase_floors":[2,2],"current_hp_per_floor":[54,54,48,43,41,41,41,28,28,28,20,42,37,28,28,21,75,75,75,37,37,37,59,59,18,18,2,0],"gold":196,"neow_bonus":"ONE_RARE_RELIC","is_prod":false,"is_daily":false,"chose_seed":false,"campfire_upgraded":3,"win_rate":0,"timestamp":1551183810,"path_taken":["M","?","M","M","?","R","?","E","T","R","M","R","M","M","R","BOSS","M","?","M","$","?","R","?","?","T","?","M"],"build_version":"2019-02-06","purchased_purges":1,"victory":false,"max_hp_per_floor":[75,75,75,75,75,75,75,75,75,75,75,75,75,75,75,75,75,75,75,75,75,75,75,75,75,75,75,75],"card_choices":[{"not_picked":["Beam Cell","Storm"],"picked":"Consume","floor":1},{"not_picked":["Go for the Eyes","Sunder"],"picked":"Compile Driver","floor":3},{"not_picked":["Ball Lightning","Recycle"],"picked":"Coolheaded","floor":4},{"not_picked":["Gash","Hello World"],"picked":"Reinforced Body","floor":5},{"not_picked":["Compile Driver","Chaos"],"picked":"Cold Snap","floor":8},{"not_picked":["Barrage","Multi-Cast","Stack"],"picked":"SKIP","floor":11},{"not_picked":["Chaos","Rebound"],"picked":"Doom and Gloom","floor":13},{"not_picked":["Barrage","Redo"],"picked":"Sweeping Beam","floor":14},{"not_picked":["Machine Learning","Hyperbeam"],"picked":"Echo Form","floor":16},{"not_picked":["Barrage","Beam Cell","Gash"],"picked":"SKIP","floor":18},{"not_picked":["Stack+1","Static Discharge","Go for the Eyes"],"picked":"SKIP","floor":20},{"not_picked":["Gash+1","Conserve Battery","Rebound"],"picked":"SKIP","floor":25}],"player_experience":954555,"relics_obtained":[{"floor":8,"key":"PreservedInsect"},{"floor":22,"key":"Letter Opener"},{"floor":26,"key":"Boot"},{"floor":27,"key":"Enchiridion"}],"event_choices":[{"damage_healed":0,"gold_gain":0,"player_choice":"Grow","damage_taken":0,"max_hp_gain":0,"max_hp_loss":0,"event_name":"Living Wall","floor":7,"gold_loss":0,"cards_upgraded":["Zap"]},{"damage_healed":0,"gold_gain":0,"player_choice":"1 cards matched","damage_taken":0,"max_hp_gain":0,"max_hp_loss":0,"event_name":"Match and Keep!","floor":19,"gold_loss":0,"cards_obtained":["Creative AI"]},{"damage_healed":0,"gold_gain":0,"player_choice":"Rummage","damage_taken":0,"relics_obtained":["WarpedTongs"],"max_hp_gain":0,"max_hp_loss":0,"event_name":"Accursed Blacksmith","floor":24,"gold_loss":0,"cards_obtained":["Pain"]},{"damage_healed":0,"gold_gain":0,"player_choice":"Obtained Book","damage_taken":16,"max_hp_gain":0,"max_hp_loss":0,"event_name":"Cursed Tome","floor":27,"gold_loss":0}],"is_beta":true,"boss_relics":[{"not_picked":["Pandora\u0027s Box","White Beast Statue"],"picked":"Snecko Eye"}],"items_purged_floors":[21],"is_endless":false,"potions_floor_spawned":[3,4,14,16,20],"killed_by":"Sentry and Sphere","ascension_level":0}