{"gold_per_floor":[113,124,124,124,49,49,83,83,108,8,33,33,68,85,85,85],"floor_reached":16,"playtime":522,"items_purged":["Normality","Shame"],"score":180,"play_id":"c82a2951-1f00-48f8-87f3-2354c9761e3d","local_time":"20190313170811","is_ascension_mode":true,"campfire_choices":[{"data":"1","floor":6,"key":"LIFT"},{"floor":8,"key":"REST"},{"floor":12,"key":"REST"},{"floor":15,"key":"REST"}],"neow_cost":"NONE","seed_source_timestamp":56330200517907,"circlet_count":0,"master_deck":["AscendersBane","Strike_B","Strike_B","Strike_B","Strike_B","Defend_B+1","Defend_B","Defend_B","Defend_B","Zap+1","Dualcast","Shame","Beam Cell","Hologram","Self Repair","Consume","Doom and Gloom"],"relics":["Calling Bell","War Paint","Dodecahedron","Girya","Happy Flower","Calipers","Oddly Smooth Stone","Pear","Unceasing Top"],"potions_floor_usage":[7,11,11,16],"damage_taken":[{"damage":20,"enemies":"2 Louse","floor":1,"turns":3},{"damage":16,"enemies":"Jaw Worm","floor":2,"turns":4},{"damage":43,"enemies":"Lagavulin","floor":7,"turns":6},{"damage":31,"enemies":"Gremlin Nob","floor":11,"turns":4},{"damage":22,"enemies":"Lagavulin","floor":13,"turns":7},{"damage":0,"enemies":"Cultist","floor":14,"turns":3},{"damage":54,"enemies":"The Guardian","floor":16,"turns":6}],"seed_played":"7361823812446201946","potions_obtained":[{"floor":1,"key":"Swift Potion"},{"floor":2,"key":"FearPotion"},{"floor":7,"key":"FocusPotion"},{"floor":14,"key":"LiquidBronze"}],"is_trial":false,"path_per_floor":["M","M","?","?","$","R","E","R","T","$","E","R","E","M","R","B"],"character_chosen":"DEFECT","items_purchased":[],"campfire_rested":3,"item_purchase_floors":[],"current_hp_per_floor":[48,32,29,54,54,54,11,33,33,33,12,37,22,29,54,0],"gold":85,"neow_bonus":"BOSS_RELIC","is_prod":false,"is_daily":false,"chose_seed":false,"campfire_upgraded":0,"win_rate":0,"timestamp":1552507691,"path_taken":["M","M","?","?","$","R","E","R","T","?","E","R","E","?","R","BOSS"],"build_version":"2019-01-23","purchased_purges":2,"victory":false,"max_hp_per_floor":[75,75,75,75,75,75,75,75,75,75,85,85,85,85,85,85],"card_choices":[{"not_picked":["Blizzard","Steam","Skim"],"picked":"SKIP","floor":1},{"not_picked":["Aggregate","Steam Power"],"picked":"Beam Cell","floor":2},{"not_picked":["Rainbow","Cold Snap"],"picked":"Hologram","floor":7},{"not_picked":["Compile Driver","Hologram"],"picked":"Self Repair","floor":11},{"not_picked":["Meteor Strike","Sweeping Beam"],"picked":"Consume","floor":13},{"not_picked":["Stack","Blizzard"],"picked":"Doom and Gloom","floor":14}],"player_experience":917178,"relics_obtained":[{"floor":0,"key":"War Paint"},{"floor":0,"key":"Dodecahedron"},{"floor":0,"key":"Girya"},{"floor":7,"key":"Calipers"},{"floor":9,"key":"Oddly Smooth Stone"},{"floor":11,"key":"Pear"},{"floor":13,"key":"Unceasing Top"}],"event_choices":[{"damage_healed":0,"gold_gain":0,"player_choice":"Success","damage_taken":3,"relics_obtained":["Happy Flower"],"max_hp_gain":0,"max_hp_loss":0,"event_name":"Scrap Ooze","floor":3,"gold_loss":0},{"damage_healed":25,"gold_gain":0,"player_choice":"Banana","damage_taken":0,"max_hp_gain":0,"max_hp_loss":0,"event_name":"Big Fish","floor":4,"gold_loss":0}],"is_beta":false,"boss_relics":[],"items_purged_floors":[5,10],"is_endless":false,"potions_floor_spawned":[1,2,7,14],"killed_by":"The Guardian","ascension_level":11}