{"gold_per_floor":[109,126,201,221,221,221,248,248,248,248,248,262,262,296,296,392,392,407,407,283,315,333,333,364,364,411,411,421,421,421,439,439,541,541,553,179,190,39,59,94,129,129,129,129,89,103,118,340,340,340,340,340,186,214,214],"floor_reached":56,"playtime":2720,"items_purged":["Defend_R","Strike_R+1"],"score":1236,"play_id":"ede47c6b-7d64-4c26-ad49-158179550415","local_time":"20190101004024","is_ascension_mode":false,"campfire_choices":[{"data":"Clothesline","floor":6,"key":"SMITH"},{"data":"Berserk","floor":8,"key":"SMITH"},{"data":"1","floor":10,"key":"LIFT"},{"data":"2","floor":13,"key":"LIFT"},{"data":"3","floor":15,"key":"LIFT"},{"data":"True Grit","floor":23,"key":"SMITH"},{"data":"Bash","floor":25,"key":"SMITH"},{"data":"Metallicize","floor":27,"key":"SMITH"},{"data":"Demon Form","floor":30,"key":"SMITH"},{"data":"Heavy Blade","floor":32,"key":"SMITH"},{"floor":42,"key":"REST"},{"data":"Metallicize","floor":44,"key":"SMITH"},{"floor":49,"key":"RECALL"},{"data":"Burning Pact","floor":52,"key":"SMITH"}],"neow_cost":"NONE","seed_source_timestamp":187849672258524,"circlet_count":0,"master_deck":["Defend_R","Defend_R","Bash+1","Berserk+1","Seeing Red","Clothesline+1","Thunderclap+1","Demon Form+1","Bludgeon+1","Battle Trance+1","Hemokinesis+1","Heavy Blade+1","True Grit+1","Metallicize+1","Bloodletting+1","Offering","Burning Pact+1","Metallicize+1","Shockwave+1","Flame Barrier+1"],"relics":["Black Blood","Champion Belt","Orichalcum","Girya","Whetstone","Astrolabe","Red Mask","WingedGreaves","Chemical X","PreservedInsect","Shuriken","Self Forming Clay","Pen Nib","Bag of Marbles","Bottled Flame"],"potions_floor_usage":[2,18,33,33,41,41,41,45,55],"damage_taken":[{"damage":6,"enemies":"Small Slimes","floor":1,"turns":3},{"damage":6,"enemies":"Jaw Worm","floor":2,"turns":2},{"damage":0,"enemies":"Cultist","floor":4,"turns":3},{"damage":21,"enemies":"Gremlin Nob","floor":7,"turns":4},{"damage":2,"enemies":"Lots of Slimes","floor":12,"turns":5},{"damage":14,"enemies":"Lagavulin","floor":14,"turns":7},{"damage":23,"enemies":"The Guardian","floor":16,"turns":12},{"damage":6,"enemies":"3 Byrds","floor":18,"turns":3},{"damage":5,"enemies":"Masked Bandits","floor":21,"turns":3},{"damage":3,"enemies":"Chosen","floor":22,"turns":3},{"damage":19,"enemies":"Gremlin Leader","floor":24,"turns":7},{"damage":6,"enemies":"Centurion and Healer","floor":28,"turns":3},{"damage":7,"enemies":"Sentry and Sphere","floor":31,"turns":4},{"damage":18,"enemies":"Automaton","floor":33,"turns":4},{"damage":7,"enemies":"Orb Walker","floor":35,"turns":4},{"damage":3,"enemies":"3 Shapes","floor":37,"turns":4},{"damage":18,"enemies":"Spire Growth","floor":39,"turns":4},{"damage":20,"enemies":"Giant Head","floor":40,"turns":7},{"damage":39,"enemies":"Reptomancer","floor":41,"turns":4},{"damage":18,"enemies":"Writhing Mass","floor":46,"turns":4},{"damage":13,"enemies":"Jaw Worm Horde","floor":47,"turns":5},{"damage":40,"enemies":"Donu and Deca","floor":50,"turns":8},{"damage":38,"enemies":"Shield and Spear","floor":54,"turns":5},{"damage":81,"enemies":"The Heart","floor":55,"turns":7}],"seed_played":"5965122506781211006","potions_obtained":[{"floor":1,"key":"Strength Potion"},{"floor":2,"key":"Fruit Juice"},{"floor":12,"key":"AttackPotion"},{"floor":16,"key":"FearPotion"},{"floor":22,"key":"Weak Potion"},{"floor":24,"key":"Energy Potion"},{"floor":37,"key":"Explosive Potion"},{"floor":39,"key":"FearPotion"},{"floor":40,"key":"PowerPotion"},{"floor":45,"key":"Fruit Juice"},{"floor":45,"key":"Fire Potion"},{"floor":45,"key":"FairyPotion"},{"floor":47,"key":"FearPotion"}],"is_trial":false,"path_per_floor":["M","M","?","M","?","R","E","R","T","R","?","M","R","E","R","B",null,"M","?","$","?","M","R","E","R","T","R","M","?","R","M","R","B",null,"M","$","M","$","M","E","E","R","T","R","?","M","M","?","R","B",null,"R","$","E","B",null],"character_chosen":"IRONCLAD","items_purchased":["True Grit","Metallicize","Chemical X","PreservedInsect","Bag of Marbles"],"campfire_rested":1,"item_purchase_floors":[20,36,36,38,53],"current_hp_per_floor":[80,85,74,80,62,62,47,47,47,47,40,44,44,36,36,19,85,85,85,85,85,85,85,72,72,72,72,72,72,72,71,71,59,85,85,85,85,85,77,67,38,63,63,63,68,60,57,57,57,27,90,90,90,62,16],"gold":214,"neow_bonus":"TRANSFORM_CARD","is_prod":false,"is_daily":false,"chose_seed":false,"campfire_upgraded":9,"win_rate":0,"timestamp":1546303224,"path_taken":["M","M","?","M","?","R","E","R","T","R","?","M","R","E","R","BOSS","M","?","$","?","M","R","E","R","T","R","M","?","R","?","R","BOSS","M","$","M","$","M","E","E","R","T","R","?","M","?","?","R","BOSS","R","$","E","BOSS"],"build_version":"2018-12-25","purchased_purges":2,"victory":true,"max_hp_per_floor":[80,85,85,85,85,85,85,85,85,85,85,85,85,85,85,85,85,85,85,85,85,85,85,85,85,85,85,85,85,85,85,85,85,85,85,85,85,85,85,85,85,85,85,85,90,90,90,90,90,90,90,90,90,90,90],"card_choices":[{"not_picked":["Rupture","Clash"],"picked":"Seeing Red","floor":1},{"not_picked":["Warcry","Sword Boomerang"],"picked":"Clothesline","floor":2},{"not_picked":["Armaments","Clash"],"picked":"Thunderclap","floor":4},{"not_picked":["Anger","Havoc","Iron Wave"],"picked":"SKIP","floor":7},{"not_picked":["Pummel","Heavy Blade","Iron Wave"],"picked":"SKIP","floor":12},{"not_picked":["Bloodletting","Seeing Red","Havoc"],"picked":"SKIP","floor":14},{"not_picked":["Exhume","Berserk"],"picked":"Demon Form","floor":16},{"not_picked":["Cleave","True Grit"],"picked":"Heavy Blade","floor":18},{"not_picked":["Clash","Iron Wave"],"picked":"Metallicize","floor":21},{"not_picked":["Clothesline","Shrug It Off+1"],"picked":"Bloodletting+1","floor":22},{"not_picked":["Iron Wave","Havoc","Armaments"],"picked":"SKIP","floor":24},{"not_picked":["Sword Boomerang","Pummel+1","Seeing Red"],"picked":"SKIP","floor":28},{"not_picked":["Body Slam","Headbutt+1"],"picked":"Burning Pact","floor":31},{"not_picked":["Entrench","Havoc","Clothesline"],"picked":"SKIP","floor":35},{"not_picked":["Uppercut","Bloodletting","Clothesline"],"picked":"SKIP","floor":37},{"not_picked":["Clash+1","Disarm","Cleave"],"picked":"SKIP","floor":39},{"not_picked":["Rage","Pummel+1","Reckless Charge"],"picked":"SKIP","floor":40},{"not_picked":["Disarm","Corruption+1","Clash+1"],"picked":"SKIP","floor":41},{"not_picked":["Heavy Blade","Body Slam"],"picked":"Shockwave+1","floor":46},{"not_picked":["Sever Soul","Blood for Blood"],"picked":"Flame Barrier+1","floor":47},{"not_picked":["Shockwave","Headbutt","Perfected Strike"],"picked":"SKIP","floor":54}],"player_experience":719709,"relics_obtained":[{"floor":7,"key":"Orichalcum"},{"floor":9,"key":"Girya"},{"floor":14,"key":"Whetstone"},{"floor":21,"key":"Red Mask"},{"floor":24,"key":"WingedGreaves"},{"floor":40,"key":"Shuriken"},{"floor":41,"key":"Self Forming Clay"},{"floor":43,"key":"Pen Nib"},{"floor":54,"key":"Bottled Flame"}],"event_choices":[{"damage_healed":0,"gold_gain":75,"player_choice":"Gather Gold","damage_taken":11,"max_hp_gain":0,"max_hp_loss":0,"event_name":"World of Goop","floor":3,"gold_loss":0},{"damage_healed":0,"gold_gain":0,"player_choice":"Success","damage_taken":18,"relics_obtained":["Champion Belt"],"max_hp_gain":0,"max_hp_loss":0,"event_name":"Scrap Ooze","floor":5,"gold_loss":0},{"cards_removed":["Strike_R"],"damage_healed":0,"gold_gain":0,"player_choice":"Card Removal","damage_taken":7,"max_hp_gain":0,"max_hp_loss":0,"event_name":"Golden Wing","floor":11,"gold_loss":0},{"damage_healed":0,"gold_gain":0,"player_choice":"Ignored","damage_taken":0,"max_hp_gain":0,"max_hp_loss":0,"event_name":"The Mausoleum","floor":19,"gold_loss":0},{"damage_healed":0,"gold_gain":0,"player_choice":"Fought Bandits","damage_taken":0,"max_hp_gain":0,"max_hp_loss":0,"event_name":"Masked Bandits","floor":21,"gold_loss":0},{"damage_healed":0,"gold_gain":0,"player_choice":"Read","damage_taken":0,"max_hp_gain":0,"max_hp_loss":0,"event_name":"The Library","floor":29,"gold_loss":0,"cards_obtained":["Offering"]},{"damage_healed":0,"gold_gain":0,"player_choice":"Bought 3 Potions","damage_taken":0,"max_hp_gain":0,"max_hp_loss":0,"event_name":"The Woman in Blue","floor":45,"gold_loss":0},{"damage_healed":0,"gold_gain":222,"player_choice":"Wore Mask","damage_taken":0,"max_hp_gain":0,"max_hp_loss":0,"event_name":"Tomb of Lord Red Mask","floor":48,"gold_loss":0}],"is_beta":true,"boss_relics":[{"not_picked":["Ectoplasm","Runic Dome"],"picked":"Astrolabe"},{"not_picked":["Mark of Pain","Cursed Key"],"picked":"Black Blood"}],"items_purged_floors":[20,36],"is_endless":false,"potions_floor_spawned":[1,2,12,16,22,24,28,31,37,39,40,47],"ascension_level":0}