{"gold_per_floor":[113,129,145,161,115,115,147,158,158,158,168,168,180,214,214,319,319,333,351,368,368,386,386,413,413,413,413,433,433,433,444,444,444],"floor_reached":33,"playtime":1340,"items_purged":[],"score":337,"play_id":"a8830fb4-6785-4897-92d1-9f5c16bf78a1","local_time":"20180725191215","is_ascension_mode":true,"campfire_choices":[{"data":"Corpse Explosion","floor":6,"key":"SMITH"},{"floor":10,"key":"REST"},{"floor":15,"key":"REST"},{"floor":23,"key":"REST"},{"floor":25,"key":"REST"},{"floor":27,"key":"REST"},{"floor":30,"key":"REST"},{"floor":32,"key":"REST"}],"neow_cost":"NONE","seed_source_timestamp":16090957815384,"circlet_count":0,"master_deck":["Defend_G+1","Defend_G+1","Defend_G+1","Defend_G+1","Defend_G+1","Strike_G+1","Strike_G+1","Strike_G+1","Strike_G+1","Strike_G+1","Survivor","Neutralize","Corpse Explosion+1","Outmaneuver","Dash","Blade Dance","Flying Knee","Dagger Spray","Dodge and Roll","Predator","Cloak And Dagger+1","Well Laid Plans+1","Backflip","Unload","Quick Slash+1","Noxious Fumes+1","Well Laid Plans+1","Dash","Cloak And Dagger+1","Cloak And Dagger","Escape Plan"],"relics":["Ring of the Snake","Frozen Egg 2","Strawberry","Omamori","Sozu","Darkstone Periapt","The Courier","Ice Cream"],"potions_floor_usage":[8,14,14,14],"damage_taken":[{"damage":0,"enemies":"2 Louse","floor":1,"turns":2},{"damage":0,"enemies":"Cultist","floor":2,"turns":4},{"damage":1,"enemies":"Jaw Worm","floor":3,"turns":4},{"damage":15,"enemies":"Lots of Slimes","floor":4,"turns":4},{"damage":5,"enemies":"3 Sentries","floor":7,"turns":4},{"damage":2,"enemies":"2 Fungi Beasts","floor":8,"turns":5},{"damage":1,"enemies":"Looter","floor":11,"turns":3},{"damage":35,"enemies":"Exordium Thugs","floor":13,"turns":4},{"damage":10,"enemies":"Lagavulin","floor":14,"turns":4},{"damage":59,"enemies":"The Guardian","floor":16,"turns":10},{"damage":9,"enemies":"Shell Parasite","floor":18,"turns":4},{"damage":4,"enemies":"Chosen","floor":19,"turns":4},{"damage":26,"enemies":"Sentry and Sphere","floor":20,"turns":7},{"damage":24,"enemies":"Snake Plant","floor":22,"turns":4},{"damage":31,"enemies":"Slavers","floor":24,"turns":4},{"damage":38,"enemies":"Slaver and Parasite","floor":28,"turns":4},{"damage":17,"enemies":"Snecko","floor":31,"turns":6},{"damage":66,"enemies":"Collector","floor":33,"turns":6}],"seed_played":"8099246634845105004","potions_obtained":[{"floor":1,"key":"Block Potion"},{"floor":7,"key":"Fruit Juice"},{"floor":11,"key":"PowerPotion"},{"floor":13,"key":"Poison Potion"}],"is_trial":false,"path_per_floor":["M","M","M","M","$","R","E","M","T","R","M","?","M","E","R","B",null,"M","M","M","?","M","R","E","R","T","R","M","?","R","M","R"],"character_chosen":"THE_SILENT","items_purchased":["Dagger Spray"],"campfire_rested":7,"item_purchase_floors":[5],"current_hp_per_floor":[70,70,69,54,54,54,49,52,59,82,81,81,46,36,60,1,82,73,69,43,43,19,43,12,36,36,60,22,22,46,29,53,0],"gold":444,"neow_bonus":"ONE_RANDOM_RARE_CARD","is_prod":false,"is_daily":false,"chose_seed":false,"campfire_upgraded":1,"win_rate":0,"timestamp":1532556735,"path_taken":["M","M","M","M","$","R","E","M","T","R","M","?","M","E","R","BOSS","M","M","?","?","M","R","E","R","T","R","?","?","R","M","R","BOSS"],"build_version":"2018-07-19v2","purchased_purges":0,"victory":false,"max_hp_per_floor":[70,70,70,70,70,70,70,75,82,82,82,82,82,82,82,82,82,82,82,82,82,82,82,82,82,82,82,82,82,82,82,82,82],"card_choices":[{"not_picked":["Poisoned Stab","PiercingWail"],"picked":"Outmaneuver","floor":1},{"not_picked":["Reflex","Deadly Poison"],"picked":"Dash","floor":2},{"not_picked":["Bouncing Flask","Acrobatics"],"picked":"Blade Dance","floor":3},{"not_picked":["Grand Finale","PiercingWail"],"picked":"Flying Knee","floor":4},{"not_picked":["Heel Hook","Catalyst"],"picked":"Dodge and Roll","floor":7},{"not_picked":["Masterful Stab","Reflex"],"picked":"Predator","floor":8},{"not_picked":["Bane","Outmaneuver"],"picked":"Cloak And Dagger","floor":11},{"not_picked":["Cloak And Dagger","Skewer"],"picked":"Well Laid Plans+1","floor":13},{"not_picked":["Flying Knee","Bane"],"picked":"Backflip","floor":14},{"not_picked":["Bullet Time","Malaise"],"picked":"Unload","floor":16},{"not_picked":["Terror","Deadly Poison"],"picked":"Quick Slash+1","floor":18},{"not_picked":["Leg Sweep","Choke"],"picked":"Noxious Fumes+1","floor":19},{"not_picked":["Bouncing Flask","Endless Agony"],"picked":"Well Laid Plans+1","floor":20},{"not_picked":["Blur+1","Sucker Punch"],"picked":"Dash","floor":22},{"not_picked":["Riddle With Holes","Setup"],"picked":"Cloak And Dagger+1","floor":24},{"not_picked":["Tactician","Sucker Punch"],"picked":"Cloak And Dagger","floor":28},{"not_picked":["Cloak And Dagger","Skewer"],"picked":"Escape Plan","floor":31}],"player_experience":489693,"relics_obtained":[{"floor":7,"key":"Frozen Egg 2"},{"floor":9,"key":"Strawberry"},{"floor":14,"key":"Omamori"},{"floor":24,"key":"Darkstone Periapt"},{"floor":26,"key":"The Courier"}],"event_choices":[{"event_name":"Accursed Blacksmith","player_choice":"Forge","floor":12,"damage_taken":0},{"event_name":"Back to Basics","player_choice":"Simplicity","floor":21,"damage_taken":0},{"event_name":"The Mausoleum","player_choice":"Yes","floor":29,"damage_taken":0}],"is_beta":false,"boss_relics":[{"not_picked":["Lizard Tail","Black Star"],"picked":"Sozu"}],"items_purged_floors":[],"is_endless":false,"potions_floor_spawned":[1,7,11,13,18,24,28,31],"killed_by":"Collector","ascension_level":4}