{"gold_per_floor":[209,219,238,3,18,53,53,53,53,53,83,83,103,135,135,239,239,251,176,176,194,47,47,82,82,106,131,150,150,162,181,181,279,279,295,18,18,64,64,97,127,127,201,201,236,161,161,188,188,188,188,188,31,60,60],"floor_reached":56,"playtime":4354,"items_purged":["Strike_B"],"score":1737,"play_id":"8704fe54-3dc2-45d5-b821-58875840db13","local_time":"20190223122830","is_ascension_mode":true,"campfire_choices":[{"data":"Defragment","floor":10,"key":"SMITH"},{"data":"Zap","floor":12,"key":"SMITH"},{"data":"Recycle","floor":15,"key":"SMITH"},{"data":"Buffer","floor":23,"key":"SMITH"},{"data":"Hologram","floor":25,"key":"SMITH"},{"data":"Buffer","floor":29,"key":"SMITH"},{"data":"Go for the Eyes","floor":32,"key":"SMITH"},{"floor":42,"key":"RECALL"},{"data":"Double Energy","floor":44,"key":"SMITH"},{"data":"Darkness","floor":47,"key":"SMITH"},{"data":"Seek","floor":49,"key":"SMITH"},{"data":"Steam Power","floor":52,"key":"SMITH"}],"neow_cost":"NONE","seed_source_timestamp":5961594818712186,"circlet_count":0,"master_deck":["Strike_B","Strike_B","Strike_B","Defend_B","Defend_B","Defend_B","Zap+1","Cold Snap","Steam Power+1","Go for the Eyes+1","Defragment+1","All For One","Gash","Conserve Battery","Sweeping Beam","Buffer+1","Reinforced Body","Recycle+1","Steam","Buffer+1","Leap","Defragment+1","Hologram+1","Ball Lightning+1","Cold Snap","White Noise+1","Glacier","Seek+1","Compile Driver","Chill","Dark Shackles","Flash of Steel","Go for the Eyes+1","Double Energy+1","BootSequence+1","Darkness+1","FTL+1","White Noise+1","Steam+1"],"relics":["Cracked Core","Pocketwatch","WingedGreaves","Ginger","Shuriken","Cables","Inserter","Anchor","Bag of Marbles","Blood Vial","Nuclear Battery","Runic Capacitor","Ice Cream","Molten Egg 2","Peace Pipe","Symbiotic Virus","Strawberry","Kunai","Lantern","Vajra"],"potions_floor_usage":[11,16,27,27,55,55,55],"damage_taken":[{"damage":0,"enemies":"Cultist","floor":1,"turns":3},{"damage":6,"enemies":"Jaw Worm","floor":2,"turns":3},{"damage":0,"enemies":"2 Louse","floor":3,"turns":1},{"damage":4,"enemies":"Blue Slaver","floor":5,"turns":4},{"damage":11,"enemies":"Lagavulin","floor":6,"turns":7},{"damage":5,"enemies":"3 Sentries","floor":11,"turns":5},{"damage":0,"enemies":"Looter","floor":13,"turns":3},{"damage":0,"enemies":"Lagavulin","floor":14,"turns":6},{"damage":0,"enemies":"Hexaghost","floor":16,"turns":7},{"damage":0,"enemies":"Shell Parasite","floor":18,"turns":4},{"damage":1,"enemies":"Chosen","floor":21,"turns":5},{"damage":2,"enemies":"Book of Stabbing","floor":24,"turns":6},{"damage":14,"enemies":"Slavers","floor":27,"turns":5},{"damage":0,"enemies":"Snake Plant","floor":28,"turns":5},{"damage":0,"enemies":"Cultist and Chosen","floor":30,"turns":5},{"damage":0,"enemies":"Snecko","floor":31,"turns":5},{"damage":0,"enemies":"Automaton","floor":33,"turns":9},{"damage":0,"enemies":"3 Darklings","floor":35,"turns":6},{"damage":2,"enemies":"2 Orb Walkers","floor":38,"turns":5},{"damage":0,"enemies":"Nemesis","floor":40,"turns":7},{"damage":0,"enemies":"Giant Head","floor":41,"turns":6},{"damage":0,"enemies":"Reptomancer","floor":45,"turns":5},{"damage":0,"enemies":"Giant Head","floor":48,"turns":6},{"damage":0,"enemies":"Awakened One","floor":50,"turns":12},{"damage":0,"enemies":"Shield and Spear","floor":54,"turns":6},{"damage":12,"enemies":"The Heart","floor":55,"turns":9}],"seed_played":"6237072880979312618","potions_obtained":[{"floor":3,"key":"AttackPotion"},{"floor":6,"key":"AttackPotion"},{"floor":11,"key":"FocusPotion"},{"floor":13,"key":"Weak Potion"},{"floor":18,"key":"SteroidPotion"},{"floor":28,"key":"SpeedPotion"},{"floor":33,"key":"Swift Potion"},{"floor":35,"key":"Weak Potion"}],"is_trial":false,"path_per_floor":["M","M","M","$","M","E","T","?","T","R","E","R","M","E","R","B",null,"M","?","?","M","$","R","E","R","T","E","M","R","M","M","R","B",null,"M","$","?","?","?","E","E","R","T","R","E","$","R","E","R","B",null,"R","$","E","B",null],"character_chosen":"DEFECT","items_purchased":["Defragment","All For One","Gash","Conserve Battery","Regen Potion","Runic Capacitor","Chill","FTL+1","Lantern"],"campfire_rested":0,"item_purchase_floors":[4,4,4,4,22,36,36,46,53],"current_hp_per_floor":[75,69,69,69,65,54,54,51,51,51,46,46,46,46,46,46,75,75,75,75,74,74,74,72,72,72,58,60,60,62,64,64,66,75,75,75,65,65,65,67,69,69,69,69,78,78,78,80,80,82,82,82,82,82,82],"gold":60,"neow_bonus":"HUNDRED_GOLD","is_prod":false,"is_daily":false,"chose_seed":false,"campfire_upgraded":11,"win_rate":0,"timestamp":1550942910,"path_taken":["M","?","M","?","M","E","?","?","T","R","E","R","M","E","R","BOSS","M","?","?","M","$","R","E","R","T","E","M","R","M","?","R","BOSS","M","$","?","?","?","E","E","R","T","R","E","?","R","E","R","BOSS","R","$","E","BOSS"],"build_version":"2019-02-06","purchased_purges":1,"victory":true,"max_hp_per_floor":[75,75,75,75,75,75,75,75,75,75,75,75,75,75,75,75,75,75,75,75,75,75,75,75,75,75,75,75,75,75,75,75,75,75,75,75,75,75,75,75,75,75,75,75,82,82,82,82,82,82,82,82,82,82,82],"card_choices":[{"not_picked":["Gash","Rebound"],"picked":"Cold Snap","floor":1},{"not_picked":["Skim","Redo"],"picked":"Steam Power","floor":2},{"not_picked":["Steam Power","Cold Snap"],"picked":"Go for the Eyes","floor":3},{"not_picked":["Heatsinks","Redo"],"picked":"Sweeping Beam","floor":5},{"not_picked":["Rebound","Tempest"],"picked":"Buffer","floor":6},{"not_picked":["Compile Driver","Doom and Gloom"],"picked":"Reinforced Body","floor":11},{"not_picked":["Static Discharge","Ball Lightning"],"picked":"Recycle","floor":13},{"not_picked":["Conserve Battery","Go for the Eyes"],"picked":"Steam","floor":14},{"not_picked":["Multi-Cast","Meteor Strike"],"picked":"Buffer","floor":16},{"not_picked":["Ball Lightning","Darkness+1"],"picked":"Leap","floor":18},{"not_picked":["Cold Snap","Doom and Gloom"],"picked":"Defragment+1","floor":21},{"not_picked":["Steam","Streamline"],"picked":"Hologram","floor":24},{"not_picked":["Core Surge","Sunder"],"picked":"Ball Lightning+1","floor":27},{"not_picked":["Leap+1","Steam+1"],"picked":"Cold Snap","floor":28},{"not_picked":["Lockon","Scrape"],"picked":"White Noise+1","floor":30},{"not_picked":["Leap","Melter"],"picked":"Glacier","floor":31},{"not_picked":["Meteor Strike","Buffer"],"picked":"Seek","floor":33},{"not_picked":["Genetic Algorithm+1","Go for the Eyes"],"picked":"Compile Driver","floor":35},{"not_picked":["Enlightenment","Mind Blast"],"picked":"Dark Shackles","floor":37},{"not_picked":["Blind","Trip"],"picked":"Flash of Steel","floor":37},{"not_picked":["Compile Driver+1","Capacitor+1"],"picked":"Go for the Eyes+1","floor":38},{"not_picked":["Stack+1","Sweeping Beam+1"],"picked":"Double Energy","floor":40},{"not_picked":["Ball Lightning+1","Leap+1"],"picked":"BootSequence+1","floor":41},{"not_picked":["Conserve Battery+1","Rebound+1"],"picked":"Darkness","floor":45},{"not_picked":["Stack+1","Reboot"],"picked":"White Noise+1","floor":48},{"not_picked":["Lockon+1","Rebound+1"],"picked":"Steam+1","floor":54}],"player_experience":4655759,"relics_obtained":[{"floor":6,"key":"Pocketwatch"},{"floor":7,"key":"WingedGreaves"},{"floor":11,"key":"Shuriken"},{"floor":14,"key":"Cables"},{"floor":24,"key":"Anchor"},{"floor":26,"key":"Bag of Marbles"},{"floor":27,"key":"Blood Vial"},{"floor":38,"key":"Ice Cream"},{"floor":40,"key":"Molten Egg 2"},{"floor":41,"key":"Peace Pipe"},{"floor":43,"key":"Symbiotic Virus"},{"floor":45,"key":"Strawberry"},{"floor":48,"key":"Kunai"},{"floor":54,"key":"Vajra"}],"event_choices":[{"damage_healed":0,"gold_gain":0,"player_choice":"Success","damage_taken":3,"relics_obtained":["Ginger"],"max_hp_gain":0,"max_hp_loss":0,"event_name":"Scrap Ooze","floor":8,"gold_loss":0},{"cards_removed":["Defend_B"],"damage_healed":0,"gold_gain":0,"player_choice":"Gave Gold","damage_taken":0,"max_hp_gain":0,"max_hp_loss":0,"event_name":"Beggar","floor":19,"gold_loss":75},{"damage_healed":0,"gold_gain":0,"player_choice":"Got Potions","damage_taken":0,"max_hp_gain":0,"max_hp_loss":0,"event_name":"Lab","floor":20,"gold_loss":0},{"damage_healed":0,"gold_gain":0,"player_choice":"Memory 3","damage_taken":10,"max_hp_gain":0,"max_hp_loss":0,"event_name":"SensoryStone","floor":37,"gold_loss":0},{"damage_healed":0,"gold_gain":0,"player_choice":"Fight","damage_taken":0,"max_hp_gain":0,"max_hp_loss":0,"event_name":"Mysterious Sphere","floor":38,"gold_loss":0},{"cards_removed":["Dualcast"],"damage_healed":0,"gold_gain":0,"player_choice":"Removed Skill","damage_taken":0,"max_hp_gain":0,"max_hp_loss":0,"event_name":"Falling","floor":39,"gold_loss":0}],"is_beta":true,"boss_relics":[{"not_picked":["Sozu","Black Star"],"picked":"Inserter"},{"not_picked":["Eternal Feather","Tiny House"],"picked":"Nuclear Battery"}],"items_purged_floors":[22],"is_endless":false,"potions_floor_spawned":[3,6,11,13,18,28,33,35,48,54],"ascension_level":1}