{"gold_per_floor":[119,119,130,146,160,160,195,212,212,246,246,246,75,0,0,72,72,84,102,102,18,31,31,49,49,49,49,62,62,62,94,94,170,170,189,189,189,203,51,51,51,86,86,86,86,33,43,43,43,43,43,43,43,43,69,69],"floor_reached":56,"playtime":4904,"items_purged":["Strike_R"],"score":1752,"play_id":"f15602cd-716b-4d9f-a550-e84dff2aec9d","local_time":"20190512192651","is_ascension_mode":true,"campfire_choices":[{"data":"Carnage","floor":6.0,"key":"SMITH"},{"data":"Whirlwind","floor":11.0,"key":"SMITH"},{"data":"Clothesline","floor":15.0,"key":"SMITH"},{"data":"Shockwave","floor":23.0,"key":"SMITH"},{"floor":25.0,"key":"REST"},{"floor":27.0,"key":"REST"},{"data":"Limit Break","floor":32.0,"key":"SMITH"},{"data":"True Grit","floor":40,"key":"SMITH"},{"floor":44,"key":"RECALL"},{"floor":49,"key":"REST"},{"floor":53,"key":"REST"}],"neow_cost":"NONE","seed_source_timestamp":0,"circlet_count":0,"master_deck":["AscendersBane","Strike_R","Defend_R","Defend_R","Defend_R","Defend_R","Bash+1","Whirlwind+1","Clothesline+1","Anger","Shrug It Off","Inflame+1","Offering","Shockwave+1","Havoc","Corruption+1","Metallicize+1","Headbutt","True Grit+1","Demon Form+1","Limit Break+1","Dropkick","Dark Embrace+1","Master of Strategy","Feel No Pain+1","Feel No Pain+1","Entrench","Blood for Blood","Shrug It Off"],"special_seed":0,"relics":["Burning Blood","Juzu Bracelet","Frozen Egg 2","Mummified Hand","Red Skull","Runic Pyramid","Kunai","Anchor","Velvet Choker","Unceasing Top","Bag of Marbles"],"potions_floor_usage":[51],"damage_taken":[{"damage":4.0,"enemies":"Small Slimes","floor":1.0,"turns":4.0},{"damage":1.0,"enemies":"Cultist","floor":3.0,"turns":3.0},{"damage":0.0,"enemies":"2 Louse","floor":4.0,"turns":2.0},{"damage":9.0,"enemies":"Exordium Wildlife","floor":5.0,"turns":4.0},{"damage":13.0,"enemies":"Gremlin Nob","floor":7.0,"turns":4.0},{"damage":19.0,"enemies":"Large Slime","floor":8.0,"turns":5.0},{"damage":27.0,"enemies":"3 Sentries","floor":10.0,"turns":6.0},{"damage":13.0,"enemies":"Hexaghost","floor":16.0,"turns":7.0},{"damage":9.0,"enemies":"Spheric Guardian","floor":18.0,"turns":3.0},{"damage":12.0,"enemies":"3 Byrds","floor":19.0,"turns":3.0},{"damage":16.0,"enemies":"Sentry and Sphere","floor":22.0,"turns":5.0},{"damage":36.0,"enemies":"Shelled Parasite and Fungi","floor":24.0,"turns":3.0},{"damage":0.0,"enemies":"Snecko","floor":28.0,"turns":2.0},{"damage":8.0,"enemies":"Gremlin Leader","floor":31.0,"turns":4.0},{"damage":7.0,"enemies":"Champ","floor":33.0,"turns":8.0},{"damage":15.0,"enemies":"3 Shapes","floor":35.0,"turns":5.0},{"damage":1.0,"enemies":"Orb Walker","floor":38.0,"turns":2.0},{"damage":21,"enemies":"Nemesis","floor":42,"turns":5},{"damage":6,"enemies":"Sphere and 2 Shapes","floor":47,"turns":5},{"damage":14,"enemies":"Time Eater","floor":50,"turns":8},{"damage":22,"enemies":"Donu and Deca","floor":51,"turns":5},{"damage":53,"enemies":"Shield and Spear","floor":55,"turns":4},{"damage":44,"enemies":"The Heart","floor":56,"turns":2}],"seed_played":"-7534250031933141003","potions_obtained":[{"floor":1.0,"key":"Block Potion"},{"floor":2.0,"key":"AttackPotion"},{"floor":3.0,"key":"GamblersBrew"},{"floor":5.0,"key":"EssenceOfSteel"},{"floor":10.0,"key":"Swift Potion"},{"floor":16.0,"key":"Strength Potion"},{"floor":19.0,"key":"FairyPotion"},{"floor":24.0,"key":"Explosive Potion"}],"is_trial":false,"path_per_floor":["M","?","M","M","M","R","E","M","T","E","R","?","$","$","R","B",null,"M","M","?","$","M","R","M","R","T","R","M","?","?","E","R","B",null,"M","?","?","M","$","R","?","E","T","R","?","$","M","?","R","B","B",null,"R","$","E","B"],"character_chosen":"IRONCLAD","items_purchased":["Red Skull","Inflame+1","Metallicize+1","Feel No Pain+1","PowerPotion"],"campfire_rested":4,"item_purchase_floors":[13,14,21,39,46],"current_hp_per_floor":[70,70,75,75,72,72,65,52,52,31,31,31,31,31,31,24,62,59,53,53,53,43,43,13,35,35,57,63,63,63,61,61,60,71,62,62,52,57,57,57,57,42,42,42,42,42,42,42,64,56,40,66,75,75,28,0],"gold":69,"neow_bonus":"UPGRADE_CARD","is_prod":false,"is_daily":false,"chose_seed":false,"campfire_upgraded":6,"win_rate":0,"timestamp":1557685611,"path_taken":["M","?","M","M","?","R","E","M","T","E","R","?","?","$","R","BOSS","M","M","?","$","M","R","M","R","T","R","M","?","?","E","R","BOSS","M","?","?","M","?","R","?","E","T","R","?","$","M","?","R","BOSS","BOSS","R","$","E","BOSS"],"build_version":"2019-05-07","purchased_purges":1,"victory":false,"max_hp_per_floor":[75,75,75,75,75,75,75,75,75,75,75,75,75,75,75,75,75,75,75,75,75,75,75,75,75,75,75,75,75,75,75,75,75,75,75,75,75,75,75,75,75,75,75,75,75,75,75,75,75,75,75,75,75,75,75,75],"card_choices":[{"not_picked":["Reckless Charge","Fire Breathing"],"picked":"Whirlwind","floor":1.0},{"not_picked":["Searing Blow","Blood for Blood","Infernal Blade"],"picked":"SKIP","floor":3.0},{"not_picked":["Shockwave","Warcry"],"picked":"Clothesline","floor":4.0},{"not_picked":["Cleave","Infernal Blade"],"picked":"Carnage","floor":5.0},{"not_picked":["Sever Soul","Blood for Blood"],"picked":"Anger","floor":7.0},{"not_picked":["Clothesline","Entrench"],"picked":"Shrug It Off","floor":8.0},{"not_picked":["Infernal Blade","Anger","Perfected Strike"],"picked":"SKIP","floor":10.0},{"not_picked":["Exhume","Berserk+1"],"picked":"Offering","floor":16.0},{"not_picked":["Power Through","Perfected Strike"],"picked":"Shockwave","floor":18.0},{"not_picked":["Sentinel","Heavy Blade"],"picked":"Havoc","floor":19.0},{"not_picked":["Evolve+1","Blood for Blood","Sword Boomerang"],"picked":"SKIP","floor":22.0},{"not_picked":["Thunderclap","Body Slam"],"picked":"Headbutt","floor":24.0},{"not_picked":["Infernal Blade","Body Slam"],"picked":"True Grit","floor":28.0},{"not_picked":["Demon Form+1","Headbutt","Sever Soul"],"picked":"SKIP","floor":31.0},{"not_picked":["Double Tap","Limit Break"],"picked":"Dark Embrace+1","floor":33.0},{"not_picked":["Perfected Strike+1","Clothesline","Thunderclap"],"picked":"SKIP","floor":35.0},{"not_picked":["Jack Of All Trades","Chrysalis"],"picked":"Master of Strategy","floor":37.0},{"not_picked":["Flex","Iron Wave"],"picked":"Feel No Pain+1","floor":38.0},{"not_picked":["Anger","Clash","Clothesline"],"picked":"SKIP","floor":42},{"not_picked":["Wild Strike","Power Through"],"picked":"Entrench","floor":47},{"not_picked":["Havoc","Thunderclap"],"picked":"Shrug It Off","floor":55}],"player_experience":1386003,"relics_obtained":[{"floor":7.0,"key":"Juzu Bracelet"},{"floor":9.0,"key":"Frozen Egg 2"},{"floor":10.0,"key":"Mummified Hand"},{"floor":26.0,"key":"Kunai"},{"floor":31.0,"key":"Anchor"},{"floor":42,"key":"Unceasing Top"},{"floor":55,"key":"Bag of Marbles"}],"event_choices":[{"damage_healed":0.0,"max_hp_gain":0.0,"max_hp_loss":0.0,"gold_gain":0.0,"event_name":"Lab","player_choice":"Got Potions","floor":2.0,"gold_loss":0.0,"damage_taken":0.0},{"damage_healed":0.0,"max_hp_gain":0.0,"max_hp_loss":0.0,"gold_gain":0.0,"event_name":"Shining Light","player_choice":"Ignored","floor":12.0,"gold_loss":0.0,"damage_taken":0.0},{"damage_healed":0.0,"max_hp_gain":0.0,"max_hp_loss":0.0,"gold_gain":0.0,"event_name":"The Library","player_choice":"Read","floor":20.0,"gold_loss":0.0,"damage_taken":0.0,"cards_obtained":["Corruption"]},{"damage_healed":0.0,"max_hp_gain":0.0,"max_hp_loss":0.0,"gold_gain":0.0,"event_name":"Match and Keep!","player_choice":"1 cards matched","floor":29.0,"gold_loss":0.0,"damage_taken":0.0,"cards_obtained":["Demon Form"]},{"damage_healed":0.0,"max_hp_gain":0.0,"max_hp_loss":0.0,"gold_gain":0.0,"cards_transformed":["Strike_R","Strike_R"],"event_name":"Drug Dealer","player_choice":"Became Test Subject","floor":30.0,"gold_loss":0.0,"damage_taken":0.0,"cards_obtained":["Limit Break","Dropkick"]},{"damage_healed":0.0,"max_hp_gain":0.0,"max_hp_loss":0.0,"gold_gain":0.0,"event_name":"Mysterious Sphere","player_choice":"Ignored","floor":36.0,"gold_loss":0.0,"damage_taken":0.0},{"damage_healed":0.0,"max_hp_gain":0.0,"max_hp_loss":0.0,"gold_gain":0.0,"event_name":"SensoryStone","player_choice":"Memory 3","floor":37.0,"gold_loss":0.0,"damage_taken":10.0},{"cards_removed":["Carnage"],"damage_healed":0,"gold_gain":0,"player_choice":"Removed Attack","damage_taken":0,"max_hp_gain":0,"max_hp_loss":0,"event_name":"Falling","floor":41,"gold_loss":0},{"damage_healed":0,"gold_gain":0,"player_choice":"Leave","damage_taken":0,"max_hp_gain":0,"max_hp_loss":0,"event_name":"FaceTrader","floor":45,"gold_loss":0},{"damage_healed":0,"gold_gain":0,"cards_transformed":["Strike_R"],"player_choice":"Transformed","damage_taken":0,"max_hp_gain":0,"max_hp_loss":0,"event_name":"Transmorgrifier","floor":48,"gold_loss":0,"cards_obtained":["Blood for Blood"]}],"is_beta":true,"boss_relics":[{"not_picked":["Eternal Feather","Mark of Pain"],"picked":"Runic Pyramid"},{"not_picked":["Runic Cube","Lizard Tail"],"picked":"Velvet Choker"}],"items_purged_floors":[39],"is_endless":false,"potions_floor_spawned":[1,3,5,10,16,19,24,28],"killed_by":"The Heart","ascension_level":20}