{"gold_per_floor":[111,62,62,79,91,91,102,135,183,183,200,232,254,329,329,408,408,428,378,394,26,36,36,68,68,68,68,68,20,35,53,53,132,132,143,156,156,168,231,231,256,306,306,306,356,417,0,13,13,13],"floor_reached":50,"playtime":1475,"items_purged":["Pain"],"score":896,"play_id":"5e81121b-eefa-4b2a-8f1a-60309f162949","local_time":"20190411145052","is_ascension_mode":true,"campfire_choices":[{"data":"Zap","floor":6,"key":"SMITH"},{"data":"Redo","floor":10,"key":"SMITH"},{"data":"Double Energy","floor":15,"key":"SMITH"},{"floor":23,"key":"REST"},{"floor":28,"key":"REST"},{"floor":32,"key":"REST"},{"floor":40,"key":"REST"},{"floor":44,"key":"REST"},{"floor":49,"key":"REST"}],"neow_cost":"NONE","seed_source_timestamp":2683093239756,"circlet_count":0,"master_deck":["AscendersBane","Strike_B","Strike_B","Strike_B","Defend_B","Defend_B","Defend_B","Defend_B","Zap+1","Dualcast","Ball Lightning","Conserve Battery","Ball Lightning","Coolheaded","Conserve Battery","Redo+1","Echo Form","Double Energy+1","Cold Snap","Electrodynamics","Storm","Redo","Buffer","Defragment","Self Repair","Leap","Loop+1","Cold Snap","Thunder Strike","Thunder Strike","Auto Shields+1","Defragment"],"relics":["Cracked Core","NeowsBlessing","WarpedTongs","Matryoshka","Orichalcum","Bag of Marbles","Kunai","Odd Mushroom","Fusion Hammer","DataDisk","Bag of Preparation","Dream Catcher","Art of War","Emotion Chip","Oddly Smooth Stone","Sozu","SsserpentHead","Gremlin Horn","Letter Opener","Red Mask"],"potions_floor_usage":[8,8,12,24,38,41],"damage_taken":[{"damage":0,"enemies":"Jaw Worm","floor":1,"turns":1},{"damage":0,"enemies":"Cultist","floor":4,"turns":1},{"damage":0,"enemies":"2 Louse","floor":5,"turns":1},{"damage":6,"enemies":"Blue Slaver","floor":7,"turns":4},{"damage":9,"enemies":"3 Sentries","floor":8,"turns":3},{"damage":0,"enemies":"2 Fungi Beasts","floor":11,"turns":2},{"damage":0,"enemies":"Gremlin Nob","floor":12,"turns":3},{"damage":14,"enemies":"The Mushroom Lair","floor":13,"turns":4},{"damage":10,"enemies":"Hexaghost","floor":16,"turns":9},{"damage":18,"enemies":"Shell Parasite","floor":18,"turns":4},{"damage":4,"enemies":"Spheric Guardian","floor":20,"turns":3},{"damage":10,"enemies":"Chosen and Byrds","floor":22,"turns":4},{"damage":28,"enemies":"Slavers","floor":24,"turns":3},{"damage":8,"enemies":"3 Cultists","floor":30,"turns":4},{"damage":1,"enemies":"Centurion and Healer","floor":31,"turns":4},{"damage":5,"enemies":"Collector","floor":33,"turns":6},{"damage":4,"enemies":"3 Darklings","floor":35,"turns":2},{"damage":21,"enemies":"3 Shapes","floor":36,"turns":4},{"damage":29,"enemies":"Jaw Worm Horde","floor":38,"turns":2},{"damage":4,"enemies":"Transient","floor":39,"turns":5},{"damage":27,"enemies":"Reptomancer","floor":41,"turns":6},{"damage":12,"enemies":"Maw","floor":46,"turns":6},{"damage":56,"enemies":"4 Shapes","floor":48,"turns":5},{"damage":41,"enemies":"Awakened One","floor":50,"turns":10}],"seed_played":"1133844207514185728","potions_obtained":[{"floor":1,"key":"AttackPotion"},{"floor":4,"key":"Explosive Potion"},{"floor":11,"key":"Block Potion"},{"floor":13,"key":"Ancient Potion"},{"floor":18,"key":"Fire Potion"},{"floor":22,"key":"Regen Potion"},{"floor":30,"key":"AttackPotion"}],"is_trial":false,"path_per_floor":["M","$","?","M","M","R","M","E","T","R","M","E","?","?","R","B",null,"M","?","M","$","M","R","E","$","T","T","R","$","M","M","R","B",null,"M","M","?","M","M","R","E","?","T","R","?","M","?","M","R","B"],"character_chosen":"DEFECT","items_purchased":["Conserve Battery","DataDisk","Bag of Preparation","Leap"],"campfire_rested":6,"item_purchase_floors":[2,21,21,29],"current_hp_per_floor":[64,64,64,64,64,64,58,49,49,49,49,49,35,24,24,14,57,39,39,35,35,25,46,27,27,27,27,48,48,47,46,67,71,71,67,56,56,27,30,51,44,44,44,65,65,63,63,14,35,0],"gold":13,"neow_bonus":"THREE_ENEMY_KILL","is_prod":false,"is_daily":false,"chose_seed":false,"campfire_upgraded":3,"win_rate":0,"timestamp":1555005052,"path_taken":["M","$","?","M","?","R","M","E","T","R","M","E","?","?","R","BOSS","M","?","M","$","?","R","E","?","T","?","R","$","M","M","R","BOSS","M","M","?","M","?","R","E","?","T","R","?","?","?","M","R","BOSS"],"build_version":"2019-01-23","purchased_purges":1,"victory":false,"max_hp_per_floor":[71,71,71,71,71,71,71,71,71,71,71,71,71,71,71,71,71,71,71,71,71,71,71,71,71,71,71,71,71,71,71,71,71,71,71,71,71,71,71,71,71,71,71,71,71,71,71,71,71,71],"card_choices":[{"not_picked":["Recycle","Auto Shields"],"picked":"Ball Lightning","floor":1},{"not_picked":["Streamline","Steam Power"],"picked":"Ball Lightning","floor":4},{"not_picked":["Streamline","Hologram"],"picked":"Coolheaded","floor":5},{"not_picked":["Blizzard","Recycle"],"picked":"Conserve Battery","floor":7},{"not_picked":["Force Field","Go for the Eyes"],"picked":"Redo","floor":8},{"not_picked":["Genetic Algorithm","Force Field"],"picked":"Echo Form","floor":11},{"not_picked":["Gash","Steam"],"picked":"Double Energy","floor":12},{"not_picked":["White Noise","Conserve Battery"],"picked":"Cold Snap","floor":13},{"not_picked":["Meteor Strike","Reboot"],"picked":"Electrodynamics","floor":16},{"not_picked":["Leap","Stack"],"picked":"Storm","floor":18},{"not_picked":["Steam","Heatsinks"],"picked":"Redo","floor":20},{"not_picked":["Self Repair","Conserve Battery"],"picked":"Buffer","floor":22},{"not_picked":["Turbo+1","Auto Shields"],"picked":"Defragment","floor":24},{"not_picked":["Barrage","Go for the Eyes+1"],"picked":"Self Repair","floor":28},{"not_picked":["Hologram","Chaos"],"picked":"Loop+1","floor":30},{"not_picked":["Multi-Cast","Chaos","Rebound"],"picked":"SKIP","floor":31},{"not_picked":["Stack","Gash"],"picked":"Cold Snap","floor":32},{"not_picked":["Core Surge","Machine Learning"],"picked":"Thunder Strike","floor":33},{"not_picked":["Compile Driver","Conserve Battery","Beam Cell+1"],"picked":"SKIP","floor":35},{"not_picked":["Hello World+1","Ball Lightning+1","Streamline"],"picked":"SKIP","floor":36},{"not_picked":["Barrage","Leap","Turbo"],"picked":"SKIP","floor":38},{"not_picked":["Steam","Streamline"],"picked":"Thunder Strike","floor":39},{"not_picked":["Blizzard+1","Stack","Recycle"],"picked":"SKIP","floor":41},{"not_picked":["Streamline+1","Stack+1"],"picked":"Auto Shields+1","floor":44},{"not_picked":["Turbo","Rebound","Steam"],"picked":"SKIP","floor":46},{"not_picked":["Ball Lightning","Conserve Battery+1","Thunder Strike"],"picked":"SKIP","floor":48},{"not_picked":["Compile Driver","Barrage"],"picked":"Defragment","floor":49}],"player_experience":1076707,"relics_obtained":[{"floor":8,"key":"Matryoshka"},{"floor":9,"key":"Orichalcum"},{"floor":9,"key":"Bag of Marbles"},{"floor":12,"key":"Kunai"},{"floor":13,"key":"Odd Mushroom"},{"floor":24,"key":"Dream Catcher"},{"floor":26,"key":"Art of War"},{"floor":26,"key":"Emotion Chip"},{"floor":27,"key":"Oddly Smooth Stone"},{"floor":41,"key":"Gremlin Horn"},{"floor":43,"key":"Letter Opener"}],"event_choices":[{"damage_healed":0,"gold_gain":0,"player_choice":"Rummage","damage_taken":0,"relics_obtained":["WarpedTongs"],"max_hp_gain":0,"max_hp_loss":0,"event_name":"Accursed Blacksmith","floor":3,"gold_loss":0,"cards_obtained":["Pain"]},{"damage_healed":0,"gold_gain":0,"player_choice":"Fought Mushrooms","damage_taken":0,"max_hp_gain":0,"max_hp_loss":0,"event_name":"Mushrooms","floor":13,"gold_loss":0},{"damage_healed":0,"gold_gain":75,"player_choice":"Gather Gold","damage_taken":11,"max_hp_gain":0,"max_hp_loss":0,"event_name":"World of Goop","floor":14,"gold_loss":0},{"damage_healed":0,"gold_gain":0,"player_choice":"Bet on Owner","damage_taken":0,"max_hp_gain":0,"max_hp_loss":0,"event_name":"The Joust","floor":19,"gold_loss":50},{"damage_healed":0,"gold_gain":0,"player_choice":"Trade","damage_taken":0,"relics_obtained":["SsserpentHead"],"max_hp_gain":0,"max_hp_loss":0,"event_name":"FaceTrader","floor":37,"gold_loss":0},{"cards_removed":["Strike_B"],"damage_healed":0,"gold_gain":0,"player_choice":"Removed Attack","damage_taken":0,"max_hp_gain":0,"max_hp_loss":0,"event_name":"Falling","floor":42,"gold_loss":0},{"damage_healed":0,"gold_gain":0,"player_choice":"Got Potions","damage_taken":0,"max_hp_gain":0,"max_hp_loss":0,"event_name":"Lab","floor":45,"gold_loss":0},{"damage_healed":0,"gold_gain":0,"player_choice":"Paid","damage_taken":0,"relics_obtained":["Red Mask"],"max_hp_gain":0,"max_hp_loss":0,"event_name":"Tomb of Lord Red Mask","floor":47,"gold_loss":467}],"is_beta":false,"boss_relics":[{"not_picked":["Orrery","Cursed Key"],"picked":"Fusion Hammer"},{"not_picked":["Velvet Choker","Philosopher\u0027s Stone"],"picked":"Sozu"}],"items_purged_floors":[21],"is_endless":false,"potions_floor_spawned":[1,4,11,13,18,22,30,35,46],"killed_by":"Awakened One","ascension_level":14}