{"gold_per_floor":[115,115,135,68,68,68,93,93,120,120,136,146,164,38,38,110,110,123,141,161,176,176],"floor_reached":22,"playtime":880,"items_purged":[],"score":320,"play_id":"34be53a7-faed-4958-8379-cffc3bca3337","local_time":"20190420141114","is_ascension_mode":true,"campfire_choices":[{"data":"Crippling Poison","floor":6,"key":"SMITH"},{"data":"Neutralize","floor":10,"key":"SMITH"},{"data":"Escape Plan","floor":15,"key":"SMITH"}],"neow_cost":"NONE","seed_source_timestamp":778548300151261,"circlet_count":0,"master_deck":["AscendersBane","Defend_G","Defend_G","Defend_G","Defend_G","Defend_G","Strike_G","Strike_G","Strike_G","Strike_G","Survivor","Neutralize+1","Dramatic Entrance+1","Crippling Poison+1","Predator","Footwork+1","PiercingWail","Escape Plan+1","Heel Hook","Burst","Dagger Spray+1","Sucker Punch+1"],"relics":["Ring of the Snake","Anchor","Blood Vial","Tiny Chest","Sozu"],"potions_floor_usage":[16],"damage_taken":[{"damage":0,"enemies":"2 Louse","floor":1,"turns":4},{"damage":0,"enemies":"Cultist","floor":3,"turns":4},{"damage":24,"enemies":"3 Sentries","floor":7,"turns":12},{"damage":0,"enemies":"Small Slimes","floor":11,"turns":2},{"damage":1,"enemies":"Gremlin Gang","floor":12,"turns":4},{"damage":1,"enemies":"2 Fungi Beasts","floor":13,"turns":3},{"damage":25,"enemies":"Hexaghost","floor":16,"turns":11},{"damage":11,"enemies":"Spheric Guardian","floor":18,"turns":8},{"damage":0,"enemies":"Shell Parasite","floor":19,"turns":9},{"damage":19,"enemies":"Shelled Parasite and Fungi","floor":20,"turns":7},{"damage":16,"enemies":"Centurion and Healer","floor":21,"turns":6},{"damage":20,"enemies":"Snake Plant","floor":22,"turns":4}],"seed_played":"893826460054889294","potions_obtained":[{"floor":1,"key":"Poison Potion"},{"floor":3,"key":"Dexterity Potion"},{"floor":13,"key":"LiquidBronze"},{"floor":16,"key":"SteroidPotion"}],"is_trial":false,"path_per_floor":["M","?","M","$","?","R","E","?","T","R","M","M","M","$","R","B",null,"M","M","M","M","M"],"character_chosen":"THE_SILENT","items_purchased":["Footwork","Tiny Chest"],"campfire_rested":0,"item_purchase_floors":[4,14],"current_hp_per_floor":[59,59,59,59,59,59,35,35,35,35,37,38,39,39,39,16,54,45,47,30,16,0],"gold":176,"neow_bonus":"RANDOM_COLORLESS","is_prod":false,"is_daily":false,"chose_seed":false,"campfire_upgraded":3,"win_rate":0,"timestamp":1555780274,"path_taken":["M","?","?","$","?","R","E","?","T","R","M","M","M","$","R","BOSS","M","M","M","M","?"],"build_version":"2019-01-23","purchased_purges":0,"victory":false,"max_hp_per_floor":[66,66,66,66,66,66,66,66,66,66,66,66,66,66,66,66,66,66,66,66,66,66],"card_choices":[{"not_picked":["Poisoned Stab","Caltrops"],"picked":"Crippling Poison","floor":1},{"not_picked":["Deflect","Skewer"],"picked":"Predator","floor":3},{"not_picked":["Flechettes","Prepared"],"picked":"PiercingWail","floor":7},{"not_picked":["Flying Knee","Dagger Throw"],"picked":"Escape Plan","floor":11},{"not_picked":["Slice","Underhanded Strike","Grand Finale"],"picked":"SKIP","floor":12},{"not_picked":["Dagger Throw","Slice"],"picked":"Heel Hook","floor":13},{"not_picked":["A Thousand Cuts","Doppelganger"],"picked":"Burst","floor":16},{"not_picked":["Quick Slash","PiercingWail","Prepared"],"picked":"SKIP","floor":18},{"not_picked":["Dodge and Roll","Caltrops"],"picked":"Dagger Spray+1","floor":19},{"not_picked":["Backflip","Deadly Poison"],"picked":"Sucker Punch+1","floor":20},{"not_picked":["Quick Slash","Night Terror","Acrobatics"],"picked":"SKIP","floor":21}],"player_experience":1165006,"relics_obtained":[{"floor":7,"key":"Anchor"},{"floor":9,"key":"Blood Vial"}],"event_choices":[{"cards_removed":["Strike_G"],"damage_healed":0,"gold_gain":0,"player_choice":"Purged","damage_taken":0,"max_hp_gain":0,"max_hp_loss":0,"event_name":"Purifier","floor":2,"gold_loss":0},{"damage_healed":0,"gold_gain":0,"player_choice":"Grow","damage_taken":0,"max_hp_gain":0,"max_hp_loss":0,"event_name":"Living Wall","floor":5,"gold_loss":0,"cards_upgraded":["Footwork"]},{"damage_healed":0,"gold_gain":0,"player_choice":"Upgraded","damage_taken":0,"max_hp_gain":0,"max_hp_loss":0,"event_name":"Upgrade Shrine","floor":8,"gold_loss":0,"cards_upgraded":["Dramatic Entrance"]}],"is_beta":false,"boss_relics":[{"not_picked":["Runic Dome","White Beast Statue"],"picked":"Sozu"}],"items_purged_floors":[],"is_endless":false,"potions_floor_spawned":[1,3,13,16,19,21],"killed_by":"Snake Plant","ascension_level":14}