{"gold_per_floor":[110,185,185,185,195,230,249,260,260,272,14,14,43,60,60,132,132,91,109,109,109,34,34,53,53,53,108,121,131,143,156,156,233,233,249,249,249,269,320,355,355,355],"floor_reached":42,"playtime":3717,"items_purged":["Strike_R"],"score":1041,"play_id":"7fb2d097-a326-4b02-bcdb-c86620c0ad76","local_time":"20190504132848","is_ascension_mode":true,"campfire_choices":[{"data":"Bash","floor":10,"key":"SMITH"},{"floor":12,"key":"REST"},{"floor":15,"key":"REST"},{"data":"Cleave","floor":23,"key":"SMITH"},{"floor":25,"key":"REST"},{"data":"Barricade","floor":32,"key":"SMITH"},{"data":"Body Slam","floor":41,"key":"SMITH"}],"neow_cost":"NONE","seed_source_timestamp":35783654414565,"circlet_count":0,"master_deck":["AscendersBane","Strike_R","Strike_R","Strike_R","Defend_R","Defend_R","Defend_R","Defend_R","Bash+1","Impervious","Pummel","Cleave+1","Battle Trance","Shrug It Off","Barricade+1","Entrench+1","Battle Trance+1","Shrug It Off+1","Havoc+1","Fiend Fire+1","Inflame","Disarm+1","Uppercut+1","Decay","Shrug It Off+1","Body Slam+1","Burning Pact+1","Sentinel+1","Havoc+1","Shrug It Off+1","Reaper"],"relics":["Burning Blood","Matryoshka","Question Card","MawBank","Toxic Egg 2","Dodecahedron","Cursed Key","Self Forming Clay","Tiny Chest","Runic Pyramid","Du-Vu Doll","Meat on the Bone"],"potions_floor_usage":[6,14,16,27,28,30,42],"damage_taken":[{"damage":4,"enemies":"Jaw Worm","floor":1,"turns":5},{"damage":7,"enemies":"Cultist","floor":5,"turns":4},{"damage":35,"enemies":"Lagavulin","floor":6,"turns":7},{"damage":7,"enemies":"Small Slimes","floor":7,"turns":3},{"damage":1,"enemies":"2 Fungi Beasts","floor":8,"turns":4},{"damage":36,"enemies":"Gremlin Nob","floor":13,"turns":4},{"damage":15,"enemies":"Exordium Thugs","floor":14,"turns":9},{"damage":8,"enemies":"Slime Boss","floor":16,"turns":9},{"damage":11,"enemies":"2 Thieves","floor":18,"turns":5},{"damage":19,"enemies":"Chosen","floor":19,"turns":5},{"damage":0,"enemies":"Sentry and Sphere","floor":24,"turns":4},{"damage":22,"enemies":"Slavers","floor":27,"turns":6},{"damage":9,"enemies":"Cultist and Chosen","floor":28,"turns":6},{"damage":12,"enemies":"Snake Plant","floor":29,"turns":6},{"damage":1,"enemies":"Centurion and Healer","floor":30,"turns":9},{"damage":21,"enemies":"Shelled Parasite and Fungi","floor":31,"turns":4},{"damage":9,"enemies":"Champ","floor":33,"turns":12},{"damage":0,"enemies":"Orb Walker","floor":35,"turns":2},{"damage":14,"enemies":"3 Darklings","floor":38,"turns":8},{"damage":23,"enemies":"2 Orb Walkers","floor":39,"turns":5},{"damage":0,"enemies":"Giant Head","floor":40,"turns":6},{"damage":70,"enemies":"Reptomancer","floor":42,"turns":2}],"seed_played":"7476874101466921602","potions_obtained":[{"floor":1,"key":"Strength Potion"},{"floor":6,"key":"BloodPotion"},{"floor":13,"key":"AttackPotion"},{"floor":16,"key":"Swift Potion"},{"floor":24,"key":"Poison Potion"},{"floor":27,"key":"Regen Potion"},{"floor":29,"key":"PowerPotion"},{"floor":33,"key":"Fire Potion"},{"floor":39,"key":"Dexterity Potion"}],"is_trial":false,"path_per_floor":["M","?","?","?","M","E","M","M","T","R","$","R","E","M","R","B",null,"M","M","?","?","$","R","M","R","T","E","M","M","M","M","R","B",null,"M","?","?","M","?","E","R","E"],"character_chosen":"IRONCLAD","items_purchased":["Barricade","Entrench+1","Battle Trance+1"],"campfire_rested":3,"item_purchase_floors":[11,11,11],"current_hp_per_floor":[70,59,54,54,53,24,23,28,28,28,28,50,20,18,40,38,66,61,48,27,27,27,27,33,57,57,41,53,47,52,37,37,34,69,75,75,75,67,50,56,56,0],"gold":355,"neow_bonus":"ONE_RANDOM_RARE_CARD","is_prod":false,"is_daily":false,"chose_seed":false,"campfire_upgraded":4,"win_rate":0,"timestamp":1556990928,"path_taken":["M","?","?","?","M","E","M","?","T","R","$","R","E","M","R","BOSS","M","?","?","?","$","R","?","R","T","E","M","?","M","M","R","BOSS","M","?","?","M","?","E","R","E"],"build_version":"2019-01-23","purchased_purges":1,"victory":false,"max_hp_per_floor":[75,75,75,75,75,75,75,75,75,75,75,75,75,75,75,75,75,75,75,80,80,80,80,80,80,80,80,80,80,80,80,80,80,80,80,80,80,80,80,80,80,80],"card_choices":[{"not_picked":["Spot Weakness","True Grit"],"picked":"Pummel","floor":1},{"not_picked":["Perfected Strike","Heavy Blade"],"picked":"Cleave","floor":5},{"not_picked":["Dark Embrace","Armaments"],"picked":"Battle Trance","floor":6},{"not_picked":["Iron Wave","Burning Pact","Searing Blow"],"picked":"Twin Strike","floor":7},{"not_picked":["Shockwave","Cleave","Headbutt"],"picked":"Shrug It Off","floor":8},{"not_picked":["Dropkick","Iron Wave","Hemokinesis"],"picked":"Shrug It Off+1","floor":13},{"not_picked":["Bloodletting+1","Juggernaut","Rupture"],"picked":"Havoc+1","floor":14},{"not_picked":["Immolate","Juggernaut","Limit Break+1"],"picked":"Fiend Fire","floor":16},{"not_picked":["Sword Boomerang","Wild Strike","Thunderclap"],"picked":"Inflame","floor":18},{"not_picked":["Combust","Hemokinesis","Seeing Red+1"],"picked":"Disarm+1","floor":19},{"not_picked":["Twin Strike","Headbutt","Sword Boomerang"],"picked":"Uppercut+1","floor":24},{"not_picked":["Sword Boomerang","Anger","Thunderclap","Whirlwind"],"picked":"SKIP","floor":27},{"not_picked":["Sword Boomerang","Anger","Thunderclap","Whirlwind"],"picked":"SKIP","floor":27},{"not_picked":["Havoc+1","Metallicize","Demon Form"],"picked":"Shrug It Off+1","floor":28},{"not_picked":["Combust","Dual Wield+1","Twin Strike","Sentinel+1"],"picked":"SKIP","floor":29},{"not_picked":["Flex+1","Anger","Havoc+1"],"picked":"Body Slam","floor":30},{"not_picked":["Iron Wave","Flex+1","Warcry+1"],"picked":"Burning Pact+1","floor":31},{"not_picked":["Burning Pact+1","Flex+1","Armaments+1"],"picked":"Sentinel+1","floor":35},{"not_picked":["Pommel Strike","Intimidate+1","Flex+1"],"picked":"Havoc+1","floor":38},{"not_picked":["Infernal Blade+1","Evolve","Clash"],"picked":"Shrug It Off+1","floor":39},{"not_picked":["Pummel+1","Combust","Twin Strike"],"picked":"Reaper","floor":40}],"player_experience":1279572,"relics_obtained":[{"floor":6,"key":"Question Card"},{"floor":9,"key":"MawBank"},{"floor":9,"key":"Toxic Egg 2"},{"floor":13,"key":"Dodecahedron"},{"floor":26,"key":"Self Forming Clay"},{"floor":27,"key":"Tiny Chest"},{"floor":39,"key":"Du-Vu Doll"},{"floor":40,"key":"Meat on the Bone"}],"event_choices":[{"damage_healed":0,"gold_gain":75,"player_choice":"Gather Gold","damage_taken":11,"max_hp_gain":0,"max_hp_loss":0,"event_name":"World of Goop","floor":2,"gold_loss":0},{"damage_healed":0,"gold_gain":0,"player_choice":"Success","damage_taken":5,"relics_obtained":["Matryoshka"],"max_hp_gain":0,"max_hp_loss":0,"event_name":"Scrap Ooze","floor":3,"gold_loss":0},{"cards_removed":["Strike_R"],"damage_healed":0,"gold_gain":0,"player_choice":"Purged","damage_taken":0,"max_hp_gain":0,"max_hp_loss":0,"event_name":"Purifier","floor":4,"gold_loss":0},{"damage_healed":0,"gold_gain":0,"player_choice":"Shed Blood","damage_taken":26,"max_hp_gain":5,"max_hp_loss":0,"event_name":"Forgotten Altar","floor":20,"gold_loss":0},{"damage_healed":0,"gold_gain":0,"player_choice":"Forge","damage_taken":0,"max_hp_gain":0,"max_hp_loss":0,"event_name":"Accursed Blacksmith","floor":21,"gold_loss":0,"cards_upgraded":["Fiend Fire"]},{"cards_removed":["Twin Strike"],"damage_healed":0,"gold_gain":0,"player_choice":"Removed Attack","damage_taken":0,"max_hp_gain":0,"max_hp_loss":0,"event_name":"Falling","floor":36,"gold_loss":0},{"damage_healed":0,"gold_gain":0,"player_choice":"Ignored","damage_taken":0,"max_hp_gain":0,"max_hp_loss":0,"event_name":"Tomb of Lord Red Mask","floor":37,"gold_loss":0},{"damage_healed":0,"gold_gain":0,"player_choice":"Fight","damage_taken":0,"max_hp_gain":0,"max_hp_loss":0,"event_name":"Mysterious Sphere","floor":39,"gold_loss":0}],"is_beta":false,"boss_relics":[{"not_picked":["Runic Dome","Philosopher\u0027s Stone"],"picked":"Cursed Key"},{"not_picked":["Empty Cage","Calling Bell"],"picked":"Runic Pyramid"}],"items_purged_floors":[22],"is_endless":false,"potions_floor_spawned":[1,6,13,16,24,27,29,33,38,39],"killed_by":"Reptomancer","ascension_level":20}