{"gold_per_floor":[114,76,92,92,92,117,136,136,163,163,191,191,0,19,19,118,118,138,149,183,183,283,316,316,343,343,353,378,19,35,49,49,145,145,163,385,402,50,69,98,98,123,150,150,162,197,197,197,197,197,197,197,54,87,87],"floor_reached":56,"playtime":3100,"items_purged":["Strike_R"],"score":1430,"play_id":"e5cb0a2c-703b-4d29-b186-105e9baae5f1","local_time":"20190216053654","is_ascension_mode":true,"campfire_choices":[{"data":"Bludgeon","floor":8,"key":"SMITH"},{"data":"Carnage","floor":10,"key":"SMITH"},{"data":"Immolate","floor":15,"key":"SMITH"},{"data":"Shockwave","floor":32,"key":"SMITH"},{"data":"Armaments","floor":41,"key":"SMITH"},{"data":"Double Tap","floor":44,"key":"SMITH"},{"floor":47,"key":"RECALL"},{"data":"Feel No Pain","floor":49,"key":"SMITH"},{"data":"Battle Trance","floor":52,"key":"SMITH"}],"neow_cost":"NONE","seed_source_timestamp":5333393372015610,"circlet_count":0,"master_deck":["Strike_R","Strike_R+1","Strike_R","Strike_R","Defend_R","Defend_R","Defend_R+1","Defend_R","Bash","Carnage+1","Clash","Bludgeon+1","Disarm","Immolate+1","Sever Soul","Shockwave+1","Double Tap+1","Spot Weakness+1","Armaments+1","Battle Trance+1","Ghostly Armor+1","Havoc","Reaper","Shrug It Off","Shrug It Off+1","Feel No Pain+1","Sword Boomerang","Spot Weakness","Shrug It Off","Pummel+1","Uppercut+1","Impatience","Offering"],"relics":["Burning Blood","NeowsBlessing","Vajra","Bronze Scales","Orichalcum","Regal Pillow","Busted Crown","Red Mask","Mango","Mercury Hourglass","Shuriken","MutagenicStrength","PreservedInsect","Darkstone Periapt","Medical Kit","Mark of Pain","Lantern","Paper Frog","Potion Belt","Question Card","Bottled Lightning"],"potions_floor_usage":[16,22,55,55,55,55,55,55,55,55,55],"damage_taken":[{"damage":0,"enemies":"2 Louse","floor":1,"turns":1},{"damage":0,"enemies":"Small Slimes","floor":3,"turns":1},{"damage":0,"enemies":"3 Sentries","floor":6,"turns":2},{"damage":0,"enemies":"Cultist","floor":7,"turns":2},{"damage":26,"enemies":"Lagavulin","floor":11,"turns":4},{"damage":0,"enemies":"2 Fungi Beasts","floor":14,"turns":2},{"damage":0,"enemies":"Slime Boss","floor":16,"turns":6},{"damage":4,"enemies":"Shell Parasite","floor":18,"turns":3},{"damage":0,"enemies":"Chosen","floor":19,"turns":3},{"damage":0,"enemies":"Masked Bandits","floor":20,"turns":2},{"damage":12,"enemies":"Colosseum Slavers","floor":22,"turns":2},{"damage":20,"enemies":"Colosseum Nobs","floor":22,"turns":3},{"damage":14,"enemies":"Book of Stabbing","floor":23,"turns":3},{"damage":0,"enemies":"Slavers","floor":25,"turns":1},{"damage":0,"enemies":"Snake Plant","floor":27,"turns":2},{"damage":9,"enemies":"Book of Stabbing","floor":28,"turns":3},{"damage":8,"enemies":"Centurion and Healer","floor":30,"turns":8},{"damage":0,"enemies":"Cultist and Chosen","floor":31,"turns":4},{"damage":57,"enemies":"Champ","floor":33,"turns":9},{"damage":5,"enemies":"Orb Walker","floor":35,"turns":2},{"damage":2,"enemies":"3 Shapes","floor":37,"turns":4},{"damage":10,"enemies":"Spire Growth","floor":39,"turns":4},{"damage":45,"enemies":"Nemesis","floor":40,"turns":5},{"damage":6,"enemies":"Reptomancer","floor":42,"turns":2},{"damage":8,"enemies":"Writhing Mass","floor":45,"turns":4},{"damage":4,"enemies":"Giant Head","floor":46,"turns":7},{"damage":35,"enemies":"Time Eater","floor":50,"turns":7},{"damage":4,"enemies":"Shield and Spear","floor":54,"turns":4},{"damage":39,"enemies":"The Heart","floor":55,"turns":5}],"seed_played":"8510588086007221677","potions_obtained":[{"floor":6,"key":"Explosive Potion"},{"floor":7,"key":"BloodPotion"},{"floor":11,"key":"EssenceOfSteel"},{"floor":16,"key":"Ancient Potion"},{"floor":20,"key":"Strength Potion"},{"floor":27,"key":"Block Potion"},{"floor":30,"key":"EntropicBrew"},{"floor":45,"key":"Block Potion"}],"is_trial":false,"path_per_floor":["M","$","M","?","?","E","M","R","T","R","E","?","$","M","R","B",null,"M","M","?","?","?","E","?","E","T","M","E","$","M","M","R","B",null,"M","?","M","$","M","E","R","E","T","R","M","E","R","?","R","B",null,"R","$","E","B",null],"character_chosen":"IRONCLAD","items_purchased":["Carnage","Immolate","Sever Soul","Medical Kit","Reaper","Shrug It Off","Feel No Pain","SteroidPotion","Sword Boomerang","Spot Weakness","Shrug It Off","PowerPotion","Impatience"],"campfire_rested":0,"item_purchase_floors":[2,13,13,29,29,29,38,38,38,38,38,53,53],"current_hp_per_floor":[80,80,80,77,70,76,80,80,80,80,60,44,44,50,50,56,80,80,80,80,80,82,74,74,80,80,86,83,83,94,94,94,43,94,94,94,94,94,93,72,72,72,72,72,80,94,94,94,94,65,94,94,94,94,94],"gold":87,"neow_bonus":"THREE_ENEMY_KILL","is_prod":false,"is_daily":false,"chose_seed":false,"campfire_upgraded":8,"win_rate":0,"timestamp":1550313414,"path_taken":["M","$","M","?","?","E","M","R","T","R","E","?","$","M","R","BOSS","M","M","?","?","?","E","?","E","T","M","E","$","M","M","R","BOSS","M","?","M","$","M","E","R","E","T","R","M","E","R","?","R","BOSS","R","$","E","BOSS"],"build_version":"2019-02-06","purchased_purges":1,"victory":true,"max_hp_per_floor":[80,80,80,80,80,80,80,80,80,80,80,80,80,80,80,80,80,80,80,80,80,94,94,94,94,94,94,94,94,94,94,94,94,94,94,94,94,94,94,94,94,94,94,94,94,94,94,94,94,94,94,94,94,94,94],"card_choices":[{"not_picked":["Flex","Second Wind"],"picked":"Entrench","floor":1},{"not_picked":["Thunderclap","True Grit"],"picked":"Clash","floor":3},{"not_picked":["Thunderclap","Anger"],"picked":"Bludgeon","floor":6},{"not_picked":["Twin Strike","Flex","Body Slam"],"picked":"SKIP","floor":7},{"not_picked":["Evolve","Searing Blow"],"picked":"Disarm","floor":11},{"not_picked":["Heavy Blade","Body Slam"],"picked":"Shockwave","floor":14},{"not_picked":["Juggernaut","Dark Embrace"],"picked":"Double Tap","floor":16},{"not_picked":[],"picked":"Spot Weakness","floor":18},{"not_picked":[],"picked":"Armaments","floor":19},{"not_picked":[],"picked":"Ghostly Armor+1","floor":22},{"not_picked":["Rupture"],"picked":"SKIP","floor":23},{"not_picked":[],"picked":"Havoc","floor":25},{"not_picked":["Body Slam"],"picked":"SKIP","floor":27},{"not_picked":["Iron Wave"],"picked":"SKIP","floor":28},{"not_picked":["Flex"],"picked":"SKIP","floor":30},{"not_picked":["Second Wind+1"],"picked":"SKIP","floor":31},{"not_picked":["Twin Strike"],"picked":"SKIP","floor":35},{"not_picked":[],"picked":"Shrug It Off+1","floor":37},{"not_picked":["Spot Weakness"],"picked":"SKIP","floor":39},{"not_picked":[],"picked":"Pummel+1","floor":40},{"not_picked":[],"picked":"Uppercut+1","floor":42},{"not_picked":["Shockwave"],"picked":"SKIP","floor":45},{"not_picked":["Clash"],"picked":"SKIP","floor":46},{"not_picked":["Body Slam+1"],"picked":"Offering","floor":54}],"player_experience":4548349,"relics_obtained":[{"floor":6,"key":"Bronze Scales"},{"floor":9,"key":"Orichalcum"},{"floor":11,"key":"Regal Pillow"},{"floor":20,"key":"Red Mask"},{"floor":22,"key":"Mango"},{"floor":22,"key":"Mercury Hourglass"},{"floor":23,"key":"Shuriken"},{"floor":25,"key":"PreservedInsect"},{"floor":28,"key":"Darkstone Periapt"},{"floor":40,"key":"Lantern"},{"floor":42,"key":"Paper Frog"},{"floor":43,"key":"Potion Belt"},{"floor":46,"key":"Question Card"},{"floor":54,"key":"Bottled Lightning"}],"event_choices":[{"damage_healed":0,"gold_gain":0,"player_choice":"Success","damage_taken":3,"relics_obtained":["Vajra"],"max_hp_gain":0,"max_hp_loss":0,"event_name":"Scrap Ooze","floor":4,"gold_loss":0},{"cards_removed":["Entrench"],"damage_healed":0,"gold_gain":0,"player_choice":"Card Removal","damage_taken":7,"max_hp_gain":0,"max_hp_loss":0,"event_name":"Golden Wing","floor":5,"gold_loss":0},{"damage_healed":0,"gold_gain":0,"player_choice":"Entered Light","damage_taken":16,"max_hp_gain":0,"max_hp_loss":0,"event_name":"Shining Light","floor":12,"gold_loss":0,"cards_upgraded":["Strike_R","Defend_R"]},{"damage_healed":0,"gold_gain":0,"player_choice":"Fought Bandits","damage_taken":0,"max_hp_gain":0,"max_hp_loss":0,"event_name":"Masked Bandits","floor":20,"gold_loss":0},{"damage_healed":0,"gold_gain":0,"player_choice":"Read","damage_taken":0,"max_hp_gain":0,"max_hp_loss":0,"event_name":"The Library","floor":21,"gold_loss":0,"cards_obtained":["Battle Trance"]},{"damage_healed":0,"gold_gain":0,"player_choice":"Fight","damage_taken":0,"max_hp_gain":0,"max_hp_loss":0,"event_name":"Colosseum","floor":22,"gold_loss":0},{"damage_healed":0,"gold_gain":0,"player_choice":"Fought Nobs","damage_taken":0,"max_hp_gain":0,"max_hp_loss":0,"event_name":"Colosseum","floor":22,"gold_loss":0},{"damage_healed":0,"gold_gain":0,"player_choice":"Inject Mutagens","damage_taken":0,"relics_obtained":["MutagenicStrength"],"max_hp_gain":0,"max_hp_loss":0,"event_name":"Drug Dealer","floor":24,"gold_loss":0},{"damage_healed":0,"gold_gain":222,"player_choice":"Wore Mask","damage_taken":0,"max_hp_gain":0,"max_hp_loss":0,"event_name":"Tomb of Lord Red Mask","floor":36,"gold_loss":0},{"damage_healed":0,"gold_gain":0,"player_choice":"Upgraded","damage_taken":0,"max_hp_gain":0,"max_hp_loss":0,"event_name":"Upgrade Shrine","floor":48,"gold_loss":0,"cards_upgraded":["Spot Weakness"]}],"is_beta":true,"boss_relics":[{"not_picked":["Empty Cage","Fusion Hammer"],"picked":"Busted Crown"},{"not_picked":["Philosopher\u0027s Stone","Calling Bell"],"picked":"Mark of Pain"}],"items_purged_floors":[38],"is_endless":false,"potions_floor_spawned":[6,7,11,16,18,19,20,27,30,33,37,45,54],"ascension_level":1}