{"gold_per_floor":[117,131,131,145,157,157,157,157,229,258,345,357,397,409,421,535,547,572,597,609,531,555,567,606,635,720,744,453,453,488,43,43,140,140,156,172,172,190,201,234,32,32,32,47,67,86,112,126,126,126,126,126,1,36,36],"floor_reached":56,"playtime":3770,"items_purged":["Strike_B","Defend_B"],"score":1384,"play_id":"9e46b38d-bc5a-49b1-bd13-077dee264628","local_time":"20190420003400","is_ascension_mode":false,"campfire_choices":[{"data":"Compile Driver","floor":6,"key":"SMITH"},{"data":"Undo","floor":8,"key":"SMITH"},{"data":"Consume","floor":15,"key":"SMITH"},{"data":"Capacitor","floor":23,"key":"SMITH"},{"data":"Loop","floor":29,"key":"SMITH"},{"data":"Echo Form","floor":32,"key":"SMITH"},{"floor":42,"key":"RECALL"},{"data":"Meteor Strike","floor":49,"key":"SMITH"},{"data":"Capacitor","floor":52,"key":"SMITH"}],"neow_cost":"NONE","seed_source_timestamp":199819069681619,"circlet_count":0,"master_deck":["Strike_B","Defend_B+1","Defend_B+1","Defend_B","Zap+1","Dualcast","Rebound","Undo+1","Capacitor+1","Compile Driver+1","Consume+1","Glacier","Echo Form+1","Ball Lightning+1","Glacier","Loop+1","Reinforced Body","Capacitor+1","Buffer+1","Sweeping Beam+1","Reinforced Body+1","Sunder+1","Fusion","Meteor Strike+1","Static Discharge+1","Capacitor+1"],"relics":["Cracked Core","Singing Bowl","MawBank","Emotion Chip","Question Card","Snecko Eye","Calipers","War Paint","Vajra","Letter Opener","Ice Cream","Nuclear Battery","Lantern","ClockworkSouvenir","Frozen Egg 2","Potion Belt","Pen Nib"],"potions_floor_usage":[13,24,24,40,44,44,45,50,55,55,55],"damage_taken":[{"damage":6,"enemies":"Jaw Worm","floor":1,"turns":3},{"damage":1,"enemies":"Cultist","floor":2,"turns":3},{"damage":0,"enemies":"Small Slimes","floor":4,"turns":2},{"damage":7,"enemies":"2 Fungi Beasts","floor":5,"turns":3},{"damage":0,"enemies":"Lagavulin","floor":10,"turns":7},{"damage":18,"enemies":"3 Sentries","floor":13,"turns":8},{"damage":12,"enemies":"Slime Boss","floor":16,"turns":9},{"damage":0,"enemies":"Chosen","floor":18,"turns":6},{"damage":1,"enemies":"Shell Parasite","floor":19,"turns":4},{"damage":0,"enemies":"Sentry and Sphere","floor":22,"turns":6},{"damage":18,"enemies":"Slavers","floor":24,"turns":8},{"damage":0,"enemies":"Snake Plant","floor":25,"turns":4},{"damage":0,"enemies":"Cultist and Chosen","floor":27,"turns":6},{"damage":6,"enemies":"Book of Stabbing","floor":30,"turns":7},{"damage":0,"enemies":"Automaton","floor":33,"turns":8},{"damage":0,"enemies":"Orb Walker","floor":35,"turns":5},{"damage":0,"enemies":"3 Darklings","floor":36,"turns":6},{"damage":0,"enemies":"Jaw Worm Horde","floor":38,"turns":4},{"damage":0,"enemies":"Writhing Mass","floor":39,"turns":6},{"damage":0,"enemies":"Nemesis","floor":40,"turns":7},{"damage":0,"enemies":"Transient","floor":44,"turns":5},{"damage":0,"enemies":"Sphere and 2 Shapes","floor":45,"turns":6},{"damage":0,"enemies":"Maw","floor":46,"turns":7},{"damage":0,"enemies":"Giant Head","floor":47,"turns":9},{"damage":0,"enemies":"Writhing Mass","floor":48,"turns":4},{"damage":21,"enemies":"Time Eater","floor":50,"turns":10},{"damage":0,"enemies":"Shield and Spear","floor":54,"turns":6},{"damage":4,"enemies":"The Heart","floor":55,"turns":11}],"seed_played":"5347625831637845844","potions_obtained":[{"floor":1,"key":"SkillPotion"},{"floor":4,"key":"FocusPotion"},{"floor":13,"key":"Explosive Potion"},{"floor":19,"key":"GamblersBrew"},{"floor":25,"key":"Block Potion"},{"floor":30,"key":"Block Potion"},{"floor":39,"key":"GamblersBrew"},{"floor":40,"key":"Fire Potion"},{"floor":44,"key":"Fire Potion"},{"floor":45,"key":"PowerPotion"},{"floor":48,"key":"Energy Potion"},{"floor":54,"key":"FearPotion"}],"is_trial":false,"path_per_floor":["M","M","?","M","M","R","?","R","T","E","?","?","E","T","R","B",null,"M","M","?","?","M","R","E","M","T","M","$","R","E","$","R","B",null,"M","M","?","M","M","E","$","R","T","M","M","M","E","M","R","B",null,"R","$","E","B",null],"character_chosen":"DEFECT","items_purchased":["Vajra","Capacitor","Ice Cream","Energy Potion","ClockworkSouvenir","Static Discharge+1","Dexterity Potion"],"campfire_rested":0,"item_purchase_floors":[28,28,31,31,41,53,53],"current_hp_per_floor":[69,68,68,68,61,61,66,66,66,66,55,55,37,37,37,25,80,80,79,79,79,81,81,63,63,63,65,65,65,61,61,61,61,86,88,88,88,90,92,92,92,92,92,94,94,94,94,96,96,75,96,96,96,96,92],"gold":36,"neow_bonus":"UPGRADE_CARD","is_prod":false,"is_daily":false,"chose_seed":false,"campfire_upgraded":8,"win_rate":0,"timestamp":1555716840,"path_taken":["M","M","?","?","M","R","?","R","T","E","?","?","E","?","R","BOSS","M","M","?","?","?","R","E","M","T","M","?","R","E","$","R","BOSS","M","M","?","?","M","E","?","R","T","M","M","M","E","M","R","BOSS","R","$","E","BOSS"],"build_version":"2019-04-04","purchased_purges":2,"victory":true,"max_hp_per_floor":[75,75,75,75,75,75,80,80,80,80,80,80,80,80,80,80,80,80,80,80,80,82,82,82,82,82,84,84,84,86,86,86,86,86,88,88,88,90,92,92,92,92,92,94,94,94,94,96,96,96,96,96,96,96,96],"card_choices":[{"not_picked":["Undo","Beam Cell"],"picked":"Rebound","floor":1},{"not_picked":["Hologram","FTL"],"picked":"Undo","floor":2},{"not_picked":["Turbo","FTL"],"picked":"Capacitor","floor":4},{"not_picked":["Conserve Battery","Hologram"],"picked":"Compile Driver","floor":5},{"not_picked":["Chill","Streamline"],"picked":"Consume","floor":10},{"not_picked":["Turbo","Ball Lightning"],"picked":"Glacier","floor":13},{"not_picked":["Rainbow","Meteor Strike","Seek"],"picked":"Echo Form","floor":16},{"not_picked":["Hologram","Sweeping Beam","Redo"],"picked":"Ball Lightning","floor":18},{"not_picked":["Steam","Turbo+1","Ball Lightning+1"],"picked":"Glacier","floor":19},{"not_picked":["Defragment","Stack","Steam","Ball Lightning"],"picked":"Singing Bowl","floor":22},{"not_picked":["Cold Snap","Machine Learning","Static Discharge"],"picked":"Loop","floor":24},{"not_picked":["Sweeping Beam","Compile Driver+1","Coolheaded"],"picked":"Reinforced Body","floor":25},{"not_picked":["Conserve Battery","Barrage","Steam","Rebound"],"picked":"Singing Bowl","floor":27},{"not_picked":["Fission","Creative AI","Recycle","Genetic Algorithm"],"picked":"Singing Bowl","floor":30},{"not_picked":["Multi-Cast","All For One","Core Surge"],"picked":"Buffer","floor":33},{"not_picked":["Streamline","Rebound","Go for the Eyes","Gash+1"],"picked":"Singing Bowl","floor":35},{"not_picked":["Fission","Stack","Steam"],"picked":"Sweeping Beam+1","floor":36},{"not_picked":["Heatsinks+1","Coolheaded","Chill+1","Stack"],"picked":"Singing Bowl","floor":38},{"not_picked":["White Noise+1","Sweeping Beam+1","Steam Power+1","Go for the Eyes+1"],"picked":"Singing Bowl","floor":39},{"not_picked":["Conserve Battery","Streamline","Leap"],"picked":"Reinforced Body+1","floor":40},{"not_picked":["Darkness","BootSequence+1","Sweeping Beam","Rainbow"],"picked":"Singing Bowl","floor":44},{"not_picked":["Capacitor+1","Barrage+1","Redo"],"picked":"Sunder+1","floor":45},{"not_picked":["Recycle+1","Leap","Gash"],"picked":"Fusion","floor":46},{"not_picked":["Melter+1","Aggregate+1","Doom and Gloom"],"picked":"Meteor Strike","floor":47},{"not_picked":["Blizzard+1","Streamline+1","Hello World+1","Barrage"],"picked":"Singing Bowl","floor":48},{"not_picked":["Self Repair+1","Streamline+1","Fission"],"picked":"Capacitor+1","floor":54}],"player_experience":1202655,"relics_obtained":[{"floor":9,"key":"Singing Bowl"},{"floor":10,"key":"MawBank"},{"floor":13,"key":"Emotion Chip"},{"floor":14,"key":"Question Card"},{"floor":24,"key":"War Paint"},{"floor":30,"key":"Letter Opener"},{"floor":40,"key":"Lantern"},{"floor":43,"key":"Frozen Egg 2"},{"floor":47,"key":"Potion Belt"},{"floor":54,"key":"Pen Nib"}],"event_choices":[{"cards_removed":["Strike_B"],"damage_healed":0,"gold_gain":0,"player_choice":"Card Removal","damage_taken":0,"max_hp_gain":0,"max_hp_loss":0,"event_name":"Wheel of Change","floor":3,"gold_loss":0},{"damage_healed":0,"gold_gain":0,"player_choice":"Donut","damage_taken":0,"max_hp_gain":5,"max_hp_loss":0,"event_name":"Big Fish","floor":7,"gold_loss":0},{"damage_healed":0,"gold_gain":75,"player_choice":"Gather Gold","damage_taken":11,"max_hp_gain":0,"max_hp_loss":0,"event_name":"World of Goop","floor":11,"gold_loss":0},{"damage_healed":0,"gold_gain":0,"player_choice":"Ignored","damage_taken":0,"max_hp_gain":0,"max_hp_loss":0,"event_name":"Liars Game","floor":12,"gold_loss":0},{"damage_healed":0,"gold_gain":0,"player_choice":"Opened","damage_taken":0,"relics_obtained":["Calipers"],"max_hp_gain":0,"max_hp_loss":0,"event_name":"The Mausoleum","floor":20,"gold_loss":0},{"cards_removed":["Strike_B"],"damage_healed":0,"gold_gain":0,"player_choice":"Upgrade and Remove","damage_taken":0,"max_hp_gain":0,"max_hp_loss":0,"event_name":"Designer","floor":21,"gold_loss":90,"cards_upgraded":["Ball Lightning"]},{"damage_healed":0,"gold_gain":0,"player_choice":"Forge","damage_taken":0,"max_hp_gain":0,"max_hp_loss":0,"event_name":"Accursed Blacksmith","floor":37,"gold_loss":0,"cards_upgraded":["Buffer"]}],"is_beta":true,"boss_relics":[{"not_picked":["Pandora\u0027s Box","Eternal Feather"],"picked":"Snecko Eye"},{"not_picked":["Runic Dome","Black Star"],"picked":"Nuclear Battery"}],"items_purged_floors":[28,31],"is_endless":false,"potions_floor_spawned":[1,4,13,19,22,25,30,39,40,44,45,48,54],"ascension_level":0}