{"gold_per_floor":[109,124,143,155,174,207,220,64,89,89,115,115,135,168,168,270,270,287,212,212,212,230,255,255,266,289,308,340,365,375,401,401,506,506,521,533,755,755,755,781,781,781,781,781,60,60,85,35,35,35,35,35,35,68,68],"floor_reached":55,"playtime":12759,"items_purged":["Strike_B"],"score":947,"play_id":"305eb2e4-4584-4625-9132-9261135958dc","local_time":"20190512135720","is_ascension_mode":false,"campfire_choices":[{"data":"Dualcast","floor":10.0,"key":"SMITH"},{"data":"Sunder","floor":15.0,"key":"SMITH"},{"data":"Fission","floor":32.0,"key":"SMITH"},{"floor":41,"key":"RECALL"},{"data":"Loop","floor":49,"key":"SMITH"},{"data":"Strike_B+1","floor":52,"key":"PURGE"}],"neow_cost":"NONE","seed_source_timestamp":248308847415982,"circlet_count":0,"master_deck":["Strike_B+1","Defend_B+1","Defend_B+1","Defend_B+1","Defend_B+1","Zap+1","Dualcast+1","Sweeping Beam+1","Sunder+1","FTL+1","Consume+1","Conserve Battery+1","Cold Snap+1","Reinforced Body+1","Storm+1","Fission+1","Capacitor+1","Echo Form+1","Reinforced Body+1","Ghostly+1","Ghostly+1","Ghostly+1","Ghostly+1","Ghostly+1","Static Discharge+1","Capacitor+1","Coolheaded+1","White Noise+1","Chaos+1","Storm+1","Storm+1","Biased Cognition+1","Defragment+1","Loop+1","Secret Technique","Capacitor+1"],"special_seed":0,"relics":["Cracked Core","Peace Pipe","Bag of Marbles","Cables","Regal Pillow","PreservedInsect","Coffee Dripper","Dream Catcher","Boot","Red Mask","Anchor","Omamori","Calling Bell","Juzu Bracelet","Shuriken","FossilizedHelix","Spirit Poop","Happy Flower","Mark of the Bloom","Lantern","Gambling Chip","Strawberry","Whetstone","Centennial Puzzle"],"potions_floor_usage":[35,50,55,55],"damage_taken":[{"damage":1.0,"enemies":"Cultist","floor":1.0,"turns":3.0},{"damage":2.0,"enemies":"Small Slimes","floor":2.0,"turns":2.0},{"damage":5.0,"enemies":"2 Louse","floor":3.0,"turns":2.0},{"damage":0.0,"enemies":"2 Fungi Beasts","floor":4.0,"turns":2.0},{"damage":7.0,"enemies":"Blue Slaver","floor":5.0,"turns":3.0},{"damage":1.0,"enemies":"Gremlin Nob","floor":6.0,"turns":4.0},{"damage":3.0,"enemies":"Looter","floor":7.0,"turns":3.0},{"damage":2.0,"enemies":"3 Sentries","floor":11.0,"turns":4.0},{"damage":3.0,"enemies":"Red Slaver","floor":13.0,"turns":3.0},{"damage":8.0,"enemies":"Lagavulin","floor":14.0,"turns":5.0},{"damage":43.0,"enemies":"Slime Boss","floor":16.0,"turns":10.0},{"damage":0.0,"enemies":"Chosen","floor":18.0,"turns":3.0},{"damage":0.0,"enemies":"2 Thieves","floor":22.0,"turns":3.0},{"damage":0.0,"enemies":"Slavers","floor":23.0,"turns":6.0},{"damage":12.0,"enemies":"Centurion and Healer","floor":25.0,"turns":8.0},{"damage":0.0,"enemies":"Snecko","floor":27.0,"turns":4.0},{"damage":0.0,"enemies":"Masked Bandits","floor":28.0,"turns":6.0},{"damage":0.0,"enemies":"Gremlin Leader","floor":29.0,"turns":7.0},{"damage":1.0,"enemies":"3 Cultists","floor":30.0,"turns":6.0},{"damage":2.0,"enemies":"Slavers","floor":31.0,"turns":3.0},{"damage":2.0,"enemies":"Collector","floor":33.0,"turns":8.0},{"damage":0,"enemies":"3 Darklings","floor":35,"turns":5},{"damage":0,"enemies":"3 Shapes","floor":36,"turns":4},{"damage":0,"enemies":"Reptomancer","floor":40,"turns":4},{"damage":0,"enemies":"Donu and Deca","floor":50,"turns":9},{"damage":0,"enemies":"Shield and Spear","floor":54,"turns":4},{"damage":68,"enemies":"The Heart","floor":55,"turns":6}],"seed_played":"-1477209118968382030","potions_obtained":[{"floor":2.0,"key":"SpeedPotion"},{"floor":5.0,"key":"Strength Potion"},{"floor":6.0,"key":"Explosive Potion"},{"floor":7.0,"key":"Explosive Potion"},{"floor":13.0,"key":"LiquidBronze"},{"floor":18.0,"key":"FearPotion"},{"floor":22.0,"key":"AttackPotion"},{"floor":27.0,"key":"Fruit Juice"},{"floor":29.0,"key":"LiquidBronze"},{"floor":33.0,"key":"GamblersBrew"},{"floor":35,"key":"Strength Potion"}],"is_trial":false,"path_per_floor":["M","M","M","M","M","E","M","$","T","R","E","?","M","E","R","B",null,"M","?","?","?","M","E","?","M","T","M","?","E","M","E","R","B",null,"M","M","?","?","?","E","R","?","T","?","$","?","T","$","R","B",null,"R","$","E","B"],"character_chosen":"DEFECT","items_purchased":["Storm","Gambling Chip","Strawberry","Loop","Secret Technique","Swift Potion"],"campfire_rested":0,"item_purchase_floors":[8,45,45,45,45,48],"current_hp_per_floor":[81,79,74,74,67,66,63,63,63,63,61,58,55,47,47,4,82,82,82,41,41,41,41,41,29,29,34,34,34,33,31,31,29,46,46,46,46,46,46,46,46,46,46,46,46,46,46,46,46,46,46,46,46,46,0],"gold":68,"neow_bonus":"TEN_PERCENT_HP_BONUS","is_prod":false,"is_daily":false,"chose_seed":false,"campfire_upgraded":4,"win_rate":0,"timestamp":1557649640,"path_taken":["M","M","M","M","M","E","M","$","T","R","E","?","M","E","R","BOSS","M","?","?","?","M","E","?","M","T","M","?","E","M","E","R","BOSS","M","M","?","?","?","E","R","?","T","?","$","?","?","?","R","BOSS","R","$","E","BOSS"],"build_version":"2019-01-23","purchased_purges":1,"victory":false,"max_hp_per_floor":[82,82,82,82,82,82,82,82,82,82,82,82,82,82,82,82,82,82,82,41,41,41,41,41,41,41,46,46,46,46,46,46,46,46,46,46,46,46,46,46,46,46,46,46,53,53,53,53,53,53,53,53,53,53,53],"card_choices":[{"not_picked":["Redo","Streamline"],"picked":"Sweeping Beam","floor":1.0},{"not_picked":["Steam","Rebound"],"picked":"Sunder","floor":2.0},{"not_picked":["Sunder","Skim"],"picked":"FTL","floor":3.0},{"not_picked":["Turbo","Leap"],"picked":"Consume","floor":4.0},{"not_picked":["Meteor Strike","Leap"],"picked":"Conserve Battery","floor":5.0},{"not_picked":["FTL","Gash"],"picked":"Cold Snap","floor":6.0},{"not_picked":["Leap","Streamline"],"picked":"Reinforced Body","floor":7.0},{"not_picked":["Sweeping Beam","Fusion"],"picked":"Fission","floor":11.0},{"not_picked":["Cold Snap","Gash"],"picked":"Melter","floor":13.0},{"not_picked":["Conserve Battery","Skim"],"picked":"Capacitor","floor":14.0},{"not_picked":["Core Surge","Amplify"],"picked":"Echo Form","floor":16.0},{"not_picked":["Hello World+1","Heatsinks+1"],"picked":"Reinforced Body+1","floor":18.0},{"not_picked":["Skim","Rebound"],"picked":"Capacitor","floor":22.0},{"not_picked":["Ball Lightning","Rebound","Undo"],"picked":"SKIP","floor":23.0},{"not_picked":["Ball Lightning","Rebound","Undo"],"picked":"SKIP","floor":23.0},{"not_picked":["Turbo","Undo"],"picked":"Coolheaded","floor":25.0},{"not_picked":["Compile Driver","Beam Cell"],"picked":"White Noise+1","floor":27.0},{"not_picked":["Hologram","Compile Driver+1"],"picked":"Chaos+1","floor":28.0},{"not_picked":["Tempest","Beam Cell"],"picked":"Storm+1","floor":29.0},{"not_picked":["FTL+1","Hologram"],"picked":"Storm","floor":30.0},{"not_picked":["Compile Driver+1","Glacier","Core Surge"],"picked":"SKIP","floor":31.0},{"not_picked":["All For One","Electrodynamics"],"picked":"Biased Cognition","floor":33.0},{"not_picked":["Go for the Eyes+1","Rebound","Streamline+1"],"picked":"SKIP","floor":35},{"not_picked":["Streamline","Redo+1"],"picked":"Defragment","floor":36},{"not_picked":["Reprogram","Cold Snap","Recycle"],"picked":"SKIP","floor":40},{"not_picked":["Force Field+1","Reprogram+1"],"picked":"Capacitor+1","floor":54}],"player_experience":171803,"relics_obtained":[{"floor":6.0,"key":"Peace Pipe"},{"floor":9.0,"key":"Bag of Marbles"},{"floor":11.0,"key":"Cables"},{"floor":14.0,"key":"PreservedInsect"},{"floor":23.0,"key":"Dream Catcher"},{"floor":26.0,"key":"Boot"},{"floor":28.0,"key":"Red Mask"},{"floor":29.0,"key":"Anchor"},{"floor":31.0,"key":"Omamori"},{"floor":34.0,"key":"Juzu Bracelet"},{"floor":34.0,"key":"Shuriken"},{"floor":34.0,"key":"FossilizedHelix"},{"floor":40,"key":"Happy Flower"},{"floor":47,"key":"Whetstone"},{"floor":54,"key":"Centennial Puzzle"}],"event_choices":[{"damage_healed":0.0,"max_hp_gain":0.0,"max_hp_loss":0.0,"gold_gain":0.0,"event_name":"Scrap Ooze","player_choice":"Success","floor":12.0,"gold_loss":0.0,"damage_taken":3.0,"relics_obtained":["Regal Pillow"]},{"cards_removed":["Strike_B"],"damage_healed":0.0,"max_hp_gain":0.0,"max_hp_loss":0.0,"gold_gain":0.0,"event_name":"Beggar","player_choice":"Gave Gold","floor":19.0,"gold_loss":75.0,"damage_taken":0.0},{"damage_healed":0.0,"max_hp_gain":0.0,"max_hp_loss":41.0,"gold_gain":0.0,"event_name":"Ghosts","player_choice":"Became a Ghost","floor":20.0,"gold_loss":0.0,"damage_taken":0.0,"cards_obtained":["Ghostly","Ghostly","Ghostly","Ghostly","Ghostly"]},{"damage_healed":0.0,"max_hp_gain":0.0,"max_hp_loss":0.0,"gold_gain":0.0,"event_name":"The Library","player_choice":"Read","floor":21.0,"gold_loss":0.0,"damage_taken":0.0,"cards_obtained":["Static Discharge"]},{"damage_healed":0.0,"max_hp_gain":0.0,"max_hp_loss":0.0,"gold_gain":0.0,"event_name":"Back to Basics","player_choice":"Simplicity","floor":24.0,"gold_loss":0.0,"damage_taken":0.0,"cards_upgraded":["Strike_B","Strike_B","Defend_B","Defend_B","Defend_B","Defend_B"]},{"damage_healed":0.0,"max_hp_gain":0.0,"max_hp_loss":0.0,"gold_gain":0.0,"event_name":"Masked Bandits","player_choice":"Fought Bandits","floor":28.0,"gold_loss":0.0,"damage_taken":0.0},{"damage_healed":0,"gold_gain":222,"player_choice":"Wore Mask","damage_taken":0,"max_hp_gain":0,"max_hp_loss":0,"event_name":"Tomb of Lord Red Mask","floor":37,"gold_loss":0},{"cards_removed":["Pain"],"damage_healed":0,"gold_gain":0,"player_choice":"Offered Curse","damage_taken":0,"relics_obtained":["Spirit Poop"],"max_hp_gain":0,"max_hp_loss":0,"event_name":"Bonfire Elementals","floor":38,"gold_loss":0},{"cards_removed":["Melter"],"damage_healed":0,"gold_gain":0,"player_choice":"Removed Attack","damage_taken":0,"max_hp_gain":0,"max_hp_loss":0,"event_name":"Falling","floor":39,"gold_loss":0},{"damage_healed":0,"gold_gain":0,"player_choice":"Upgrade","damage_taken":0,"relics_obtained":["Mark of the Bloom"],"max_hp_gain":0,"max_hp_loss":0,"event_name":"MindBloom","floor":42,"gold_loss":0,"cards_upgraded":["Zap","Sweeping Beam","FTL","Consume","Conserve Battery","Cold Snap","Reinforced Body","Storm","Capacitor","Echo Form","Ghostly","Ghostly","Ghostly","Ghostly","Ghostly","Static Discharge","Capacitor","Coolheaded","Storm","Biased Cognition","Defragment"]},{"damage_healed":0,"gold_gain":0,"player_choice":"Gave Potion","damage_taken":0,"relics_obtained":["Lantern"],"max_hp_gain":0,"max_hp_loss":0,"event_name":"WeMeetAgain","floor":44,"gold_loss":0},{"damage_healed":0,"gold_gain":0,"player_choice":"Memory 1","damage_taken":0,"max_hp_gain":0,"max_hp_loss":0,"event_name":"SensoryStone","floor":46,"gold_loss":0}],"is_beta":false,"boss_relics":[{"not_picked":["Velvet Choker","FrozenCore"],"picked":"Coffee Dripper"},{"not_picked":["Tiny House","Lizard Tail"],"picked":"Calling Bell"}],"items_purged_floors":[8],"is_endless":false,"potions_floor_spawned":[2,5,6,7,13,18,22,27,29,33,35],"killed_by":"The Heart","ascension_level":0}