{"gold_per_floor":[116,116,127,145,159,159,172,172,225,240,260,260,299,313,313,438,438,456,456,474,474,474],"floor_reached":22,"playtime":2197,"items_purged":[],"score":219,"play_id":"6e3af28f-525b-4b8a-97d2-7d31c61629e7","local_time":"20180701233349","is_ascension_mode":true,"campfire_choices":[{"floor":6.0,"key":"REST"},{"data":"Footwork","floor":8.0,"key":"SMITH"},{"floor":15.0,"key":"REST"}],"neow_cost":"","seed_source_timestamp":0,"circlet_count":0,"master_deck":["Defend_G+1","Defend_G","Defend_G","Defend_G+1","Strike_G","Strike_G","Strike_G+1","Survivor","Neutralize+1","Footwork+1","Outmaneuver","Deadly Poison","Acrobatics","Sucker Punch","Dagger Spray","Deadly Poison","Underhanded Strike","Calculated Gamble","Unload","Grand Finale+1","Slice+1","Terror+1","Noxious Fumes","RitualDagger","Dagger Spray+1"],"special_seed":0,"relics":["Ring of the Snake","War Paint","Tiny Chest","Golden Idol","Whetstone","Astrolabe"],"potions_floor_usage":[18],"damage_taken":[{"damage":0.0,"enemies":"Small Slimes","floor":1.0,"turns":5.0},{"damage":3.0,"enemies":"Jaw Worm","floor":3.0,"turns":6.0},{"damage":7.0,"enemies":"Cultist","floor":4.0,"turns":5.0},{"damage":1.0,"enemies":"Blue Slaver","floor":5.0,"turns":6.0},{"damage":7.0,"enemies":"Looter","floor":7.0,"turns":4.0},{"damage":2.0,"enemies":"Red Slaver","floor":10.0,"turns":4.0},{"damage":0.0,"enemies":"3 Louse","floor":11.0,"turns":4.0},{"damage":12.0,"enemies":"Gremlin Nob","floor":13.0,"turns":4.0},{"damage":11.0,"enemies":"Blue Slaver","floor":14.0,"turns":5.0},{"damage":17.0,"enemies":"Hexaghost","floor":16.0,"turns":12.0},{"damage":18,"enemies":"Chosen","floor":18,"turns":4},{"damage":20,"enemies":"2 Thieves","floor":20,"turns":4},{"damage":33,"enemies":"Slaver and Parasite","floor":22,"turns":2}],"seed_played":"6650970302853652839","potions_obtained":[{"floor":3.0,"key":"Poison Potion"},{"floor":4.0,"key":"SteroidPotion"},{"floor":11.0,"key":"EssenceOfSteel"},{"floor":14.0,"key":"Block Potion"}],"is_trial":false,"path_per_floor":["M","?","M","M","M","R","M","R","T","M","M","?","E","M","R","B",null,"M","?","M","?"],"character_chosen":"THE_SILENT","items_purchased":[],"campfire_rested":2,"item_purchase_floors":[],"current_hp_per_floor":[70,70,67,60,59,70,63,63,63,61,61,44,32,21,42,25,70,52,46,26,26,0],"gold":474,"neow_bonus":"","is_prod":false,"is_daily":false,"chose_seed":false,"campfire_upgraded":1,"win_rate":0,"timestamp":1530498829,"path_taken":["M","?","M","?","M","R","M","R","T","M","M","?","E","?","R","BOSS","M","?","M","?","M"],"build_version":"2018-06-28","purchased_purges":0,"victory":false,"max_hp_per_floor":[70,70,70,70,70,70,70,70,70,70,70,70,70,70,70,70,70,70,70,70,70,70],"card_choices":[{"not_picked":["Finisher","Distraction"],"picked":"Outmaneuver","floor":1.0},{"not_picked":["Quick Slash","Backflip"],"picked":"Deadly Poison","floor":3.0},{"not_picked":["Reflex","Expertise"],"picked":"Acrobatics","floor":4.0},{"not_picked":["Finisher","Night Terror"],"picked":"Sucker Punch","floor":5.0},{"not_picked":["Quick Slash","Flying Knee"],"picked":"Dagger Spray","floor":7.0},{"not_picked":["Setup","Bane"],"picked":"Sucker Punch","floor":10.0},{"not_picked":["Corpse Explosion","Quick Slash"],"picked":"Deadly Poison","floor":11.0},{"not_picked":["Deflect","Bane"],"picked":"Underhanded Strike","floor":13.0},{"not_picked":["Flying Knee","PiercingWail"],"picked":"Calculated Gamble","floor":14.0},{"not_picked":["Glass Knife","Bullet Time"],"picked":"Unload","floor":16.0},{"not_picked":["Underhanded Strike+1","PiercingWail"],"picked":"Noxious Fumes","floor":18},{"not_picked":["Deadly Poison","Underhanded Strike"],"picked":"Dagger Spray+1","floor":20}],"player_experience":407121,"relics_obtained":[{"floor":9.0,"key":"Tiny Chest"},{"floor":13.0,"key":"Whetstone"}],"event_choices":[{"event_name":"Big Fish","player_choice":"Box","floor":2.0,"damage_taken":0.0},{"event_name":"Golden Idol","player_choice":"Take Damage","floor":12.0,"damage_taken":0.0},{"event_name":"Nest","player_choice":"Joined the Cult","floor":19,"damage_taken":0},{"event_name":"Purifier","player_choice":"One Purge","floor":21,"damage_taken":0}],"boss_relics":[{"not_picked":["Philosopher\u0027s Stone","Fusion Hammer"],"picked":"Astrolabe"}],"items_purged_floors":[],"is_endless":false,"potions_floor_spawned":[3,4,11,14],"killed_by":"Slaver and Parasite","ascension_level":3}