{"gold_per_floor":[119,294,294,52,67,67,102,102,179,179,191,191,217,234,234,339,339,355,355,355,355,373,373,404,416,416,430,430,53,53,53],"floor_reached":31,"playtime":1053,"items_purged":["Decay"],"score":373,"play_id":"e6f6fd96-29cf-4096-8890-b7f9c973c72b","local_time":"20190101163406","is_ascension_mode":true,"campfire_choices":[{"data":"Distraction","floor":6,"key":"SMITH"},{"data":"Skewer","floor":8,"key":"SMITH"},{"data":"Flechettes","floor":10,"key":"SMITH"},{"data":"Blade Dance","floor":12,"key":"SMITH"},{"data":"Cloak And Dagger","floor":15,"key":"SMITH"},{"data":"Terror","floor":23,"key":"SMITH"}],"neow_cost":"NONE","seed_source_timestamp":935999182372587,"circlet_count":0,"master_deck":["Defend_G","Defend_G","Defend_G","Defend_G","Defend_G","Strike_G","Strike_G","Strike_G","Strike_G","Strike_G","Survivor","Neutralize","Flechettes+1","Well Laid Plans","Distraction+1","Skewer+1","Blade Dance+1","Cloak And Dagger+1","Backflip","Envenom+1","Cloak And Dagger+1","Terror+1","Poisoned Stab+1","Outmaneuver+1","Predator"],"relics":["Ring of the Snake","NeowsBlessing","Strange Spoon","Calipers","Letter Opener","Potion Belt","Black Star","Pen Nib","Blood Vial","Bronze Scales","Snake Skull","Omamori","Orichalcum"],"potions_floor_usage":[13,13,16,24,25],"damage_taken":[{"damage":0,"enemies":"Small Slimes","floor":1,"turns":1},{"damage":0,"enemies":"Cultist","floor":5,"turns":1},{"damage":0,"enemies":"Lagavulin","floor":7,"turns":1},{"damage":0,"enemies":"2 Louse","floor":11,"turns":2},{"damage":0,"enemies":"Gremlin Nob","floor":13,"turns":2},{"damage":0,"enemies":"2 Fungi Beasts","floor":14,"turns":3},{"damage":31,"enemies":"The Guardian","floor":16,"turns":12},{"damage":15,"enemies":"Shell Parasite","floor":18,"turns":7},{"damage":0,"enemies":"Spheric Guardian","floor":22,"turns":3},{"damage":42,"enemies":"Gremlin Leader","floor":24,"turns":5},{"damage":13,"enemies":"Centurion and Healer","floor":25,"turns":5},{"damage":2,"enemies":"Chosen and Byrds","floor":27,"turns":4},{"damage":5,"enemies":"Snake Plant","floor":31,"turns":2}],"seed_played":"5133420747218041921","potions_obtained":[{"floor":7,"key":"SteroidPotion"},{"floor":11,"key":"Explosive Potion"},{"floor":13,"key":"PowerPotion"},{"floor":16,"key":"Weak Potion"},{"floor":18,"key":"SneckoOil"},{"floor":27,"key":"Regen Potion"}],"is_trial":false,"path_per_floor":["M","?","?","$","M","R","E","R","T","R","M","R","E","M","R","B",null,"M","?","?","?","M","R","E","M","T","M","?","$","?","M"],"character_chosen":"THE_SILENT","items_purchased":["Well Laid Plans","Strange Spoon","Omamori","Orichalcum"],"campfire_rested":0,"item_purchase_floors":[4,4,29,29],"current_hp_per_floor":[70,70,70,70,70,70,70,70,70,70,70,70,70,70,70,39,70,55,55,55,55,55,55,13,2,2,2,2,2,2,0],"gold":53,"neow_bonus":"THREE_ENEMY_KILL","is_prod":false,"is_daily":false,"chose_seed":false,"campfire_upgraded":6,"win_rate":0,"timestamp":1546371246,"path_taken":["M","?","?","$","M","R","E","R","T","R","?","R","E","M","R","BOSS","M","?","?","?","?","R","E","M","T","M","?","$","?","M"],"build_version":"2018-12-20","purchased_purges":1,"victory":false,"max_hp_per_floor":[70,70,70,70,70,70,70,70,70,70,70,70,70,70,70,70,70,70,70,70,70,70,70,70,70,70,70,70,70,70,70],"card_choices":[{"not_picked":["Slice","Accuracy"],"picked":"Flechettes","floor":1},{"not_picked":["Slice","Catalyst"],"picked":"Distraction","floor":5},{"not_picked":["Finisher","Choke"],"picked":"Skewer","floor":7},{"not_picked":["Outmaneuver","PiercingWail"],"picked":"Blade Dance","floor":11},{"not_picked":["A Thousand Cuts","Dagger Throw"],"picked":"Cloak And Dagger","floor":13},{"not_picked":["Dagger Spray","Acrobatics"],"picked":"Backflip","floor":14},{"not_picked":["Bullet Time","After Image"],"picked":"Envenom","floor":16},{"not_picked":["Prepared","Quick Slash"],"picked":"Cloak And Dagger+1","floor":18},{"not_picked":["Quick Slash+1","Infinite Blades"],"picked":"Terror","floor":22},{"not_picked":["Bane","Dodge and Roll"],"picked":"Poisoned Stab+1","floor":24},{"not_picked":["Flying Knee","Bane"],"picked":"Outmaneuver+1","floor":25},{"not_picked":["Reflex+1","Doppelganger"],"picked":"Predator","floor":27}],"player_experience":601255,"relics_obtained":[{"floor":7,"key":"Calipers"},{"floor":9,"key":"Letter Opener"},{"floor":13,"key":"Potion Belt"},{"floor":24,"key":"Blood Vial"},{"floor":24,"key":"Bronze Scales"},{"floor":26,"key":"Snake Skull"}],"event_choices":[{"damage_healed":0,"gold_gain":175,"player_choice":"AGREE","damage_taken":0,"max_hp_gain":0,"max_hp_loss":0,"event_name":"Liars Game","floor":2,"gold_loss":0,"cards_obtained":["Doubt"]},{"cards_removed":["Doubt"],"damage_healed":0,"gold_gain":0,"player_choice":"Removed Curses","damage_taken":0,"max_hp_gain":0,"max_hp_loss":0,"event_name":"Fountain of Cleansing","floor":3,"gold_loss":0},{"damage_healed":0,"gold_gain":0,"player_choice":"Ignored","damage_taken":0,"max_hp_gain":0,"max_hp_loss":0,"event_name":"Ghosts","floor":19,"gold_loss":0},{"damage_healed":0,"gold_gain":0,"player_choice":"Opened","damage_taken":0,"relics_obtained":["Pen Nib"],"max_hp_gain":0,"max_hp_loss":0,"event_name":"The Mausoleum","floor":20,"gold_loss":0},{"damage_healed":0,"gold_gain":0,"player_choice":"Forge","damage_taken":0,"max_hp_gain":0,"max_hp_loss":0,"event_name":"Accursed Blacksmith","floor":21,"gold_loss":0,"cards_upgraded":["Envenom"]},{"damage_healed":0,"gold_gain":0,"player_choice":"Smashed Altar","damage_taken":0,"max_hp_gain":0,"max_hp_loss":0,"event_name":"Forgotten Altar","floor":28,"gold_loss":0,"cards_obtained":["Decay"]},{"damage_healed":0,"gold_gain":0,"player_choice":"Cursed","damage_taken":0,"max_hp_gain":0,"max_hp_loss":0,"event_name":"Wheel of Change","floor":30,"gold_loss":0,"cards_obtained":["Decay"]}],"is_beta":false,"boss_relics":[{"not_picked":["Orrery","White Beast Statue"],"picked":"Black Star"}],"items_purged_floors":[29],"is_endless":false,"potions_floor_spawned":[7,11,13,16,18,27],"killed_by":"Snake Plant","ascension_level":4}