{"gold_per_floor":[115,115,130,205,130,157,169,204,204,204,222,222,253,253,253,355,355,368,468,468,478,489,489,517,533,581,606,617,617,631,647,647,749,749,768,768,348,359,359,384,384,416,416,447,477,489,527,549,561,573,585,597,71,97,97],"floor_reached":56,"playtime":3177,"items_purged":["Regret","Strike_R"],"score":1454,"play_id":"4f84e500-9604-4a40-964b-d024b2cb21c7","local_time":"20190226092440","is_ascension_mode":true,"campfire_choices":[{"floor":10,"key":"REST"},{"data":"Inflame","floor":12,"key":"SMITH"},{"data":"Spot Weakness","floor":15,"key":"SMITH"},{"floor":23,"key":"REST"},{"data":"Sword Boomerang","floor":29,"key":"SMITH"},{"data":"Metallicize","floor":32,"key":"SMITH"},{"floor":49,"key":"RECALL"},{"data":"1","floor":52,"key":"LIFT"}],"neow_cost":"NONE","seed_source_timestamp":6210902872309856,"circlet_count":0,"master_deck":["Strike_R+1","Strike_R","Defend_R","Defend_R","Defend_R","Defend_R","Bash+1","Headbutt","Spot Weakness+1","Inflame+1","Iron Wave+1","Power Through+1","Immolate+1","Reaper","Sword Boomerang+1","Thunderclap+1","Discovery","Iron Wave","Armaments+1","Inflame+1","Clothesline","Evolve","Ghostly Armor","Shrug It Off","Metallicize+1","Offering+1","Sword Boomerang+1","Flash of Steel","Whirlwind","Battle Trance+1","Headbutt+1","Pummel","Sword Boomerang+1","Exhume","Apotheosis","Heavy Blade+1"],"relics":["Burning Blood","Art of War","Kunai","Turnip","Centennial Puzzle","StoneCalendar","Vajra","Philosopher\u0027s Stone","Ginger","Mercury Hourglass","Omamori","Happy Flower","Shuriken","Fusion Hammer","Whetstone","Girya","Blood Vial","MawBank","Frozen Egg 2","War Paint","Orichalcum"],"potions_floor_usage":[6,8,19,33,55,55,55],"damage_taken":[{"damage":5,"enemies":"Small Slimes","floor":1,"turns":4},{"damage":19,"enemies":"Jaw Worm","floor":3,"turns":5},{"damage":36,"enemies":"3 Sentries","floor":6,"turns":8},{"damage":0,"enemies":"2 Louse","floor":7,"turns":2},{"damage":6,"enemies":"Gremlin Nob","floor":8,"turns":3},{"damage":3,"enemies":"Red Slaver","floor":11,"turns":3},{"damage":17,"enemies":"3 Sentries","floor":13,"turns":7},{"damage":0,"enemies":"Slime Boss","floor":16,"turns":5},{"damage":6,"enemies":"Spheric Guardian","floor":18,"turns":3},{"damage":22,"enemies":"Colosseum Slavers","floor":19,"turns":2},{"damage":18,"enemies":"Colosseum Nobs","floor":19,"turns":3},{"damage":7,"enemies":"2 Thieves","floor":21,"turns":2},{"damage":19,"enemies":"Snake Plant","floor":22,"turns":2},{"damage":6,"enemies":"Book of Stabbing","floor":24,"turns":6},{"damage":0,"enemies":"3 Cultists","floor":25,"turns":3},{"damage":16,"enemies":"Slavers","floor":27,"turns":2},{"damage":9,"enemies":"Snecko","floor":28,"turns":5},{"damage":19,"enemies":"Snake Plant","floor":30,"turns":2},{"damage":0,"enemies":"3 Cultists","floor":31,"turns":2},{"damage":14,"enemies":"Collector","floor":33,"turns":7},{"damage":0,"enemies":"Orb Walker","floor":35,"turns":3},{"damage":11,"enemies":"3 Darklings","floor":38,"turns":3},{"damage":11,"enemies":"Giant Head","floor":40,"turns":4},{"damage":0,"enemies":"Reptomancer","floor":42,"turns":4},{"damage":18,"enemies":"Nemesis","floor":44,"turns":3},{"damage":8,"enemies":"Spire Growth","floor":45,"turns":3},{"damage":20,"enemies":"Reptomancer","floor":47,"turns":4},{"damage":6,"enemies":"Transient","floor":48,"turns":5},{"damage":68,"enemies":"Donu and Deca","floor":50,"turns":7},{"damage":100,"enemies":"Shield and Spear","floor":54,"turns":6},{"damage":53,"enemies":"The Heart","floor":55,"turns":8}],"seed_played":"3055975815237090054","potions_obtained":[{"floor":3,"key":"GamblersBrew"},{"floor":6,"key":"Fire Potion"},{"floor":13,"key":"Swift Potion"},{"floor":19,"key":"Strength Potion"},{"floor":22,"key":"PowerPotion"},{"floor":25,"key":"FearPotion"},{"floor":30,"key":"Block Potion"},{"floor":33,"key":"Regen Potion"}],"is_trial":false,"path_per_floor":["M","?","M","?","$","E","M","E","T","R","M","R","E","?","R","B",null,"M","?","?","M","M","R","E","M","T","E","M","R","M","M","R","B",null,"M","?","$","M","?","E","?","E","T","E","M","?","E","M","R","B",null,"R","$","E","B",null],"character_chosen":"IRONCLAD","items_purchased":["Ancient Potion","Flash of Steel","Whetstone","Exhume","Apotheosis","War Paint","PowerPotion"],"campfire_rested":2,"item_purchase_floors":[37,37,37,53,53,53,53],"current_hp_per_floor":[80,80,67,56,56,26,32,32,32,56,59,59,48,32,32,38,80,80,52,52,51,38,62,75,80,80,80,77,77,64,80,80,72,80,80,80,80,75,75,70,80,80,80,68,80,80,80,80,80,35,80,80,80,31,11],"gold":97,"neow_bonus":"RANDOM_COMMON_RELIC","is_prod":false,"is_daily":false,"chose_seed":false,"campfire_upgraded":4,"win_rate":0,"timestamp":1551191080,"path_taken":["M","?","M","?","$","E","M","E","T","R","M","R","E","?","R","BOSS","M","?","?","M","?","R","E","M","T","E","M","R","?","M","R","BOSS","M","?","?","M","?","E","?","E","T","E","M","?","E","M","R","BOSS","R","$","E","BOSS"],"build_version":"2019-02-06","purchased_purges":2,"victory":true,"max_hp_per_floor":[80,80,80,80,80,80,80,80,80,80,80,80,80,80,80,80,80,80,80,80,80,80,80,80,80,80,80,80,80,80,80,80,80,80,80,80,80,80,80,80,80,80,80,80,80,80,80,80,80,80,80,80,80,80,80],"card_choices":[{"not_picked":["True Grit","Flex"],"picked":"Headbutt","floor":1},{"not_picked":["Blood for Blood","Havoc"],"picked":"Spot Weakness","floor":3},{"not_picked":["Shockwave","Sword Boomerang"],"picked":"Inflame","floor":6},{"not_picked":["Perfected Strike","Heavy Blade","Rampage"],"picked":"SKIP","floor":7},{"not_picked":["Dual Wield","Wild Strike"],"picked":"Iron Wave","floor":8},{"not_picked":["Body Slam","Disarm"],"picked":"Power Through","floor":11},{"not_picked":["Heavy Blade","Clash"],"picked":"Immolate","floor":13},{"not_picked":["Offering","Immolate"],"picked":"Reaper","floor":16},{"not_picked":["Clothesline+1","Twin Strike"],"picked":"Sword Boomerang","floor":18},{"not_picked":["Wild Strike","Body Slam"],"picked":"Thunderclap+1","floor":19},{"not_picked":["Seeing Red","Pommel Strike"],"picked":"Iron Wave","floor":21},{"not_picked":["Berserk","Corruption+1"],"picked":"Armaments+1","floor":22},{"not_picked":["Searing Blow","Impervious"],"picked":"Inflame+1","floor":24},{"not_picked":["Clash","Flex"],"picked":"Clothesline","floor":25},{"not_picked":["Clothesline","Clash"],"picked":"Evolve","floor":27},{"not_picked":["Demon Form","Cleave"],"picked":"Ghostly Armor","floor":28},{"not_picked":["Anger+1","Uppercut"],"picked":"Shrug It Off","floor":30},{"not_picked":["Sentinel","Dropkick+1"],"picked":"Metallicize","floor":31},{"not_picked":["Double Tap","Exhume"],"picked":"Offering","floor":33},{"not_picked":["Perfected Strike","Iron Wave+1"],"picked":"Sword Boomerang+1","floor":35},{"not_picked":["Twin Strike+1","Evolve+1","Thunderclap+1"],"picked":"SKIP","floor":38},{"not_picked":["Thunderclap","Clothesline"],"picked":"Whirlwind","floor":40},{"not_picked":["Cleave+1","Anger","Second Wind"],"picked":"SKIP","floor":42},{"not_picked":["Clothesline+1","Seeing Red"],"picked":"Battle Trance+1","floor":44},{"not_picked":["Flame Barrier","Rupture"],"picked":"Headbutt+1","floor":45},{"not_picked":["Rupture","Cleave+1"],"picked":"Pummel","floor":47},{"not_picked":["Power Through","Intimidate"],"picked":"Sword Boomerang+1","floor":48},{"not_picked":["Feed","Armaments+1"],"picked":"Heavy Blade+1","floor":54}],"player_experience":4706575,"relics_obtained":[{"floor":6,"key":"Turnip"},{"floor":8,"key":"Centennial Puzzle"},{"floor":9,"key":"StoneCalendar"},{"floor":13,"key":"Vajra"},{"floor":19,"key":"Ginger"},{"floor":19,"key":"Mercury Hourglass"},{"floor":24,"key":"Omamori"},{"floor":26,"key":"Happy Flower"},{"floor":27,"key":"Shuriken"},{"floor":40,"key":"Girya"},{"floor":42,"key":"Blood Vial"},{"floor":44,"key":"MawBank"},{"floor":47,"key":"Frozen Egg 2"},{"floor":54,"key":"Orichalcum"}],"event_choices":[{"damage_healed":0,"gold_gain":0,"player_choice":"Box","damage_taken":0,"relics_obtained":["Kunai"],"max_hp_gain":0,"max_hp_loss":0,"event_name":"Big Fish","floor":2,"gold_loss":0,"cards_obtained":["Regret"]},{"damage_healed":0,"gold_gain":75,"player_choice":"Gather Gold","damage_taken":11,"max_hp_gain":0,"max_hp_loss":0,"event_name":"World of Goop","floor":4,"gold_loss":0},{"damage_healed":0,"gold_gain":0,"player_choice":"Entered Light","damage_taken":16,"max_hp_gain":0,"max_hp_loss":0,"event_name":"Shining Light","floor":14,"gold_loss":0,"cards_upgraded":["Immolate","Strike_R"]},{"damage_healed":0,"gold_gain":0,"player_choice":"Fight","damage_taken":0,"max_hp_gain":0,"max_hp_loss":0,"event_name":"Colosseum","floor":19,"gold_loss":0},{"damage_healed":0,"gold_gain":0,"player_choice":"Fought Nobs","damage_taken":0,"max_hp_gain":0,"max_hp_loss":0,"event_name":"Colosseum","floor":19,"gold_loss":0},{"damage_healed":0,"gold_gain":0,"player_choice":"1 cards matched","damage_taken":0,"max_hp_gain":0,"max_hp_loss":0,"event_name":"Match and Keep!","floor":20,"gold_loss":0,"cards_obtained":["Discovery"]},{"cards_removed":["Strike_R"],"damage_healed":0,"gold_gain":0,"player_choice":"Offered Basic","damage_taken":0,"max_hp_gain":0,"max_hp_loss":0,"event_name":"Bonfire Elementals","floor":36,"gold_loss":0},{"cards_removed":["Strike_R"],"damage_healed":0,"gold_gain":0,"player_choice":"Removed Attack","damage_taken":0,"max_hp_gain":0,"max_hp_loss":0,"event_name":"Falling","floor":39,"gold_loss":0},{"damage_healed":20,"gold_gain":0,"player_choice":"Writhe","damage_taken":0,"max_hp_gain":0,"max_hp_loss":0,"event_name":"Winding Halls","floor":41,"gold_loss":0,"cards_obtained":["Writhe"]},{"damage_healed":0,"gold_gain":0,"player_choice":"Ignored","damage_taken":0,"max_hp_gain":0,"max_hp_loss":0,"event_name":"Tomb of Lord Red Mask","floor":46,"gold_loss":0}],"is_beta":true,"boss_relics":[{"not_picked":["Runic Pyramid","White Beast Statue"],"picked":"Philosopher\u0027s Stone"},{"not_picked":["Astrolabe","Black Blood"],"picked":"Fusion Hammer"}],"items_purged_floors":[5,37],"is_endless":false,"potions_floor_spawned":[3,6,13,19,22,25,28,30,33,35,38,44],"ascension_level":1}