{"gold_per_floor":[117,127,202,219,219,219,234,250,250,283,297,307,317,317,317,420,420,436,436,447,10,10],"floor_reached":22,"playtime":859,"items_purged":[],"score":307,"play_id":"becdd8a5-a714-4fa7-80f1-a306193d225c","local_time":"20190208033400","is_ascension_mode":true,"campfire_choices":[{"data":"Feed","floor":6,"key":"SMITH"},{"floor":15,"key":"REST"}],"neow_cost":"NONE","seed_source_timestamp":206347495703384,"circlet_count":0,"master_deck":["Strike_R","Strike_R","Strike_R","Defend_R","Defend_R","Defend_R","Defend_R","Bash","Feed+1","Combust","Inflame","Iron Wave","Decay","Shrug It Off","Shrug It Off","Armaments","Iron Wave","Double Tap","Inflame","Immolate","Flame Barrier","Perfected Strike+1","Inflame"],"relics":["Burning Blood","WingedGreaves","Sundial","Empty Cage","Nunchaku","Strawberry","Strange Spoon"],"potions_floor_usage":[8,16,16,20],"damage_taken":[{"damage":3,"enemies":"Jaw Worm","floor":1,"turns":5},{"damage":16,"enemies":"2 Louse","floor":2,"turns":4},{"damage":9,"enemies":"Cultist","floor":4,"turns":4},{"damage":11,"enemies":"Looter","floor":7,"turns":4},{"damage":0,"enemies":"2 Fungi Beasts","floor":8,"turns":6},{"damage":33,"enemies":"3 Sentries","floor":10,"turns":10},{"damage":15,"enemies":"Exordium Wildlife","floor":11,"turns":5},{"damage":0,"enemies":"Large Slime","floor":12,"turns":6},{"damage":16,"enemies":"Lots of Slimes","floor":13,"turns":2},{"damage":24,"enemies":"The Guardian","floor":16,"turns":15},{"damage":56,"enemies":"3 Byrds","floor":18,"turns":5},{"damage":30,"enemies":"Chosen","floor":20,"turns":6},{"damage":27,"enemies":"Sentry and Sphere","floor":22,"turns":5}],"seed_played":"8564269923013682957","potions_obtained":[{"floor":4,"key":"Fire Potion"},{"floor":8,"key":"GamblersBrew"},{"floor":10,"key":"EssenceOfSteel"},{"floor":12,"key":"EssenceOfSteel"},{"floor":16,"key":"Strength Potion"}],"is_trial":false,"path_per_floor":["M","M","?","M","?","R","M","M","T","E","M","M","M","?","R","B",null,"M","?","M","$","M"],"character_chosen":"IRONCLAD","items_purchased":["Strawberry","Strange Spoon","Inflame"],"campfire_rested":1,"item_purchase_floors":[21,21,21],"current_hp_per_floor":[78,71,60,60,60,60,59,69,69,42,37,47,41,34,66,48,94,44,44,20,27,0],"gold":10,"neow_bonus":"ONE_RANDOM_RARE_CARD","is_prod":false,"is_daily":false,"chose_seed":false,"campfire_upgraded":1,"win_rate":0,"timestamp":1549607640,"path_taken":["M","M","?","M","?","R","M","M","T","E","M","M","?","?","R","BOSS","M","?","M","$","M"],"build_version":"2019-01-23","purchased_purges":0,"victory":false,"max_hp_per_floor":[83,86,86,89,89,89,93,97,97,97,101,105,109,109,109,109,109,109,109,109,116,116],"card_choices":[{"not_picked":["Body Slam","Clash"],"picked":"Combust","floor":1},{"not_picked":["Body Slam","Anger"],"picked":"Inflame","floor":2},{"not_picked":["Clothesline","Clash"],"picked":"Iron Wave","floor":4},{"not_picked":["Thunderclap","Seeing Red"],"picked":"Shrug It Off","floor":7},{"not_picked":["Reckless Charge","Headbutt"],"picked":"Shrug It Off","floor":8},{"not_picked":["Perfected Strike","Offering"],"picked":"Armaments","floor":10},{"not_picked":["Flame Barrier","Dropkick"],"picked":"Iron Wave","floor":11},{"not_picked":["Sword Boomerang","Havoc"],"picked":"Double Tap","floor":12},{"not_picked":["Dual Wield","Clash"],"picked":"Inflame","floor":13},{"not_picked":["Berserk","Barricade"],"picked":"Immolate","floor":16},{"not_picked":["Havoc","Bloodletting"],"picked":"Flame Barrier","floor":18},{"not_picked":["Clothesline+1","Anger"],"picked":"Perfected Strike+1","floor":20}],"player_experience":733330,"relics_obtained":[{"floor":10,"key":"WingedGreaves"}],"event_choices":[{"damage_healed":0,"gold_gain":75,"player_choice":"Gather Gold","damage_taken":11,"max_hp_gain":0,"max_hp_loss":0,"event_name":"World of Goop","floor":3,"gold_loss":0},{"damage_healed":0,"gold_gain":0,"player_choice":"Cursed","damage_taken":0,"max_hp_gain":0,"max_hp_loss":0,"event_name":"Wheel of Change","floor":5,"gold_loss":0,"cards_obtained":["Decay"]},{"damage_healed":0,"gold_gain":0,"player_choice":"Success","damage_taken":7,"relics_obtained":["Sundial"],"max_hp_gain":0,"max_hp_loss":0,"event_name":"Scrap Ooze","floor":14,"gold_loss":0},{"damage_healed":0,"gold_gain":0,"player_choice":"Opened","damage_taken":0,"relics_obtained":["Nunchaku"],"max_hp_gain":0,"max_hp_loss":0,"event_name":"The Mausoleum","floor":19,"gold_loss":0}],"is_beta":false,"boss_relics":[{"not_picked":["Runic Cube","Lizard Tail"],"picked":"Empty Cage"}],"items_purged_floors":[],"is_endless":false,"potions_floor_spawned":[4,8,10,12,16],"killed_by":"Sentry and Sphere","ascension_level":7}