{"gold_per_floor":[112,112,127,127,127,152,152,181,181,209,226,244,263,9,9,109,109,123,142,142,160,178,211,211,243,267,267,279,279,307,324,324,423,423,435,449,449],"floor_reached":37,"playtime":2229,"items_purged":[],"score":608,"play_id":"bf1a008a-cced-492e-ac8d-76fe3e77778f","local_time":"20180712173048","is_ascension_mode":true,"campfire_choices":[{"floor":7,"key":"REST"},{"data":"Armaments","floor":15,"key":"SMITH"},{"floor":24,"key":"REST"},{"floor":27,"key":"REST"},{"floor":32,"key":"REST"}],"neow_cost":"NONE","seed_source_timestamp":1031134515395480,"circlet_count":0,"master_deck":["Strike_R","Strike_R","Strike_R","Strike_R","Strike_R","Defend_R+1","Defend_R+1","Defend_R","Defend_R","Bash","Flex+1","Sword Boomerang","Iron Wave","Sword Boomerang","Reaper+1","Armaments+1","Spot Weakness","Inflame","Feed+1","Disarm","Rampage+1","Twin Strike","Demon Form","Clash","Shrug It Off+1","Berserk"],"relics":["Philosopher\u0027s Stone","Boot","Ancient Tea Set","Kunai","Odd Mushroom","Oddly Smooth Stone","Black Star","Ornamental Fan","Whetstone","Art of War","Gremlin Horn","Bottled Tornado","Bag of Preparation","Vajra","Potion Belt","Velvet Choker"],"potions_floor_usage":[6,8,16,19,21,21,22,30,37],"damage_taken":[{"damage":9,"enemies":"Jaw Worm","floor":1,"turns":3},{"damage":3,"enemies":"Cultist","floor":3,"turns":3},{"damage":0,"enemies":"Gremlin Nob","floor":6,"turns":2},{"damage":3,"enemies":"3 Sentries","floor":8,"turns":6},{"damage":12,"floor":10,"turns":3},{"damage":0,"enemies":"2 Louse","floor":11,"turns":2},{"damage":0,"enemies":"Large Slime","floor":12,"turns":3},{"damage":0,"enemies":"3 Louse","floor":13,"turns":2},{"damage":12,"enemies":"The Guardian","floor":16,"turns":9},{"damage":14,"enemies":"3 Byrds","floor":18,"turns":4},{"damage":23,"enemies":"Shell Parasite","floor":19,"turns":4},{"damage":15,"enemies":"Centurion and Healer","floor":21,"turns":5},{"damage":14,"enemies":"3 Cultists","floor":22,"turns":4},{"damage":63,"enemies":"Book of Stabbing","floor":23,"turns":6},{"damage":13,"enemies":"Gremlin Leader","floor":25,"turns":7},{"damage":0,"enemies":"Chosen and Byrds","floor":28,"turns":3},{"damage":36,"enemies":"Slavers","floor":30,"turns":4},{"damage":15,"enemies":"Snecko","floor":31,"turns":5},{"damage":72,"enemies":"Collector","floor":33,"turns":7},{"damage":7,"enemies":"3 Shapes","floor":35,"turns":4},{"damage":41,"enemies":"3 Darklings","floor":36,"turns":6},{"damage":93,"floor":37,"turns":6}],"seed_played":"-8642250920854722755","potions_obtained":[{"floor":1,"key":"SteroidPotion"},{"floor":3,"key":"AttackPotion"},{"floor":11,"key":"Swift Potion"},{"floor":12,"key":"SteroidPotion"},{"floor":18,"key":"FearPotion"},{"floor":19,"key":"Block Potion"},{"floor":21,"key":"Strength Potion"},{"floor":28,"key":"Weak Potion"},{"floor":36,"key":"GamblersBrew"}],"is_trial":false,"path_per_floor":["M","?","M","?","?","E","R","E","T","?","M","M","M","$","R","B",null,"M","M","?","M","M","E","R","E","T","R","M","?","E","M","R","B",null,"M","M"],"character_chosen":"IRONCLAD","items_purchased":["Spot Weakness","Inflame","Oddly Smooth Stone"],"campfire_rested":4,"item_purchase_floors":[14,14,14],"current_hp_per_floor":[71,55,52,57,57,57,82,79,79,67,67,67,67,67,67,60,79,78,59,59,57,64,1,29,29,29,57,61,52,50,43,73,31,85,82,41,0],"gold":449,"neow_bonus":"BOSS_RELIC","is_prod":false,"is_daily":false,"chose_seed":false,"campfire_upgraded":1,"win_rate":0,"timestamp":1531427448,"path_taken":["M","?","?","?","?","E","R","E","T","?","M","?","M","$","R","BOSS","M","M","?","M","M","E","R","E","T","R","?","?","E","?","R","BOSS","M","M","?"],"build_version":"2018-07-05","purchased_purges":0,"victory":false,"max_hp_per_floor":[80,80,80,85,85,85,85,85,85,85,85,85,85,85,85,85,85,85,89,89,92,95,95,95,95,95,95,99,99,103,103,103,103,103,103,103,103],"card_choices":[{"not_picked":["Sever Soul","Battle Trance"],"picked":"Flex","floor":1},{"not_picked":["Cleave","Uppercut"],"picked":"Sword Boomerang","floor":3},{"not_picked":["Ghostly Armor","Second Wind"],"picked":"Iron Wave","floor":6},{"not_picked":["Anger","Fiend Fire"],"picked":"Sword Boomerang","floor":8},{"not_picked":["Rampage","Anger","Entrench"],"picked":"SKIP","floor":11},{"not_picked":["Cleave","Clash"],"picked":"Reaper","floor":12},{"not_picked":["Shrug It Off","Perfected Strike"],"picked":"Armaments","floor":13},{"not_picked":["Barricade","Brutality"],"picked":"Feed","floor":16},{"not_picked":["Armaments","Perfected Strike"],"picked":"Disarm","floor":18},{"not_picked":["Cleave","Havoc+1","Combust+1"],"picked":"SKIP","floor":19},{"not_picked":["Havoc+1","Perfected Strike","Evolve"],"picked":"SKIP","floor":21},{"not_picked":["Rage+1","Warcry"],"picked":"Rampage+1","floor":22},{"not_picked":["Thunderclap","Sever Soul","Bloodletting"],"picked":"SKIP","floor":23},{"not_picked":["True Grit+1","Carnage"],"picked":"Twin Strike","floor":25},{"not_picked":["Sentinel","Dual Wield"],"picked":"Demon Form","floor":28},{"not_picked":["Headbutt","Wild Strike"],"picked":"Clash","floor":30},{"not_picked":["Sword Boomerang","Body Slam+1"],"picked":"Shrug It Off+1","floor":31},{"not_picked":["Dark Embrace","Feed"],"picked":"Berserk","floor":33},{"not_picked":["Ghostly Armor+1","Whirlwind","Combust"],"picked":"SKIP","floor":35},{"not_picked":["Entrench+1","Clash+1","Sever Soul+1"],"picked":"SKIP","floor":36}],"player_experience":447818,"relics_obtained":[{"floor":6,"key":"Boot"},{"floor":8,"key":"Ancient Tea Set"},{"floor":9,"key":"Kunai"},{"floor":10,"key":"Odd Mushroom"},{"floor":23,"key":"Whetstone"},{"floor":23,"key":"Art of War"},{"floor":25,"key":"Gremlin Horn"},{"floor":25,"key":"Bottled Tornado"},{"floor":26,"key":"Bag of Preparation"},{"floor":30,"key":"Vajra"},{"floor":30,"key":"Potion Belt"}],"event_choices":[{"event_name":"Shining Light","player_choice":"Entered Light","floor":2,"damage_taken":0},{"event_name":"Big Fish","player_choice":"Donut","floor":4,"damage_taken":0},{"event_name":"Upgrade Shrine","player_choice":"Upgraded","floor":5,"damage_taken":0},{"event_name":"Mushrooms","player_choice":"Fought Mushrooms","floor":10,"damage_taken":0},{"event_name":"The Mausoleum","player_choice":"Yes","floor":20,"damage_taken":0},{"event_name":"Wheel of Change","player_choice":"Damage","floor":29,"damage_taken":0},{"event_name":"Mysterious Sphere","player_choice":"Fight","floor":37,"damage_taken":0}],"boss_relics":[{"not_picked":["Busted Crown","Cursed Key"],"picked":"Black Star"},{"not_picked":["Astrolabe","Orrery"],"picked":"Velvet Choker"}],"items_purged_floors":[],"is_endless":false,"potions_floor_spawned":[1,3,11,12,18,19,21,28,36],"ascension_level":5}