{"gold_per_floor":[118,131,131,96,96,129,19,46,46,46,80,92,92,103,103,205,205,189,189,44,56,70,70,70,70],"floor_reached":25,"playtime":1274,"items_purged":[],"score":296,"play_id":"810f9706-d319-4240-b34b-c103e9ceb1cf","local_time":"20190513113223","is_ascension_mode":true,"campfire_choices":[{"floor":10,"key":"REST"},{"data":"Bash","floor":15,"key":"SMITH"},{"data":"Blind","floor":23,"key":"SMITH"}],"neow_cost":"NONE","seed_source_timestamp":412002065843400,"circlet_count":0,"master_deck":["Strike_R+1","Strike_R+1","Strike_R+1","Strike_R+1","Strike_R+1","Defend_R+1","Defend_R+1","Defend_R+1","Defend_R+1","Bash+1","Blind+1","Burning Pact","Pommel Strike+1","Inflame","Rage+1","Dropkick","Power Through","Body Slam+1","Parasite","Iron Wave+1","Immolate+1","Flex+1","Anger+1","Burning Pact"],"relics":["Burning Blood","Pantograph","War Paint","Pen Nib","Molten Egg 2","Lizard Tail","Bag of Marbles"],"potions_floor_usage":[11,18,25],"damage_taken":[{"damage":7,"enemies":"Small Slimes","floor":1,"turns":4},{"damage":1,"enemies":"2 Louse","floor":2,"turns":5},{"damage":42,"enemies":"3 Sentries","floor":6,"turns":12},{"damage":42,"enemies":"Lagavulin","floor":8,"turns":7},{"damage":24,"enemies":"3 Sentries","floor":11,"turns":10},{"damage":0,"enemies":"Jaw Worm","floor":12,"turns":3},{"damage":0,"enemies":"Blue Slaver","floor":14,"turns":4},{"damage":33,"enemies":"Slime Boss","floor":16,"turns":14},{"damage":14,"enemies":"2 Thieves","floor":18,"turns":4},{"damage":25,"enemies":"3 Byrds","floor":21,"turns":5},{"damage":7,"enemies":"Centurion and Healer","floor":22,"turns":4},{"damage":97,"enemies":"Slavers","floor":25,"turns":6}],"seed_played":"5566943527440078383","potions_obtained":[{"floor":8,"key":"AttackPotion"},{"floor":11,"key":"SneckoOil"},{"floor":18,"key":"LiquidBronze"},{"floor":22,"key":"SneckoOil"}],"is_trial":false,"path_per_floor":["M","M","?","?","?","E","$","E","T","R","E","M","?","M","R","B",null,"M","?","$","M","M","R","?","E"],"character_chosen":"IRONCLAD","items_purchased":["Inflame","Rage","Bag of Marbles"],"campfire_rested":1,"item_purchase_floors":[7,7,20],"current_hp_per_floor":[71,76,60,80,80,44,44,8,8,32,14,20,40,46,46,44,71,63,63,63,44,43,43,43,0],"gold":70,"neow_bonus":"RANDOM_COLORLESS","is_prod":false,"is_daily":false,"chose_seed":false,"campfire_upgraded":2,"win_rate":0,"timestamp":1557761543,"path_taken":["M","M","?","?","?","E","?","E","T","R","E","?","?","M","R","BOSS","M","?","$","M","M","R","?","E"],"build_version":"2019-01-23","purchased_purges":0,"victory":false,"max_hp_per_floor":[80,80,80,80,80,80,80,80,80,80,80,80,80,80,80,80,80,80,80,80,80,80,80,80,80],"card_choices":[{"not_picked":["Iron Wave","Sword Boomerang"],"picked":"Burning Pact","floor":1},{"not_picked":["Clash","Perfected Strike"],"picked":"Pommel Strike","floor":2},{"not_picked":["Warcry","Headbutt","Heavy Blade"],"picked":"SKIP","floor":6},{"not_picked":["Reaper","Whirlwind"],"picked":"Dropkick","floor":8},{"not_picked":["Flame Barrier","Metallicize"],"picked":"Power Through","floor":11},{"not_picked":["Combust","Ghostly Armor"],"picked":"Body Slam+1","floor":12},{"not_picked":["Perfected Strike+1","Clothesline+1"],"picked":"Iron Wave+1","floor":14},{"not_picked":["Bludgeon+1","Double Tap"],"picked":"Immolate+1","floor":16},{"not_picked":["Armaments+1","Heavy Blade+1"],"picked":"Flex+1","floor":18},{"not_picked":["Cleave+1","Impervious"],"picked":"Anger+1","floor":21},{"not_picked":["Shockwave","Reckless Charge+1"],"picked":"Burning Pact","floor":22}],"player_experience":175159,"relics_obtained":[{"floor":6,"key":"Pantograph"},{"floor":8,"key":"War Paint"},{"floor":9,"key":"Pen Nib"},{"floor":11,"key":"Molten Egg 2"}],"event_choices":[{"damage_healed":0,"gold_gain":0,"player_choice":"Entered Light","damage_taken":16,"max_hp_gain":0,"max_hp_loss":0,"event_name":"Shining Light","floor":3,"gold_loss":0,"cards_upgraded":["Pommel Strike","Strike_R"]},{"damage_healed":20,"gold_gain":0,"player_choice":"Healed","damage_taken":0,"max_hp_gain":0,"max_hp_loss":0,"event_name":"The Cleric","floor":4,"gold_loss":35},{"damage_healed":0,"gold_gain":0,"player_choice":"Ignored","damage_taken":0,"max_hp_gain":0,"max_hp_loss":0,"event_name":"Liars Game","floor":5,"gold_loss":0},{"damage_healed":20,"gold_gain":0,"player_choice":"Healed and dodged fight","damage_taken":0,"max_hp_gain":0,"max_hp_loss":0,"event_name":"Mushrooms","floor":13,"gold_loss":0,"cards_obtained":["Parasite"]},{"damage_healed":0,"gold_gain":0,"player_choice":"Simplicity","damage_taken":0,"max_hp_gain":0,"max_hp_loss":0,"event_name":"Back to Basics","floor":19,"gold_loss":0,"cards_upgraded":["Strike_R","Strike_R","Strike_R","Strike_R","Defend_R","Defend_R","Defend_R"]},{"damage_healed":0,"gold_gain":0,"player_choice":"Ignored","damage_taken":0,"max_hp_gain":0,"max_hp_loss":0,"event_name":"Cursed Tome","floor":24,"gold_loss":0}],"is_beta":false,"boss_relics":[{"not_picked":["Velvet Choker","Runic Pyramid"],"picked":"Lizard Tail"}],"items_purged_floors":[],"is_endless":false,"potions_floor_spawned":[8,11,18,22],"killed_by":"Slavers","ascension_level":7}