{"gold_per_floor":[117,135,152,166,182,182,182,182,205,233,233,408,408,408,408,480,530,544,484],"floor_reached":19,"playtime":484,"items_purged":[],"score":284,"play_id":"341097cb-300e-4a2f-865e-54fefafe254c","local_time":"20190420104825","is_ascension_mode":true,"campfire_choices":[{"floor":6,"key":"REST"},{"floor":11,"key":"REST"},{"data":"Chaos","floor":13,"key":"SMITH"},{"data":"Glacier","floor":15,"key":"SMITH"}],"neow_cost":"NONE","seed_source_timestamp":766775584876067,"circlet_count":0,"master_deck":["AscendersBane","Strike_B","Strike_B","Strike_B","Strike_B+1","Defend_B","Defend_B","Defend_B","Defend_B","Zap","Dualcast","Doom and Gloom","Turbo","Chaos+1","Chaos+1","Conserve Battery+1","Glacier+1","Doubt","Creative AI+1","Cold Snap","Ball Lightning"],"relics":["Cracked Core","Smiling Mask","Regal Pillow","Potion Belt","Tiny House"],"potions_floor_usage":[10,16,19],"damage_taken":[{"damage":2,"enemies":"2 Louse","floor":1,"turns":3},{"damage":9,"enemies":"Jaw Worm","floor":2,"turns":3},{"damage":0,"enemies":"Cultist","floor":3,"turns":3},{"damage":21,"enemies":"Looter","floor":4,"turns":4},{"damage":19,"enemies":"Large Slime","floor":5,"turns":4},{"damage":10,"enemies":"3 Sentries","floor":10,"turns":5},{"damage":1,"enemies":"The Guardian","floor":16,"turns":12},{"damage":43,"enemies":"3 Byrds","floor":18,"turns":8},{"damage":30,"enemies":"2 Thieves","floor":19,"turns":2}],"seed_played":"-2560894240180690712","potions_obtained":[{"floor":1,"key":"Dexterity Potion"},{"floor":3,"key":"Explosive Potion"},{"floor":10,"key":"FocusPotion"},{"floor":17,"key":"GamblersBrew"},{"floor":18,"key":"SteroidPotion"}],"is_trial":false,"path_per_floor":["M","M","M","M","M","R","?","?","T","E","R","?","R","?","R","B",null,"M","M"],"character_chosen":"DEFECT","items_purchased":[],"campfire_rested":2,"item_purchase_floors":[],"current_hp_per_floor":[62,53,53,32,13,34,34,34,34,24,60,60,60,46,46,45,70,27,0],"gold":484,"neow_bonus":"RANDOM_COMMON_RELIC","is_prod":false,"is_daily":false,"chose_seed":false,"campfire_upgraded":2,"win_rate":0,"timestamp":1555768105,"path_taken":["M","M","M","M","M","R","?","?","T","E","R","?","R","?","R","BOSS","M","M"],"build_version":"2019-01-23","purchased_purges":0,"victory":false,"max_hp_per_floor":[71,71,71,71,71,71,71,71,71,71,71,71,71,71,71,71,76,76,76],"card_choices":[{"not_picked":["Darkness","Cold Snap"],"picked":"Doom and Gloom","floor":1},{"not_picked":["Streamline","Lockon"],"picked":"Turbo","floor":2},{"not_picked":["Beam Cell","Compile Driver"],"picked":"Chaos","floor":3},{"not_picked":["Coolheaded","Barrage"],"picked":"Chaos","floor":4},{"not_picked":["Streamline","Blizzard"],"picked":"Conserve Battery","floor":5},{"not_picked":["Chill","Redo"],"picked":"Glacier","floor":10},{"not_picked":["Buffer","Hyperbeam"],"picked":"Creative AI","floor":16},{"not_picked":["BootSequence","Reprogram"],"picked":"Cold Snap","floor":17},{"not_picked":["Aggregate","Rebound+1"],"picked":"Ball Lightning","floor":18}],"player_experience":1159839,"relics_obtained":[{"floor":9,"key":"Regal Pillow"},{"floor":10,"key":"Potion Belt"}],"event_choices":[{"damage_healed":0,"gold_gain":0,"player_choice":"Grow","damage_taken":0,"max_hp_gain":0,"max_hp_loss":0,"event_name":"Living Wall","floor":7,"gold_loss":0,"cards_upgraded":["Chaos"]},{"damage_healed":0,"gold_gain":0,"player_choice":"Searched \u00270\u0027 times","damage_taken":0,"max_hp_gain":0,"max_hp_loss":0,"event_name":"Dead Adventurer","floor":8,"gold_loss":0},{"damage_healed":0,"gold_gain":175,"player_choice":"AGREE","damage_taken":0,"max_hp_gain":0,"max_hp_loss":0,"event_name":"Liars Game","floor":12,"gold_loss":0,"cards_obtained":["Doubt"]},{"damage_healed":0,"gold_gain":0,"player_choice":"Entered Light","damage_taken":14,"max_hp_gain":0,"max_hp_loss":0,"event_name":"Shining Light","floor":14,"gold_loss":0,"cards_upgraded":["Strike_B","Conserve Battery"]}],"is_beta":false,"boss_relics":[{"not_picked":["Empty Cage","Calling Bell"],"picked":"Tiny House"}],"items_purged_floors":[],"is_endless":false,"potions_floor_spawned":[1,3,4,10,18],"killed_by":"2 Thieves","ascension_level":14}