{"gold_per_floor":[114,189,189,207,207,234,246,272,272,289,289,44,54,74,74,177,177,194,194,206,221,65,96,116,116,141,174,174,174,174,194,194,292,292,307,327,154,174,174,209,209,244,244,254,129,145,145,164,164,164],"floor_reached":51,"playtime":3009,"items_purged":["Strike_R","Strike_R","Strike_R+1"],"score":834,"play_id":"d8dd0b4c-d44a-4ba2-a54b-b0f142851769","local_time":"20190513122530","is_ascension_mode":false,"campfire_choices":[{"floor":11,"key":"REST"},{"data":"Battle Trance","floor":15,"key":"SMITH"},{"data":"Havoc","floor":28,"key":"SMITH"},{"data":"Rampage","floor":30,"key":"SMITH"},{"data":"Dropkick","floor":32,"key":"SMITH"},{"data":"Pommel Strike","floor":41,"key":"SMITH"},{"data":"Corruption","floor":47,"key":"SMITH"},{"data":"Evolve","floor":49,"key":"SMITH"}],"neow_cost":"NONE","seed_source_timestamp":1298381401582695,"circlet_count":0,"master_deck":["Defend_R+1","Defend_R","Defend_R+1","Defend_R","Bash+1","Battle Trance+1","Evolve+1","Headbutt","Pommel Strike+1","Shockwave+1","Havoc+1","Dropkick+1","Armaments+1","Offering+1","Flame Barrier+1","Flame Barrier+1","Rampage+1","Corruption+1","Intimidate+1","Burning Pact+1","Warcry+1","Brutality+1","Dropkick+1","Offering+1","Warcry+1","Battle Trance+1","Shrug It Off+1"],"relics":["Burning Blood","Omamori","Gremlin Horn","Bag of Marbles","Toxic Egg 2","Runic Cube","Bottled Flame","Pantograph","War Paint","Molten Egg 2","Sozu","Anchor","Paper Frog","Kunai"],"potions_floor_usage":[8,10,50,50,50],"damage_taken":[{"damage":0,"enemies":"Small Slimes","floor":1,"turns":3},{"damage":6,"enemies":"Jaw Worm","floor":4,"turns":5},{"damage":28,"enemies":"Gremlin Nob","floor":6,"turns":5},{"damage":0,"enemies":"2 Louse","floor":7,"turns":3},{"damage":28,"enemies":"Lagavulin","floor":8,"turns":5},{"damage":6,"enemies":"Gremlin Gang","floor":10,"turns":3},{"damage":16,"enemies":"Blue Slaver","floor":13,"turns":3},{"damage":6,"enemies":"2 Fungi Beasts","floor":14,"turns":3},{"damage":18,"enemies":"Hexaghost","floor":16,"turns":8},{"damage":6,"enemies":"2 Thieves","floor":18,"turns":4},{"damage":6,"enemies":"3 Byrds","floor":20,"turns":3},{"damage":16,"enemies":"Cultist and Chosen","floor":21,"turns":4},{"damage":6,"enemies":"Slavers","floor":23,"turns":3},{"damage":14,"enemies":"Centurion and Healer","floor":24,"turns":5},{"damage":6,"enemies":"Gremlin Leader","floor":27,"turns":4},{"damage":0,"enemies":"Shelled Parasite and Fungi","floor":31,"turns":5},{"damage":37,"enemies":"Collector","floor":33,"turns":8},{"damage":7,"enemies":"Orb Walker","floor":35,"turns":4},{"damage":2,"enemies":"3 Shapes","floor":36,"turns":4},{"damage":5,"enemies":"3 Darklings","floor":38,"turns":4},{"damage":15,"enemies":"Giant Head","floor":40,"turns":3},{"damage":10,"enemies":"Nemesis","floor":42,"turns":5},{"damage":9,"enemies":"Maw","floor":44,"turns":4},{"damage":8,"enemies":"4 Shapes","floor":46,"turns":3},{"damage":7,"enemies":"Sphere and 2 Shapes","floor":48,"turns":2},{"damage":35,"enemies":"Time Eater","floor":50,"turns":8}],"seed_played":"729473232135670345","potions_obtained":[{"floor":1,"key":"LiquidBronze"},{"floor":6,"key":"SteroidPotion"},{"floor":8,"key":"GamblersBrew"},{"floor":13,"key":"EssenceOfSteel"},{"floor":14,"key":"BloodPotion"},{"floor":21,"key":"PowerPotion"}],"is_trial":false,"path_per_floor":["M","?","?","M","?","E","M","E","T","M","R","$","M","M","R","B",null,"M","?","M","M","$","E","M","?","T","E","R","?","R","M","R","B",null,"M","M","$","M","?","E","R","E","T","M","$","M","R","M","R","B",null],"character_chosen":"IRONCLAD","items_purchased":["Toxic Egg 2","Corruption","Offering+1"],"campfire_rested":1,"item_purchase_floors":[12,22,37],"current_hp_per_floor":[80,69,69,69,53,31,37,15,15,15,39,39,29,29,29,17,80,80,80,80,70,70,70,62,62,62,62,62,62,62,68,68,49,80,79,80,80,80,80,71,71,67,67,64,64,62,62,61,61,58],"gold":164,"neow_bonus":"UPGRADE_CARD","is_prod":false,"is_daily":false,"chose_seed":false,"campfire_upgraded":7,"win_rate":0,"timestamp":1557746730,"path_taken":["M","?","?","M","?","E","M","E","T","M","R","?","M","M","R","BOSS","M","?","?","M","$","E","M","?","T","E","R","?","R","M","R","BOSS","M","M","$","M","?","E","R","E","T","M","?","?","R","M","R","BOSS"],"build_version":"2019-05-07","purchased_purges":3,"victory":true,"max_hp_per_floor":[80,80,80,80,80,80,80,80,80,80,80,80,80,80,80,80,80,80,80,80,80,80,80,80,80,80,80,80,80,80,80,80,80,80,80,80,80,80,80,80,80,80,80,80,80,80,80,80,80,80],"card_choices":[{"not_picked":["Sentinel","Pommel Strike"],"picked":"Battle Trance","floor":1},{"not_picked":["Body Slam","Havoc"],"picked":"Evolve","floor":4},{"not_picked":["Evolve","Burning Pact"],"picked":"Headbutt","floor":6},{"not_picked":["Iron Wave","Warcry"],"picked":"Pommel Strike","floor":7},{"not_picked":["Wild Strike","Clash"],"picked":"Shockwave","floor":8},{"not_picked":["Sentinel","Body Slam"],"picked":"Havoc","floor":10},{"not_picked":["Dark Embrace","Iron Wave"],"picked":"Dropkick","floor":13},{"not_picked":["Metallicize","Blood for Blood"],"picked":"Armaments+1","floor":14},{"not_picked":["Immolate","Demon Form"],"picked":"Offering+1","floor":16},{"not_picked":["Second Wind+1","Hemokinesis"],"picked":"Flame Barrier+1","floor":18},{"not_picked":["Metallicize","Feel No Pain"],"picked":"Flame Barrier+1","floor":20},{"not_picked":["Twin Strike","Searing Blow"],"picked":"Rampage","floor":21},{"not_picked":["Fiend Fire","Clash"],"picked":"Intimidate+1","floor":23},{"not_picked":["Combust+1","Second Wind+1"],"picked":"Burning Pact+1","floor":24},{"not_picked":["Armaments+1","Corruption","Uppercut"],"picked":"SKIP","floor":27},{"not_picked":["Corruption","Anger+1"],"picked":"Warcry+1","floor":31},{"not_picked":["Berserk","Barricade"],"picked":"Brutality","floor":33},{"not_picked":["Anger+1","Headbutt+1","Sword Boomerang+1"],"picked":"SKIP","floor":35},{"not_picked":["Cleave+1","Second Wind+1"],"picked":"Dropkick+1","floor":36},{"not_picked":["Headbutt+1","Clothesline+1","Sword Boomerang+1"],"picked":"SKIP","floor":38},{"not_picked":["Exhume+1","Body Slam+1"],"picked":"Warcry+1","floor":40},{"not_picked":["Heavy Blade+1","Cleave+1"],"picked":"Battle Trance+1","floor":42},{"not_picked":["Thunderclap+1","Flex+1"],"picked":"Shrug It Off+1","floor":44},{"not_picked":["Second Wind+1","Twin Strike+1","Blood for Blood+1"],"picked":"SKIP","floor":46},{"not_picked":["Reckless Charge+1","Uppercut+1","Barricade"],"picked":"SKIP","floor":48}],"player_experience":1401225,"relics_obtained":[{"floor":6,"key":"Omamori"},{"floor":8,"key":"Gremlin Horn"},{"floor":9,"key":"Bag of Marbles"},{"floor":23,"key":"Bottled Flame"},{"floor":26,"key":"War Paint"},{"floor":27,"key":"Molten Egg 2"},{"floor":40,"key":"Anchor"},{"floor":42,"key":"Paper Frog"},{"floor":43,"key":"Kunai"}],"event_choices":[{"damage_healed":0,"gold_gain":75,"player_choice":"Gather Gold","damage_taken":11,"max_hp_gain":0,"max_hp_loss":0,"event_name":"World of Goop","floor":2,"gold_loss":0},{"cards_removed":["Strike_R"],"damage_healed":0,"gold_gain":0,"player_choice":"Forget","damage_taken":0,"max_hp_gain":0,"max_hp_loss":0,"event_name":"Living Wall","floor":3,"gold_loss":0},{"damage_healed":0,"gold_gain":0,"player_choice":"Entered Light","damage_taken":16,"max_hp_gain":0,"max_hp_loss":0,"event_name":"Shining Light","floor":5,"gold_loss":0,"cards_upgraded":["Strike_R","Defend_R"]},{"damage_healed":0,"gold_gain":0,"player_choice":"Ignored","damage_taken":0,"max_hp_gain":0,"max_hp_loss":0,"event_name":"N\u0027loth","floor":19,"gold_loss":0},{"damage_healed":0,"gold_gain":0,"player_choice":"Opened","damage_taken":0,"relics_obtained":["Pantograph"],"max_hp_gain":0,"max_hp_loss":0,"event_name":"The Mausoleum","floor":25,"gold_loss":0,"cards_obtained":["Writhe"]},{"cards_removed":["Strike_R"],"damage_healed":0,"gold_gain":0,"player_choice":"Elegance","damage_taken":0,"max_hp_gain":0,"max_hp_loss":0,"event_name":"Back to Basics","floor":29,"gold_loss":0},{"damage_healed":0,"gold_gain":0,"player_choice":"Upgraded","damage_taken":0,"max_hp_gain":0,"max_hp_loss":0,"event_name":"Upgrade Shrine","floor":39,"gold_loss":0,"cards_upgraded":["Brutality"]}],"is_beta":true,"boss_relics":[{"not_picked":["Philosopher\u0027s Stone","Black Blood"],"picked":"Runic Cube"},{"not_picked":["Astrolabe","Velvet Choker"],"picked":"Sozu"}],"items_purged_floors":[22,37,45],"is_endless":false,"potions_floor_spawned":[1,6,8,13,14,21,24,27,33,38,40,42,46],"ascension_level":0}