{"gold_per_floor":[116,126,137,102,102,102,130,143,143,143,163,133,133,148,148,251,251,269,269,9,9,9,44,61,61,85,103,115,37,66,66,66,66],"floor_reached":33,"playtime":1084,"items_purged":[],"score":384,"play_id":"85f85acd-1447-4ee8-8a3c-fe0356e78ce4","local_time":"20190113163649","is_ascension_mode":true,"campfire_choices":[{"data":"Doppelganger","floor":6,"key":"SMITH"},{"data":"Noxious Fumes","floor":15,"key":"SMITH"},{"floor":25,"key":"REST"},{"floor":32,"key":"REST"}],"neow_cost":"NONE","seed_source_timestamp":16586170524167,"circlet_count":0,"master_deck":["Defend_G","Defend_G","Defend_G","Defend_G","Defend_G","Strike_G","Survivor","Neutralize","Doppelganger+1","Noxious Fumes+1","Blur+1","Dagger Throw","Backflip","PiercingWail","Dagger Spray+1","Flying Knee+1","Die Die Die+1","PiercingWail+1","Wraith Form v2+1","Corpse Explosion+1","Blade Dance+1","Dagger Spray+1","Acrobatics+1","PiercingWail","All Out Attack+1","Noxious Fumes+1","Night Terror"],"relics":["Ring of the Snake","Matryoshka","Molten Egg 2","Meat on the Bone","Astrolabe","Frozen Egg 2","MutagenicStrength","Pocketwatch","Ancient Tea Set","Blood Vial","Dream Catcher"],"potions_floor_usage":[7,8,10,16,27,30],"damage_taken":[{"damage":7,"enemies":"Jaw Worm","floor":1,"turns":7},{"damage":9,"enemies":"2 Louse","floor":2,"turns":4},{"damage":1,"enemies":"Cultist","floor":3,"turns":4},{"damage":37,"enemies":"3 Sentries","floor":7,"turns":9},{"damage":11,"enemies":"3 Louse","floor":8,"turns":3},{"damage":18,"enemies":"Gremlin Nob","floor":10,"turns":4},{"damage":15,"enemies":"Gremlin Gang","floor":11,"turns":4},{"damage":0,"enemies":"Looter","floor":12,"turns":4},{"damage":6,"enemies":"3 Louse","floor":14,"turns":2},{"damage":22,"enemies":"The Guardian","floor":16,"turns":9},{"damage":13,"enemies":"Chosen","floor":18,"turns":6},{"damage":13,"enemies":"Gremlin Leader","floor":23,"turns":6},{"damage":3,"enemies":"3 Byrds","floor":24,"turns":4},{"damage":41,"enemies":"Shelled Parasite and Fungi","floor":27,"turns":5},{"damage":16,"enemies":"Sentry and Sphere","floor":28,"turns":4},{"damage":21,"enemies":"Book of Stabbing","floor":30,"turns":5},{"damage":55,"enemies":"Collector","floor":33,"turns":7}],"seed_played":"8358747749649596942","potions_obtained":[{"floor":1,"key":"Fire Potion"},{"floor":2,"key":"SmokeBomb"},{"floor":7,"key":"Fire Potion"},{"floor":11,"key":"SkillPotion"},{"floor":23,"key":"Energy Potion"},{"floor":27,"key":"SkillPotion"}],"is_trial":false,"path_per_floor":["M","M","M","?","?","R","E","M","T","E","M","M","?","M","R","B",null,"M","?","$","?","?","E","M","R","T","M","M","$","E","$","R","B"],"character_chosen":"THE_SILENT","items_purchased":["Frozen Egg 2","Noxious Fumes+1"],"campfire_rested":2,"item_purchase_floors":[20,29],"current_hp_per_floor":[63,54,53,70,70,70,33,22,22,16,13,25,70,64,64,42,70,57,57,57,57,57,44,41,62,62,35,33,33,26,26,47,0],"gold":66,"neow_bonus":"ONE_RANDOM_RARE_CARD","is_prod":false,"is_daily":false,"chose_seed":false,"campfire_upgraded":2,"win_rate":0,"timestamp":1547408209,"path_taken":["M","M","M","?","?","R","E","?","T","E","M","M","?","?","R","BOSS","M","?","$","?","?","E","M","R","T","?","M","?","E","$","R","BOSS"],"build_version":"2019-01-10","purchased_purges":0,"victory":false,"max_hp_per_floor":[70,70,70,70,70,70,70,70,70,70,70,70,70,70,70,70,70,70,70,70,70,70,70,70,70,70,70,70,70,70,70,70,70],"card_choices":[{"not_picked":["Sucker Punch","PiercingWail"],"picked":"Caltrops","floor":1},{"not_picked":["Slice","Tactician"],"picked":"Noxious Fumes","floor":2},{"not_picked":["Backflip","Outmaneuver"],"picked":"Blur","floor":3},{"not_picked":["Accuracy","Concentrate"],"picked":"Dagger Throw","floor":7},{"not_picked":["Underhanded Strike","Escape Plan"],"picked":"Backflip","floor":8},{"not_picked":["Cloak And Dagger","Prepared"],"picked":"PiercingWail","floor":11},{"not_picked":["Catalyst","Cloak And Dagger"],"picked":"Dagger Spray+1","floor":12},{"not_picked":["Venomology","Slice+1"],"picked":"Flying Knee+1","floor":14},{"not_picked":["Wraith Form v2","Storm of Steel"],"picked":"Die Die Die+1","floor":16},{"not_picked":["Masterful Stab+1","Slice+1"],"picked":"Blade Dance+1","floor":18},{"not_picked":["Skewer+1","Predator+1"],"picked":"Dagger Spray+1","floor":23},{"not_picked":["Bane+1","Burst"],"picked":"Acrobatics+1","floor":24},{"not_picked":["Prepared","Blade Dance"],"picked":"PiercingWail","floor":27},{"not_picked":["Slice+1","Dagger Spray+1"],"picked":"All Out Attack+1","floor":28},{"not_picked":["Bullet Time","PiercingWail"],"picked":"Night Terror","floor":30}],"player_experience":618791,"relics_obtained":[{"floor":7,"key":"Matryoshka"},{"floor":9,"key":"Molten Egg 2"},{"floor":9,"key":"Meat on the Bone"},{"floor":23,"key":"Pocketwatch"},{"floor":26,"key":"Ancient Tea Set"},{"floor":26,"key":"Blood Vial"},{"floor":30,"key":"Dream Catcher"}],"event_choices":[{"damage_healed":17,"gold_gain":0,"player_choice":"Healed","damage_taken":0,"max_hp_gain":0,"max_hp_loss":0,"event_name":"The Cleric","floor":4,"gold_loss":35},{"cards_removed":["Strike_G"],"damage_healed":0,"gold_gain":0,"player_choice":"Card Removal","damage_taken":0,"max_hp_gain":0,"max_hp_loss":0,"event_name":"Wheel of Change","floor":5,"gold_loss":0},{"cards_removed":["Caltrops"],"damage_healed":45,"gold_gain":0,"player_choice":"Offered Uncommon","damage_taken":0,"max_hp_gain":0,"max_hp_loss":0,"event_name":"Bonfire Elementals","floor":13,"gold_loss":0},{"damage_healed":0,"gold_gain":0,"player_choice":"Ignored","damage_taken":0,"max_hp_gain":0,"max_hp_loss":0,"event_name":"Ghosts","floor":19,"gold_loss":0},{"damage_healed":0,"gold_gain":0,"player_choice":"Inject Mutagens","damage_taken":0,"relics_obtained":["MutagenicStrength"],"max_hp_gain":0,"max_hp_loss":0,"event_name":"Drug Dealer","floor":21,"gold_loss":0},{"damage_healed":0,"gold_gain":0,"player_choice":"Forge","damage_taken":0,"max_hp_gain":0,"max_hp_loss":0,"event_name":"Accursed Blacksmith","floor":22,"gold_loss":0,"cards_upgraded":["Blur"]}],"is_beta":false,"boss_relics":[{"not_picked":["Pandora\u0027s Box","White Beast Statue"],"picked":"Astrolabe"}],"items_purged_floors":[],"is_endless":false,"potions_floor_spawned":[1,2,7,11,23,27],"killed_by":"Collector","ascension_level":4}