{"gold_per_floor":[117,117,128,144,163,163,174,206,259,147,147],"floor_reached":11,"playtime":203,"items_purged":["Pain"],"score":105,"play_id":"6974281a-2f83-4cb1-bbf9-2daff200b57c","local_time":"20190118144826","is_ascension_mode":true,"campfire_choices":[{"data":"White Noise","floor":6,"key":"SMITH"}],"neow_cost":"NONE","seed_source_timestamp":443000781534538,"circlet_count":0,"master_deck":["Strike_B","Strike_B","Strike_B","Strike_B","Defend_B","Defend_B","Defend_B","Defend_B","Zap","Dualcast","White Noise+1","Gash","Consume","Steam Power","Stack","Skim","Hello World"],"relics":["Cracked Core","NeowsBlessing","WarpedTongs","Mercury Hourglass"],"potions_floor_usage":[11,11],"damage_taken":[{"damage":0,"enemies":"Small Slimes","floor":1,"turns":1},{"damage":0,"enemies":"Cultist","floor":3,"turns":1},{"damage":2,"enemies":"2 Louse","floor":4,"turns":1},{"damage":20,"enemies":"Looter","floor":5,"turns":3},{"damage":11,"enemies":"3 Louse","floor":7,"turns":3},{"damage":26,"enemies":"3 Sentries","floor":8,"turns":3},{"damage":15,"enemies":"Lagavulin","floor":11,"turns":2}],"seed_played":"-6869000344089762675","potions_obtained":[{"floor":1,"key":"FocusPotion"},{"floor":7,"key":"LiquidBronze"}],"is_trial":false,"path_per_floor":["M","?","M","M","M","R","M","E","T","$","E"],"character_chosen":"DEFECT","items_purchased":["Hello World"],"campfire_rested":0,"item_purchase_floors":[10],"current_hp_per_floor":[68,68,68,66,46,46,35,9,9,9,0],"gold":147,"neow_bonus":"THREE_ENEMY_KILL","is_prod":false,"is_daily":false,"chose_seed":false,"campfire_upgraded":1,"win_rate":0,"timestamp":1547833706,"path_taken":["M","?","?","M","?","R","M","E","T","$","E"],"build_version":"2019-01-17v2","purchased_purges":1,"victory":false,"max_hp_per_floor":[75,75,75,75,75,75,75,75,75,75,75],"card_choices":[{"not_picked":["Gash","Coolheaded"],"picked":"White Noise","floor":1},{"not_picked":["Steam","Auto Shields"],"picked":"Gash","floor":3},{"not_picked":["Sweeping Beam","Barrage"],"picked":"Consume","floor":4},{"not_picked":["Force Field","Turbo"],"picked":"Steam Power","floor":5},{"not_picked":["Redo","Rebound"],"picked":"Stack","floor":7},{"not_picked":["Heatsinks","Go for the Eyes"],"picked":"Skim","floor":8}],"player_experience":638422,"relics_obtained":[{"floor":8,"key":"Mercury Hourglass"}],"event_choices":[{"damage_healed":0,"gold_gain":0,"player_choice":"Rummage","damage_taken":0,"relics_obtained":["WarpedTongs"],"max_hp_gain":0,"max_hp_loss":0,"event_name":"Accursed Blacksmith","floor":2,"gold_loss":0,"cards_obtained":["Pain"]}],"is_beta":false,"boss_relics":[],"items_purged_floors":[10],"is_endless":false,"potions_floor_spawned":[1,7],"killed_by":"Lagavulin","ascension_level":8}