{"gold_per_floor":[209,209,223,50,62,62,75,109,109,56,74,89,89,105,105,201,201,217,233,63,77,96,96,130,130,153,153,153,166,181,216,216,316,316,336,336,436,484,0,0,10,10,10,10,21,21,49,49,49,49,49,49,0,32,32],"floor_reached":56,"playtime":4113,"items_purged":["Defend_B","Strike_B"],"score":1167,"play_id":"a84874de-a20c-46be-8552-2de3ef5e6577","local_time":"20190304020634","is_ascension_mode":false,"campfire_choices":[{"data":"Zap","floor":6.0,"key":"SMITH"},{"data":"Sweeping Beam","floor":13.0,"key":"SMITH"},{"data":"Gash","floor":15.0,"key":"SMITH"},{"data":"Blizzard","floor":23.0,"key":"SMITH"},{"data":"Machine Learning","floor":25.0,"key":"SMITH"},{"floor":32.0,"key":"REST"},{"data":"Leap","floor":40,"key":"SMITH"},{"data":"Leap","floor":42,"key":"SMITH"},{"floor":49,"key":"RECALL"},{"data":"Dualcast","floor":52,"key":"SMITH"}],"neow_cost":"NONE","seed_source_timestamp":0,"circlet_count":0,"master_deck":["Strike_B","Strike_B","Strike_B","Defend_B","Defend_B","Zap+1","Dualcast+1","Glacier","Leap+1","Leap+1","BootSequence","Fusion+1","Gash+1","Sweeping Beam+1","Machine Learning+1","Core Surge","Coolheaded+1","Recycle+1","Blizzard+1","Rebound","Gash","Cold Snap+1","Hologram+1","Glacier+1","Steam+1","White Noise+1","White Noise+1"],"special_seed":0,"relics":["Cracked Core","Toxic Egg 2","Runic Pyramid","Sundial","Anchor","MutagenicStrength","Emotion Chip","Cursed Key","Pocketwatch","Bird Faced Urn","OrangePellets","Kunai","Bag of Preparation","Ornamental Fan"],"potions_floor_usage":[33,50,55,55,55],"damage_taken":[{"damage":5.0,"enemies":"Small Slimes","floor":1.0,"turns":3.0},{"damage":0.0,"enemies":"Cultist","floor":3.0,"turns":3.0},{"damage":0.0,"enemies":"Jaw Worm","floor":5.0,"turns":5.0},{"damage":0.0,"enemies":"2 Fungi Beasts","floor":7.0,"turns":4.0},{"damage":2.0,"enemies":"3 Sentries","floor":8.0,"turns":11.0},{"damage":0.0,"enemies":"Gremlin Gang","floor":11.0,"turns":5.0},{"damage":0.0,"enemies":"3 Louse","floor":12.0,"turns":3.0},{"damage":0.0,"enemies":"Looter","floor":14.0,"turns":3.0},{"damage":28.0,"enemies":"Slime Boss","floor":16.0,"turns":9.0},{"damage":10.0,"enemies":"2 Thieves","floor":18.0,"turns":5.0},{"damage":7.0,"enemies":"Spheric Guardian","floor":19.0,"turns":4.0},{"damage":5.0,"enemies":"3 Cultists","floor":21.0,"turns":6.0},{"damage":11.0,"enemies":"Chosen and Byrds","floor":22.0,"turns":7.0},{"damage":0.0,"enemies":"Gremlin Leader","floor":24.0,"turns":7.0},{"damage":0.0,"enemies":"Cultist and Chosen","floor":29.0,"turns":5.0},{"damage":7.0,"enemies":"Shelled Parasite and Fungi","floor":30.0,"turns":6.0},{"damage":9.0,"enemies":"Book of Stabbing","floor":31.0,"turns":6.0},{"damage":16,"enemies":"Champ","floor":33,"turns":9},{"damage":0,"enemies":"Orb Walker","floor":35,"turns":4},{"damage":0,"enemies":"Mind Bloom Boss Battle","floor":37,"turns":5},{"damage":9,"enemies":"2 Orb Walkers","floor":38,"turns":6},{"damage":2,"enemies":"3 Darklings","floor":41,"turns":4},{"damage":8,"enemies":"Maw","floor":45,"turns":7},{"damage":4,"enemies":"Giant Head","floor":47,"turns":9},{"damage":3,"enemies":"Awakened One","floor":50,"turns":14},{"damage":14,"enemies":"Shield and Spear","floor":54,"turns":13},{"damage":59,"enemies":"The Heart","floor":55,"turns":14}],"seed_played":"7154663174056119812","potions_obtained":[{"floor":5.0,"key":"Poison Potion"},{"floor":7.0,"key":"FearPotion"},{"floor":8.0,"key":"Regen Potion"},{"floor":11.0,"key":"Ancient Potion"},{"floor":16.0,"key":"FocusPotion"},{"floor":19.0,"key":"FocusPotion"},{"floor":22.0,"key":"Explosive Potion"},{"floor":24.0,"key":"LiquidBronze"},{"floor":28.0,"key":"Dexterity Potion"},{"floor":35,"key":"SpeedPotion"},{"floor":47,"key":"LiquidBronze"}],"is_trial":false,"path_per_floor":["M","?","M","$","M","R","M","E","T","$","M","M","R","M","R","B",null,"M","M","$","M","M","R","E","R","T","?","?","M","M","E","R","B",null,"M","?","?","?","$","R","M","R","T","$","M","$","E","?","R","B",null,"R","$","E","B",null],"character_chosen":"DEFECT","items_purchased":["FocusPotion","Leap","Gash","Blizzard","Storm","OrangePellets","Kunai","Strength Potion"],"campfire_rested":1,"item_purchase_floors":[4,4,10,20,39,39,39,53],"current_hp_per_floor":[70,70,70,70,70,70,70,68,68,68,68,68,68,68,68,40,75,65,58,58,68,57,57,57,57,57,57,57,57,50,41,63,47,75,75,71,71,62,62,62,64,64,64,64,60,60,60,60,60,61,71,71,71,71,16],"gold":32,"neow_bonus":"HUNDRED_GOLD","is_prod":false,"is_daily":false,"chose_seed":false,"campfire_upgraded":8,"win_rate":0,"timestamp":1551665194,"path_taken":["M","?","M","$","M","R","M","E","T","$","?","M","R","M","R","BOSS","M","?","$","M","M","R","E","R","T","?","?","?","M","E","R","BOSS","M","?","?","?","$","R","M","R","T","?","?","$","E","?","R","BOSS","R","$","E","BOSS"],"build_version":"2019-02-06","purchased_purges":2,"victory":true,"max_hp_per_floor":[75,75,75,75,75,75,75,75,75,75,75,75,75,75,75,75,75,75,75,75,75,75,75,75,75,75,75,75,75,75,75,75,75,75,75,71,71,71,71,71,71,71,71,71,71,71,71,71,71,71,71,71,71,71,71],"card_choices":[{"not_picked":["Coolheaded","Consume"],"picked":"Glacier","floor":1.0},{"not_picked":["Stack","Coolheaded"],"picked":"Leap","floor":3.0},{"not_picked":["Recycle","Redo"],"picked":"BootSequence","floor":5.0},{"not_picked":["Reprogram","Conserve Battery","Storm"],"picked":"SKIP","floor":7.0},{"not_picked":["Skim","Barrage"],"picked":"Fusion","floor":8.0},{"not_picked":["Compile Driver","Cold Snap"],"picked":"Sweeping Beam","floor":11.0},{"not_picked":["Turbo+1","Force Field+1","Auto Shields+1"],"picked":"SKIP","floor":12.0},{"not_picked":["Auto Shields+1","Cold Snap"],"picked":"Machine Learning","floor":14.0},{"not_picked":["Seek+1","Buffer"],"picked":"Core Surge","floor":16.0},{"not_picked":["Leap+1","Sweeping Beam"],"picked":"Coolheaded+1","floor":18.0},{"not_picked":["Glacier+1","Compile Driver"],"picked":"Recycle+1","floor":19.0},{"not_picked":["Steam Power+1","Sweeping Beam","Streamline"],"picked":"SKIP","floor":21.0},{"not_picked":["Lockon+1","Beam Cell"],"picked":"Rebound","floor":22.0},{"not_picked":["Barrage","Core Surge"],"picked":"Gash","floor":24.0},{"not_picked":["Redo+1","Lockon+1","Sweeping Beam"],"picked":"SKIP","floor":29.0},{"not_picked":["Rebound","Streamline+1"],"picked":"Cold Snap+1","floor":30.0},{"not_picked":["Sweeping Beam","Seek+1"],"picked":"Hologram+1","floor":31.0},{"not_picked":["Sweeping Beam","Redo+1","Streamline"],"picked":"SKIP","floor":35},{"not_picked":["Conserve Battery+1","Streamline"],"picked":"Glacier+1","floor":37},{"not_picked":["Auto Shields+1","Barrage","Conserve Battery+1"],"picked":"SKIP","floor":41},{"not_picked":["Beam Cell+1","Rip and Tear"],"picked":"Steam+1","floor":45},{"not_picked":["Self Repair","Chaos+1"],"picked":"White Noise+1","floor":47},{"not_picked":["Thunder Strike","Storm+1"],"picked":"White Noise+1","floor":54}],"player_experience":991937,"relics_obtained":[{"floor":8.0,"key":"Toxic Egg 2"},{"floor":24.0,"key":"Sundial"},{"floor":26.0,"key":"Anchor"},{"floor":31.0,"key":"Emotion Chip"},{"floor":37,"key":"Pocketwatch"},{"floor":38,"key":"Bird Faced Urn"},{"floor":47,"key":"Bag of Preparation"},{"floor":54,"key":"Ornamental Fan"}],"event_choices":[{"cards_removed":["Defend_B"],"damage_healed":0.0,"max_hp_gain":0.0,"max_hp_loss":0.0,"gold_gain":0.0,"event_name":"Purifier","player_choice":"Purged","floor":2.0,"gold_loss":0.0,"damage_taken":0.0},{"damage_healed":0.0,"max_hp_gain":0.0,"max_hp_loss":0.0,"gold_gain":0.0,"event_name":"Drug Dealer","player_choice":"Inject Mutagens","floor":27.0,"gold_loss":0.0,"damage_taken":0.0,"relics_obtained":["MutagenicStrength"]},{"damage_healed":0.0,"max_hp_gain":0.0,"max_hp_loss":0.0,"gold_gain":0.0,"event_name":"Lab","player_choice":"Got Potions","floor":28.0,"gold_loss":0.0,"damage_taken":0.0},{"damage_healed":0,"gold_gain":0,"player_choice":"Max HP","damage_taken":0,"max_hp_gain":0,"max_hp_loss":4,"event_name":"Winding Halls","floor":36,"gold_loss":0},{"damage_healed":0,"gold_gain":0,"player_choice":"Fight","damage_taken":0,"max_hp_gain":0,"max_hp_loss":0,"event_name":"MindBloom","floor":37,"gold_loss":0},{"damage_healed":0,"gold_gain":0,"player_choice":"Fight","damage_taken":0,"max_hp_gain":0,"max_hp_loss":0,"event_name":"Mysterious Sphere","floor":38,"gold_loss":0},{"cards_removed":["Storm"],"damage_healed":0,"gold_gain":0,"player_choice":"Removed Power","damage_taken":0,"max_hp_gain":0,"max_hp_loss":0,"event_name":"Falling","floor":48,"gold_loss":0}],"is_beta":true,"boss_relics":[{"not_picked":["Fusion Hammer","Orrery"],"picked":"Runic Pyramid"},{"not_picked":["Black Star","Sozu"],"picked":"Cursed Key"}],"items_purged_floors":[4,20],"is_endless":false,"potions_floor_spawned":[5,7,8,11,16,19,22,24,31,35,38,47],"ascension_level":0}