{"gold_per_floor":[113,131,131,28,28,28,44,44,69,69,82,96,7,40,40,114,114,130,73,91,110,124,124,157,177,177,177,194,194,219,269,269,269],"floor_reached":33,"playtime":2397,"items_purged":["Strike_G"],"score":657,"play_id":"1336eb00-73db-4bc4-b3a1-ccbabfae085e","local_time":"20190305124821","is_ascension_mode":true,"campfire_choices":[{"data":"Neutralize","floor":6,"key":"SMITH"},{"data":"Blur","floor":8,"key":"SMITH"},{"data":"Well Laid Plans","floor":10,"key":"SMITH"},{"data":"Noxious Fumes","floor":15,"key":"SMITH"},{"floor":23,"key":"REST"},{"data":"Wraith Form v2","floor":27,"key":"SMITH"},{"floor":29,"key":"REST"},{"floor":32,"key":"REST"}],"neow_cost":"NONE","seed_source_timestamp":472479804634771,"circlet_count":0,"master_deck":["AscendersBane","Defend_G+1","Defend_G","Defend_G+1","Defend_G","Strike_G","Strike_G","Strike_G","Strike_G","Survivor","Neutralize+1","Dagger Throw","Well Laid Plans+1","Slice","Blur+1","Backflip","Finisher","Noxious Fumes+1","Adrenaline","Wraith Form v2+1","Concentrate+1","Acrobatics","PiercingWail","Dagger Spray","Poisoned Stab+1","Writhe","Dodge and Roll","Crippling Poison"],"relics":["Ring of the Snake","War Paint","Potion Belt","Cursed Key","Du-Vu Doll","Question Card","Oddly Smooth Stone"],"potions_floor_usage":[11,18,20,20,21,24,24,33],"damage_taken":[{"damage":3,"enemies":"Cultist","floor":1,"turns":4},{"damage":2,"enemies":"2 Louse","floor":2,"turns":5},{"damage":0,"enemies":"Jaw Worm","floor":7,"turns":4},{"damage":6,"enemies":"Gremlin Gang","floor":11,"turns":4},{"damage":1,"enemies":"Large Slime","floor":12,"turns":6},{"damage":14,"enemies":"Lagavulin","floor":14,"turns":7},{"damage":0,"enemies":"The Guardian","floor":16,"turns":10},{"damage":0,"enemies":"Shell Parasite","floor":18,"turns":4},{"damage":17,"enemies":"2 Thieves","floor":20,"turns":4},{"damage":21,"enemies":"Sentry and Sphere","floor":21,"turns":8},{"damage":3,"enemies":"Snecko","floor":22,"turns":9},{"damage":8,"enemies":"Slavers","floor":24,"turns":7},{"damage":6,"enemies":"Centurion and Healer","floor":25,"turns":7},{"damage":2,"enemies":"3 Cultists","floor":28,"turns":6},{"damage":41,"enemies":"Book of Stabbing","floor":30,"turns":7},{"damage":41,"enemies":"Collector","floor":33,"turns":9}],"seed_played":"7238553661865021143","potions_obtained":[{"floor":1,"key":"AttackPotion"},{"floor":2,"key":"Poison Potion"},{"floor":11,"key":"SkillPotion"},{"floor":16,"key":"EssenceOfSteel"},{"floor":18,"key":"GamblersBrew"},{"floor":20,"key":"EssenceOfSteel"},{"floor":25,"key":"Fire Potion"}],"is_trial":false,"path_per_floor":["M","M","?","$","?","R","M","R","T","R","M","M","$","E","R","B",null,"M","$","M","M","M","R","E","M","T","R","M","R","E","?","R","B"],"character_chosen":"THE_SILENT","items_purchased":["Slice","Noxious Fumes","Explosive Potion"],"campfire_rested":3,"item_purchase_floors":[4,13,19],"current_hp_per_floor":[62,60,53,53,53,53,53,53,53,53,47,46,46,32,32,32,62,62,62,45,24,21,42,34,28,28,28,26,47,6,6,27,0],"gold":269,"neow_bonus":"TEN_PERCENT_HP_BONUS","is_prod":false,"is_daily":false,"chose_seed":false,"campfire_upgraded":5,"win_rate":0,"timestamp":1551790101,"path_taken":["M","M","?","$","?","R","M","R","T","R","M","M","?","E","R","BOSS","M","$","M","M","M","R","E","?","T","R","M","R","E","?","R","BOSS"],"build_version":"2019-02-06","purchased_purges":1,"victory":false,"max_hp_per_floor":[72,72,72,72,72,72,72,72,72,72,72,72,72,72,72,72,72,72,72,72,72,72,72,72,72,72,72,72,72,72,72,72,72],"card_choices":[{"not_picked":["Distraction","Backflip"],"picked":"Dagger Throw","floor":1},{"not_picked":["Infinite Blades","Dagger Throw"],"picked":"Well Laid Plans","floor":2},{"not_picked":["Endless Agony","Skewer"],"picked":"Blur","floor":7},{"not_picked":["Acrobatics","Calculated Gamble"],"picked":"Backflip","floor":11},{"not_picked":["Quick Slash","Bane"],"picked":"Finisher","floor":12},{"not_picked":["Dagger Spray","Masterful Stab"],"picked":"Adrenaline","floor":14},{"not_picked":["Phantasmal Killer","Envenom"],"picked":"Wraith Form v2","floor":16},{"not_picked":["Heel Hook","Flechettes"],"picked":"Concentrate+1","floor":18},{"not_picked":["Masterful Stab","Dagger Throw"],"picked":"Acrobatics","floor":20},{"not_picked":["Setup","Blade Dance"],"picked":"PiercingWail","floor":21},{"not_picked":["Masterful Stab","Tactician","Caltrops"],"picked":"SKIP","floor":22},{"not_picked":["Grand Finale","Backstab"],"picked":"Dagger Spray","floor":24},{"not_picked":["Underhanded Strike","Blur"],"picked":"Poisoned Stab+1","floor":25},{"not_picked":["Flying Knee","Riddle With Holes","Predator"],"picked":"Dodge and Roll","floor":28},{"not_picked":["Dash","Dagger Throw","Acrobatics"],"picked":"Crippling Poison","floor":30}],"player_experience":1018155,"relics_obtained":[{"floor":9,"key":"War Paint"},{"floor":14,"key":"Potion Belt"},{"floor":24,"key":"Du-Vu Doll"},{"floor":26,"key":"Question Card"},{"floor":30,"key":"Oddly Smooth Stone"}],"event_choices":[{"cards_removed":["Defend_G"],"damage_healed":0,"gold_gain":0,"player_choice":"Card Removal","damage_taken":7,"max_hp_gain":0,"max_hp_loss":0,"event_name":"Golden Wing","floor":3,"gold_loss":0},{"damage_healed":0,"gold_gain":0,"player_choice":"Leave","damage_taken":0,"max_hp_gain":0,"max_hp_loss":0,"event_name":"The Cleric","floor":5,"gold_loss":0},{"damage_healed":0,"gold_gain":50,"player_choice":"Stole From Cult","damage_taken":0,"max_hp_gain":0,"max_hp_loss":0,"event_name":"Nest","floor":31,"gold_loss":0}],"is_beta":true,"boss_relics":[{"not_picked":["Calling Bell","Ectoplasm"],"picked":"Cursed Key"}],"items_purged_floors":[4],"is_endless":false,"potions_floor_spawned":[1,2,11,16,18,20,25],"killed_by":"Collector","ascension_level":19}