{"gold_per_floor":[118,118,138,158,7,7,73,131,131,156,170,189,189,189,189,287,287,302,302,312,8,8,8,8,39,39,52,65,65,26,125,125,229,259,278,32,0,0,11,11,45,45,115,127,37,70,31,31,31,31],"floor_reached":51,"playtime":4168,"items_purged":[],"score":886,"play_id":"d0e4e12f-9dc6-47e9-b527-2acc804e622c","local_time":"20180713011454","is_ascension_mode":true,"campfire_choices":[{"data":"Storm","floor":6,"key":"SMITH"},{"floor":13,"key":"REST"},{"data":"Creative AI","floor":15,"key":"SMITH"},{"floor":23,"key":"REST"},{"floor":29,"key":"REST"},{"floor":32,"key":"REST"},{"floor":40,"key":"REST"},{"floor":42,"key":"REST"},{"floor":49,"key":"REST"}],"neow_cost":"NONE","seed_source_timestamp":1098538735115,"circlet_count":0,"master_deck":["Strike_B","Strike_B","Strike_B","Strike_B","Defend_B","Defend_B","Defend_B","Defend_B","Zap","Dualcast+1","Hyperbeam","Compile Driver+1","Capacitor","Storm+1","Creative AI","Beam Cell","Creative AI+1","Blizzard","Beam Cell+1","Biased Cognition","Glacier+1","Turbo","Enlightenment","Fusion","Barrage","Barrage","Ball Lightning","Skim","Biased Cognition","Redo","Thunder Strike","Coolheaded","Consume+1","Sadistic Nature","Flash of Steel","Blind","Fusion","All For One","Redo"],"relics":["Cracked Core","The Courier","Mango","Nuclear Battery","Nloth\u0027s Gift","Regal Pillow","Vajra","Thread and Needle","Tiny House","Emotion Chip","Red Mask","Potion Belt","Frozen Egg 2","Orichalcum","Toxic Egg 2"],"potions_floor_usage":[10,12,27,41,44,46,50,50,50],"damage_taken":[{"damage":2,"enemies":"Jaw Worm","floor":1,"turns":3},{"damage":0,"enemies":"2 Louse","floor":3,"turns":2},{"damage":0,"enemies":"Small Slimes","floor":4,"turns":3},{"damage":35,"enemies":"Gremlin Nob","floor":8,"turns":4},{"damage":15,"enemies":"Lagavulin","floor":10,"turns":6},{"damage":11,"enemies":"Looter","floor":11,"turns":2},{"damage":5,"enemies":"2 Fungi Beasts","floor":12,"turns":3},{"damage":52,"enemies":"Slime Boss","floor":16,"turns":8},{"damage":12,"enemies":"Chosen","floor":18,"turns":3},{"damage":35,"enemies":"3 Byrds","floor":20,"turns":4},{"damage":51,"enemies":"Gremlin Leader","floor":25,"turns":7},{"damage":9,"enemies":"Centurion and Healer","floor":27,"turns":6},{"damage":0,"enemies":"Snake Plant","floor":28,"turns":3},{"damage":68,"enemies":"Automaton","floor":33,"turns":9},{"damage":0,"enemies":"Orb Walker","floor":35,"turns":2},{"damage":30,"enemies":"3 Shapes","floor":39,"turns":4},{"damage":31,"enemies":"2 Orb Walkers","floor":41,"turns":4},{"damage":12,"enemies":"Sphere and 2 Shapes","floor":44,"turns":4},{"damage":29,"enemies":"Nemesis","floor":46,"turns":4},{"damage":76,"enemies":"Donu and Deca","floor":50,"turns":7}],"seed_played":"-2569633742149931734","potions_obtained":[{"floor":8,"key":"LiquidBronze"},{"floor":10,"key":"EssenceOfSteel"},{"floor":25,"key":"Regen Potion"},{"floor":27,"key":"SmokeBomb"},{"floor":28,"key":"Poison Potion"},{"floor":34,"key":"SmokeBomb"},{"floor":41,"key":"Energy Potion"},{"floor":44,"key":"SkillPotion"},{"floor":46,"key":"Strength Potion"}],"is_trial":false,"path_per_floor":["M","?","M","M","$","R","?","?","T","E","M","M","R","?","R","B",null,"M","?","M","$","?","R","$","E","T","M","M","R","$","?","R","B",null,"M","$","?","?","M","R","E","R","T","M","$","E","$","T","R","B"],"character_chosen":"DEFECT","items_purchased":["Creative AI","Enlightenment","Fusion","Barrage","Barrage","Ball Lightning","Redo","Emotion Chip","PowerPotion","Energy Potion","Redo"],"campfire_rested":7,"item_purchase_floors":[5,21,21,21,21,21,30,36,45,45,47],"current_hp_per_floor":[73,58,58,58,58,58,58,23,23,22,11,6,32,61,61,9,69,57,57,22,22,22,63,63,12,12,18,18,59,59,59,89,21,77,77,77,77,67,37,80,49,92,92,80,80,51,51,51,94,18],"gold":31,"neow_bonus":"ONE_RANDOM_RARE_CARD","is_prod":false,"is_daily":false,"chose_seed":false,"campfire_upgraded":2,"win_rate":0,"timestamp":1531455294,"path_taken":["M","?","M","M","$","R","?","?","T","E","?","M","R","?","R","BOSS","M","?","M","$","?","R","?","E","T","M","?","R","$","?","R","BOSS","M","$","?","?","M","R","E","R","T","M","$","E","$","?","R","BOSS"],"build_version":"2018-07-05","purchased_purges":0,"victory":true,"max_hp_per_floor":[75,75,75,75,75,75,75,75,75,89,89,89,89,89,89,89,89,89,89,89,89,89,89,89,89,89,89,89,89,89,89,89,89,94,94,94,94,94,94,94,94,94,94,94,94,94,94,94,94,94],"card_choices":[{"not_picked":["Hologram","Turbo"],"picked":"Compile Driver","floor":1},{"not_picked":["Seek","Sweeping Beam"],"picked":"Capacitor","floor":3},{"not_picked":["Streamline","BootSequence"],"picked":"Storm","floor":4},{"not_picked":["Cold Snap","Hologram"],"picked":"Beam Cell","floor":8},{"not_picked":["Sweeping Beam","Go for the Eyes"],"picked":"Creative AI","floor":10},{"not_picked":["Melter","Go for the Eyes"],"picked":"Blizzard","floor":11},{"not_picked":["Genetic Algorithm","Rebound"],"picked":"Beam Cell","floor":12},{"not_picked":["Seek","Machine Learning"],"picked":"Biased Cognition","floor":16},{"not_picked":["Undo","Go for the Eyes+1"],"picked":"Glacier+1","floor":18},{"not_picked":["FTL","Go for the Eyes"],"picked":"Turbo","floor":20},{"not_picked":["Ball Lightning","Hologram+1"],"picked":"Skim","floor":25},{"not_picked":["FTL","Hologram","Streamline"],"picked":"SKIP","floor":27},{"not_picked":["Rebound+1","Stack+1"],"picked":"Biased Cognition","floor":28},{"not_picked":["Amplify","Reboot"],"picked":"Thunder Strike","floor":33},{"not_picked":["Streamline+1","Rebound"],"picked":"Coolheaded","floor":34},{"not_picked":["Auto Shields+1","Cold Snap"],"picked":"Consume+1","floor":35},{"not_picked":["Bandage Up","Secret Weapon"],"picked":"Sadistic Nature","floor":38},{"not_picked":["Magnetism","Secret Technique"],"picked":"Flash of Steel","floor":38},{"not_picked":["Jack Of All Trades","Transmutation"],"picked":"Blind","floor":38},{"not_picked":["Sweeping Beam+1","Doom and Gloom","Heatsinks+1"],"picked":"SKIP","floor":39},{"not_picked":["Melter+1","FTL+1"],"picked":"Fusion","floor":41},{"not_picked":["Lockon","Heatsinks+1","Rebound"],"picked":"SKIP","floor":44},{"not_picked":["Scrape+1","Rebound+1"],"picked":"All For One","floor":46}],"player_experience":450308,"relics_obtained":[{"floor":9,"key":"The Courier"},{"floor":10,"key":"Mango"},{"floor":25,"key":"Vajra"},{"floor":26,"key":"Thread and Needle"},{"floor":41,"key":"Potion Belt"},{"floor":43,"key":"Frozen Egg 2"},{"floor":46,"key":"Orichalcum"},{"floor":48,"key":"Toxic Egg 2"}],"event_choices":[{"event_name":"Shining Light","player_choice":"Entered Light","floor":2,"damage_taken":0},{"event_name":"Golden Wing","player_choice":"Gained Gold","floor":7,"damage_taken":0},{"event_name":"Dead Adventurer","player_choice":"Searched \u00273\u0027 times","floor":8,"damage_taken":0},{"event_name":"Big Fish","player_choice":"Banana","floor":14,"damage_taken":0},{"event_name":"N\u0027loth","player_choice":"Traded a Bag of Preparation","floor":19,"damage_taken":0},{"event_name":"The Mausoleum","player_choice":"Yes","floor":22,"damage_taken":0},{"event_name":"Nest","player_choice":"Stole From Cult","floor":31,"damage_taken":0},{"event_name":"Tomb of Lord Red Mask","player_choice":"Paid","floor":37,"damage_taken":0},{"event_name":"SensoryStone","player_choice":"Memory 3","floor":38,"damage_taken":0}],"boss_relics":[{"not_picked":["Astrolabe","Black Star"],"picked":"Nuclear Battery"},{"not_picked":["White Beast Statue","Lizard Tail"],"picked":"Tiny House"}],"items_purged_floors":[],"is_endless":false,"potions_floor_spawned":[8,10,25,27,28,41,44,46],"ascension_level":5}