{"gold_per_floor":[114,131,131,142,160,160,186,202,279,279,293,72,72,97,97,200,200,218,61,61,61,73,73,88,116,116,116,132,144,144,158,158,253,253,270,270,282,28,303,338,353,364,391,408,442,442,471,484,484,484,484,484,72,104,104],"floor_reached":56,"playtime":3443,"items_purged":["Strike_G"],"score":1421,"play_id":"8b783db7-a555-4438-ad93-7e4235f26dec","local_time":"20190512114037","is_ascension_mode":false,"campfire_choices":[{"data":"Neutralize","floor":6,"key":"SMITH"},{"data":"Envenom","floor":10,"key":"SMITH"},{"data":"Terror","floor":13,"key":"SMITH"},{"data":"Well Laid Plans","floor":15,"key":"SMITH"},{"data":"Underhanded Strike","floor":23,"key":"SMITH"},{"floor":27,"key":"REST"},{"floor":30,"key":"REST"},{"data":"Blur","floor":32,"key":"SMITH"},{"floor":46,"key":"REST"},{"floor":49,"key":"RECALL"},{"data":"Malaise","floor":52,"key":"SMITH"}],"neow_cost":"TEN_PERCENT_HP_LOSS","seed_source_timestamp":1208846680193332,"circlet_count":0,"master_deck":["Defend_G","Defend_G","Defend_G","Defend_G","Defend_G","Strike_G","Strike_G","Strike_G","Survivor","Neutralize+1","Glass Knife+1","Flying Knee","Terror+1","Well Laid Plans+1","Envenom+1","Infinite Blades","Expertise","Blur+1","Backflip","Bullet Time","Night Terror","Underhanded Strike+1","Bane+1","Predator+1","Calculated Gamble","Die Die Die","Backflip+1","Prepared+1","Riddle With Holes","Footwork","Catalyst+1","Burst","Predator+1","Malaise+1","Outmaneuver+1","Footwork"],"relics":["Ring of the Snake","Potion Belt","Pear","Oddly Smooth Stone","StoneCalendar","Snecko Eye","Omamori","Sundial","Cursed Key","Ancient Tea Set","Juzu Bracelet","Bronze Scales","Kunai","FossilizedHelix","Bottled Flame"],"potions_floor_usage":[11,25,25,33,42,44,50,55,55,55,55,55,55,55,55],"damage_taken":[{"damage":0,"enemies":"Small Slimes","floor":1,"turns":3},{"damage":0,"enemies":"Cultist","floor":2,"turns":3},{"damage":0,"enemies":"Jaw Worm","floor":4,"turns":2},{"damage":0,"enemies":"Red Slaver","floor":5,"turns":3},{"damage":14,"enemies":"3 Sentries","floor":7,"turns":9},{"damage":0,"enemies":"2 Fungi Beasts","floor":8,"turns":4},{"damage":1,"enemies":"3 Louse","floor":11,"turns":4},{"damage":0,"enemies":"Lagavulin","floor":14,"turns":6},{"damage":0,"enemies":"The Guardian","floor":16,"turns":7},{"damage":0,"enemies":"Chosen","floor":18,"turns":4},{"damage":10,"enemies":"Shell Parasite","floor":22,"turns":5},{"damage":8,"enemies":"Cultist and Chosen","floor":24,"turns":7},{"damage":25,"enemies":"Slavers","floor":25,"turns":6},{"damage":17,"enemies":"Snake Plant","floor":28,"turns":3},{"damage":0,"enemies":"Snecko","floor":29,"turns":4},{"damage":8,"enemies":"Centurion and Healer","floor":31,"turns":3},{"damage":12,"enemies":"Automaton","floor":33,"turns":7},{"damage":7,"enemies":"3 Shapes","floor":35,"turns":5},{"damage":1,"enemies":"3 Darklings","floor":37,"turns":3},{"damage":30,"enemies":"Nemesis","floor":40,"turns":5},{"damage":0,"enemies":"Spire Growth","floor":41,"turns":2},{"damage":1,"enemies":"Jaw Worm Horde","floor":42,"turns":4},{"damage":5,"enemies":"Writhing Mass","floor":44,"turns":6},{"damage":14,"enemies":"Giant Head","floor":45,"turns":6},{"damage":0,"enemies":"Reptomancer","floor":47,"turns":5},{"damage":10,"enemies":"Spire Growth","floor":48,"turns":5},{"damage":18,"enemies":"Donu and Deca","floor":50,"turns":7},{"damage":0,"enemies":"Shield and Spear","floor":54,"turns":6},{"damage":51,"enemies":"The Heart","floor":55,"turns":8}],"seed_played":"8586201035650923991","potions_obtained":[{"floor":2,"key":"Ancient Potion"},{"floor":5,"key":"Swift Potion"},{"floor":8,"key":"Fire Potion"},{"floor":11,"key":"Block Potion"},{"floor":16,"key":"GamblersBrew"},{"floor":22,"key":"Dexterity Potion"},{"floor":28,"key":"SpeedPotion"},{"floor":33,"key":"LiquidBronze"},{"floor":35,"key":"SmokeBomb"},{"floor":41,"key":"Strength Potion"},{"floor":44,"key":"Fire Potion"},{"floor":45,"key":"Weak Potion"}],"is_trial":false,"path_per_floor":["M","M","?","M","M","R","E","M","T","R","M","$","R","E","R","B",null,"M","$","T","?","M","R","M","E","T","R","M","M","R","M","R","B",null,"M","?","M","$","?","E","M","M","T","M","E","R","E","M","R","B",null,"R","$","E","B",null],"character_chosen":"THE_SILENT","items_purchased":["Oddly Smooth Stone","Blur","Night Terror","EntropicBrew","Riddle With Holes","FossilizedHelix","Footwork","Explosive Potion"],"campfire_rested":3,"item_purchase_floors":[12,12,19,38,38,53,53,53],"current_hp_per_floor":[63,63,63,63,63,63,49,49,59,59,58,58,58,58,58,58,73,73,73,73,73,63,63,55,30,30,51,34,34,55,47,47,35,73,66,66,65,65,65,35,35,34,34,29,15,36,36,26,26,8,73,73,73,73,22],"gold":104,"neow_bonus":"THREE_RARE_CARDS","is_prod":false,"is_daily":false,"chose_seed":false,"campfire_upgraded":7,"win_rate":0,"timestamp":1557657637,"path_taken":["M","M","?","M","M","R","E","M","T","R","M","$","R","E","R","BOSS","M","$","?","?","?","R","M","E","T","R","M","M","R","M","R","BOSS","M","?","M","$","?","E","M","?","T","M","E","R","E","M","R","BOSS","R","$","E","BOSS"],"build_version":"2019-05-07","purchased_purges":1,"victory":true,"max_hp_per_floor":[63,63,63,63,63,63,63,63,73,73,73,73,73,73,73,73,73,73,73,73,73,73,73,73,73,73,73,73,73,73,73,73,73,73,73,73,73,73,73,73,73,73,73,73,73,73,73,73,73,73,73,73,73,73,73],"card_choices":[{"not_picked":["Wraith Form v2","Doppelganger"],"picked":"Glass Knife","floor":0},{"not_picked":["Blade Dance","Eviscerate"],"picked":"Flying Knee","floor":1},{"not_picked":["Sucker Punch","Masterful Stab"],"picked":"Terror","floor":2},{"not_picked":["Escape Plan","Prepared","Outmaneuver"],"picked":"SKIP","floor":4},{"not_picked":["Bane","Deadly Poison"],"picked":"Well Laid Plans","floor":5},{"not_picked":["Wraith Form v2","Dodge and Roll"],"picked":"Envenom","floor":7},{"not_picked":["Quick Slash","Flechettes"],"picked":"Infinite Blades","floor":8},{"not_picked":["Masterful Stab","Poisoned Stab"],"picked":"Expertise","floor":11},{"not_picked":["Catalyst","Escape Plan"],"picked":"Backflip","floor":14},{"not_picked":["Phantasmal Killer","Unload"],"picked":"Bullet Time","floor":16},{"not_picked":["Masterful Stab+1","Dagger Throw","Choke"],"picked":"SKIP","floor":18},{"not_picked":["Catalyst","Flying Knee"],"picked":"Bane+1","floor":22},{"not_picked":["Backflip","Tactician","Dagger Throw"],"picked":"SKIP","floor":24},{"not_picked":["Backstab+1","Blade Dance+1"],"picked":"Predator+1","floor":25},{"not_picked":["Dodge and Roll","Quick Slash"],"picked":"Calculated Gamble","floor":28},{"not_picked":["Deflect","Cloak And Dagger","Flying Knee"],"picked":"SKIP","floor":29},{"not_picked":["Dodge and Roll","Prepared","Dagger Spray"],"picked":"SKIP","floor":31},{"not_picked":["Venomology","After Image"],"picked":"Die Die Die","floor":33},{"not_picked":["Acrobatics+1","Blade Dance+1"],"picked":"Backflip+1","floor":35},{"not_picked":["Tactician+1","Bane+1"],"picked":"Prepared+1","floor":37},{"not_picked":["Quick Slash+1","Acrobatics+1"],"picked":"Footwork","floor":40},{"not_picked":["Underhanded Strike","Prepared+1"],"picked":"Catalyst+1","floor":41},{"not_picked":["Slice+1","Blade Dance"],"picked":"Burst","floor":42},{"not_picked":["Prepared","Dodge and Roll","Quick Slash"],"picked":"SKIP","floor":44},{"not_picked":["Sucker Punch+1","Dash+1"],"picked":"Predator+1","floor":45},{"not_picked":["Setup+1","Bouncing Flask"],"picked":"Malaise","floor":47},{"not_picked":["Dagger Spray+1","All Out Attack+1"],"picked":"Outmaneuver+1","floor":48},{"not_picked":["Underhanded Strike+1","Dodge and Roll","Bane"],"picked":"SKIP","floor":54}],"player_experience":1380680,"relics_obtained":[{"floor":7,"key":"Potion Belt"},{"floor":9,"key":"Pear"},{"floor":14,"key":"StoneCalendar"},{"floor":25,"key":"Omamori"},{"floor":26,"key":"Sundial"},{"floor":40,"key":"Ancient Tea Set"},{"floor":43,"key":"Juzu Bracelet"},{"floor":45,"key":"Bronze Scales"},{"floor":47,"key":"Kunai"},{"floor":54,"key":"Bottled Flame"}],"event_choices":[{"damage_healed":0,"gold_gain":0,"player_choice":"Forge","damage_taken":0,"max_hp_gain":0,"max_hp_loss":0,"event_name":"Accursed Blacksmith","floor":3,"gold_loss":0,"cards_upgraded":["Glass Knife"]},{"damage_healed":0,"gold_gain":0,"player_choice":"1 cards matched","damage_taken":0,"max_hp_gain":0,"max_hp_loss":0,"event_name":"Match and Keep!","floor":21,"gold_loss":0,"cards_obtained":["Underhanded Strike"]},{"cards_removed":["Strike_G"],"damage_healed":0,"gold_gain":0,"player_choice":"Removed Attack","damage_taken":0,"max_hp_gain":0,"max_hp_loss":0,"event_name":"Falling","floor":36,"gold_loss":0},{"damage_healed":0,"gold_gain":275,"player_choice":"Desecrate","damage_taken":0,"max_hp_gain":0,"max_hp_loss":0,"event_name":"Golden Shrine","floor":39,"gold_loss":0,"cards_obtained":["Regret"]}],"is_beta":true,"boss_relics":[{"not_picked":["White Beast Statue","Black Star"],"picked":"Snecko Eye"},{"not_picked":["Orrery","Eternal Feather"],"picked":"Cursed Key"}],"items_purged_floors":[38],"is_endless":false,"potions_floor_spawned":[2,5,8,11,16,22,28,33,35,41,44,45,47],"ascension_level":0}