{"gold_per_floor":[360,360,68,87,105,139,150,150,177,193,158,178,203,222,222,323,323,343,360,360,360,266,266,109,140,208,208,218,218,249,249,249,347,347,358,358,78,0,26,26,26,58,58,71,71,71,71,84,84,84],"floor_reached":50,"playtime":3527,"items_purged":[],"score":541,"play_id":"f2fabc50-119d-4dab-9c89-605dba400be0","local_time":"20190328114223","is_ascension_mode":false,"campfire_choices":[{"floor":8.0,"key":"REST"},{"floor":15.0,"key":"REST"},{"data":"Cloak And Dagger","floor":23.0,"key":"SMITH"},{"floor":27,"key":"REST"},{"floor":32,"key":"REST"},{"data":"Storm of Steel","floor":40,"key":"SMITH"},{"data":"Blade Dance","floor":49,"key":"SMITH"}],"neow_cost":"CURSE","seed_source_timestamp":0,"circlet_count":0,"master_deck":["Defend_G+1","Defend_G+1","Defend_G+1","Defend_G+1","Defend_G+1","Strike_G+1","Strike_G+1","Strike_G+1","Strike_G+1","Strike_G+1","Survivor","Neutralize","Blade Dance+1","A Thousand Cuts","Caltrops","Poisoned Stab","Cloak And Dagger+1","Quick Slash","Cloak And Dagger","Distraction","Deflect","Storm of Steel+1","Leg Sweep","Dagger Spray","Blade Dance","Flash of Steel","Dodge and Roll+1","Flying Knee","Adrenaline","Prepared+1","Footwork","Backflip","Deep Breath","Endless Agony+1","Footwork+1","Parasite","Noxious Fumes+1"],"special_seed":0,"relics":["Ring of the Snake","Boot","Bronze Scales","Regal Pillow","Vajra","Lizard Tail","Blood Vial","Mercury Hourglass","Pantograph","Meat on the Bone","Ancient Tea Set","Bag of Preparation","Red Mask","Juzu Bracelet","Orichalcum","Pear"],"potions_floor_usage":[25,30,30,33,50,50],"damage_taken":[{"damage":0.0,"enemies":"Jaw Worm","floor":1.0,"turns":3.0},{"damage":0.0,"enemies":"Small Slimes","floor":4.0,"turns":4.0},{"damage":7.0,"enemies":"Cultist","floor":5.0,"turns":4.0},{"damage":24.0,"enemies":"Gremlin Nob","floor":6.0,"turns":5.0},{"damage":0.0,"enemies":"Exordium Wildlife","floor":7.0,"turns":3.0},{"damage":11.0,"enemies":"2 Fungi Beasts","floor":10.0,"turns":4.0},{"damage":8.0,"enemies":"3 Louse","floor":12.0,"turns":4.0},{"damage":16.0,"enemies":"Lagavulin","floor":13.0,"turns":6.0},{"damage":1.0,"enemies":"Blue Slaver","floor":14.0,"turns":2.0},{"damage":24.0,"enemies":"Hexaghost","floor":16.0,"turns":9.0},{"damage":0.0,"enemies":"3 Byrds","floor":18.0,"turns":3.0},{"damage":11.0,"enemies":"Chosen","floor":19.0,"turns":6.0},{"damage":44,"enemies":"Gremlin Leader","floor":25,"turns":7},{"damage":7,"enemies":"Centurion and Healer","floor":28,"turns":8},{"damage":33,"enemies":"Slavers","floor":30,"turns":4},{"damage":88,"enemies":"Automaton","floor":33,"turns":13},{"damage":1,"enemies":"Orb Walker","floor":35,"turns":4},{"damage":20,"enemies":"Nemesis","floor":42,"turns":9},{"damage":7,"enemies":"3 Shapes","floor":44,"turns":5},{"damage":9,"enemies":"Writhing Mass","floor":48,"turns":8},{"damage":102,"enemies":"Donu and Deca","floor":50,"turns":10}],"seed_played":"-4593239114742371928","potions_obtained":[{"floor":4.0,"key":"EntropicBrew"},{"floor":7.0,"key":"FearPotion"},{"floor":14.0,"key":"Poison Potion"},{"floor":19.0,"key":"Dexterity Potion"},{"floor":28,"key":"PowerPotion"},{"floor":33,"key":"Regen Potion"},{"floor":42,"key":"Swift Potion"}],"is_trial":false,"path_per_floor":["M","?","$","M","M","E","M","R","T","M","?","M","E","M","R","B",null,"M","M","$","?","$","R","$","E","T","R","M","T","E","?","R","B",null,"M","?","$","?","T","R","?","E","T","M","?","?","$","M","R","B"],"character_chosen":"THE_SILENT","items_purchased":["A Thousand Cuts","Boot","Flash of Steel","Blood Vial","Bag of Preparation","Footwork","Backflip"],"campfire_rested":4,"item_purchase_floors":[3,3,22,24,37,37,37],"current_hp_per_floor":[70,63,63,63,56,32,32,53,53,42,59,51,35,34,70,46,70,70,59,59,59,59,59,59,17,17,53,48,48,29,29,65,47,70,69,69,69,69,69,69,69,50,60,55,75,75,75,68,68,0],"gold":84,"neow_bonus":"TWO_FIFTY_GOLD","is_prod":false,"is_daily":false,"chose_seed":false,"campfire_upgraded":3,"win_rate":0.0,"timestamp":1553787743,"path_taken":["M","?","$","M","M","E","M","R","T","M","?","M","E","M","R","BOSS","M","M","$","?","$","R","?","E","T","R","M","?","E","?","R","BOSS","M","?","$","?","?","R","?","E","T","M","?","?","$","M","R","BOSS"],"build_version":"2019-01-23","purchased_purges":0,"victory":false,"max_hp_per_floor":[70,70,70,70,70,70,70,70,70,70,70,70,70,70,70,70,70,70,70,70,70,70,70,70,70,70,70,70,70,70,70,70,70,70,70,70,70,70,70,70,70,70,80,80,80,80,80,80,80,80],"card_choices":[{"not_picked":["Terror","All Out Attack"],"picked":"Blade Dance","floor":1.0},{"not_picked":["Acrobatics","Reflex"],"picked":"Caltrops","floor":4.0},{"not_picked":["Caltrops","Terror"],"picked":"Poisoned Stab","floor":5.0},{"not_picked":["Masterful Stab","Calculated Gamble"],"picked":"Cloak And Dagger","floor":6.0},{"not_picked":["Blur","Bane"],"picked":"Quick Slash","floor":7.0},{"not_picked":["Endless Agony","Flechettes"],"picked":"Prepared","floor":10.0},{"not_picked":["Bane","Finisher"],"picked":"Cloak And Dagger","floor":12.0},{"not_picked":["Accuracy","Underhanded Strike"],"picked":"Distraction","floor":13.0},{"not_picked":["Tactician","Quick Slash"],"picked":"Deflect","floor":14.0},{"not_picked":["Die Die Die","Adrenaline"],"picked":"Storm of Steel","floor":16.0},{"not_picked":["Flying Knee","Flechettes"],"picked":"Leg Sweep","floor":18.0},{"not_picked":["Riddle With Holes","Heel Hook"],"picked":"Dagger Spray","floor":19.0},{"not_picked":["Dagger Throw","Dagger Spray"],"picked":"Dodge and Roll+1","floor":25},{"not_picked":["Heel Hook","Outmaneuver"],"picked":"Poisoned Stab","floor":28},{"not_picked":["Outmaneuver","Well Laid Plans+1"],"picked":"Flying Knee","floor":30},{"not_picked":["Malaise","Venomology"],"picked":"Adrenaline","floor":33},{"not_picked":["Outmaneuver","Riddle With Holes+1"],"picked":"Prepared+1","floor":35},{"not_picked":["Mind Blast","Dark Shackles"],"picked":"Deep Breath","floor":41},{"not_picked":["Acrobatics","Bullet Time"],"picked":"Endless Agony+1","floor":42},{"not_picked":["Dagger Throw","Escape Plan+1"],"picked":"Footwork+1","floor":44},{"not_picked":["Deadly Poison","Flying Knee+1"],"picked":"Noxious Fumes+1","floor":48}],"player_experience":51092,"relics_obtained":[{"floor":6.0,"key":"Bronze Scales"},{"floor":9.0,"key":"Regal Pillow"},{"floor":13.0,"key":"Vajra"},{"floor":25,"key":"Mercury Hourglass"},{"floor":26,"key":"Pantograph"},{"floor":29,"key":"Meat on the Bone"},{"floor":30,"key":"Ancient Tea Set"},{"floor":39,"key":"Juzu Bracelet"},{"floor":42,"key":"Orichalcum"},{"floor":43,"key":"Pear"}],"event_choices":[{"cards_removed":["Shame"],"damage_healed":0.0,"max_hp_gain":0.0,"max_hp_loss":0.0,"gold_gain":0.0,"event_name":"Golden Wing","player_choice":"Card Removal","floor":2.0,"gold_loss":0.0,"damage_taken":7.0},{"damage_healed":17.0,"max_hp_gain":0.0,"max_hp_loss":0.0,"gold_gain":0.0,"event_name":"The Cleric","player_choice":"Healed","floor":11.0,"gold_loss":35.0,"damage_taken":0.0},{"damage_healed":0.0,"max_hp_gain":0.0,"max_hp_loss":0.0,"gold_gain":0.0,"cards_transformed":["Prepared"],"event_name":"Transmorgrifier","player_choice":"Transformed","floor":21.0,"gold_loss":0.0,"damage_taken":0.0,"cards_obtained":["Blade Dance"]},{"damage_healed":0,"gold_gain":0,"player_choice":"Simplicity","damage_taken":0,"max_hp_gain":0,"max_hp_loss":0,"event_name":"Back to Basics","floor":31,"gold_loss":0,"cards_upgraded":["Defend_G","Defend_G","Defend_G","Defend_G","Defend_G","Strike_G","Strike_G","Strike_G","Strike_G","Strike_G"]},{"cards_removed":["Poisoned Stab"],"damage_healed":0,"gold_gain":0,"player_choice":"Removed Attack","damage_taken":0,"max_hp_gain":0,"max_hp_loss":0,"event_name":"Falling","floor":36,"gold_loss":0},{"damage_healed":0,"gold_gain":0,"player_choice":"Paid","damage_taken":0,"relics_obtained":["Red Mask"],"max_hp_gain":0,"max_hp_loss":0,"event_name":"Tomb of Lord Red Mask","floor":38,"gold_loss":78},{"damage_healed":0,"gold_gain":0,"player_choice":"Memory 1","damage_taken":0,"max_hp_gain":0,"max_hp_loss":0,"event_name":"SensoryStone","floor":41,"gold_loss":0},{"damage_healed":20,"gold_gain":0,"player_choice":"Writhe","damage_taken":0,"max_hp_gain":0,"max_hp_loss":0,"event_name":"Winding Halls","floor":45,"gold_loss":0,"cards_obtained":["Writhe"]},{"cards_removed":["Writhe"],"damage_healed":0,"gold_gain":0,"player_choice":"Purged","damage_taken":0,"max_hp_gain":0,"max_hp_loss":0,"event_name":"Purifier","floor":46,"gold_loss":0}],"is_beta":false,"boss_relics":[{"not_picked":["HoveringKite","Black Star"],"picked":"Lizard Tail"},{"not_picked":["Fusion Hammer","Busted Crown","Empty Cage"]}],"items_purged_floors":[],"is_endless":false,"potions_floor_spawned":[4,7,13,14,16,19,28,33,42],"killed_by":"Donu and Deca","ascension_level":0}