{"gold_per_floor":[110,35,35,50,60,92,92,113,138,151,151,166,194,23,23,124,124,141,161,171,46,58,58,86,86,162,162,178,178,212,12,12,112,112,129,129,143,160,17,17,44,44,93,93,93,125,144,154,154,154],"floor_reached":51,"playtime":2637,"items_purged":["Defend_B","Strike_B","Strike_B","Strike_B"],"score":830,"play_id":"5870c71f-c1bd-444e-a59f-a69fb84c1ccd","local_time":"20190301130248","is_ascension_mode":false,"campfire_choices":[{"data":"Zap","floor":7,"key":"SMITH"},{"data":"Loop","floor":15,"key":"SMITH"},{"data":"Fusion","floor":23,"key":"SMITH"},{"floor":27,"key":"REST"},{"data":"Capacitor","floor":29,"key":"SMITH"},{"floor":32,"key":"REST"},{"floor":40,"key":"REST"},{"data":"Biased Cognition","floor":45,"key":"SMITH"},{"floor":49,"key":"REST"}],"neow_cost":"TEN_PERCENT_HP_LOSS","seed_source_timestamp":127491771628286,"circlet_count":0,"master_deck":["Defend_B","Defend_B+1","Zap+1","Dualcast","Core Surge","BootSequence","Capacitor+1","Sweeping Beam","Multi-Cast","Darkness+1","Fusion+1","Compile Driver","Loop+1","Biased Cognition+1","Go for the Eyes","Chill","Aggregate","Hologram+1","Turbo+1","Conserve Battery+1","Rainbow","Reinforced Body+1","Blizzard+1","Sunder+1","Capacitor+1","Reprogram+1","Conserve Battery+1","Chaos+1","Coolheaded","Go for the Eyes+1"],"relics":["Cracked Core","DataDisk","Odd Mushroom","Regal Pillow","WingedGreaves","Runic Pyramid","Blue Candle","Bottled Flame","Astrolabe","Oddly Smooth Stone","Art of War","War Paint"],"potions_floor_usage":[13,16,24,24,24,30,46,46],"damage_taken":[{"damage":0,"enemies":"Small Slimes","floor":1,"turns":2},{"damage":0,"enemies":"Cultist","floor":4,"turns":3},{"damage":0,"enemies":"2 Louse","floor":5,"turns":2},{"damage":16,"enemies":"Lagavulin","floor":6,"turns":6},{"damage":0,"enemies":"The Mushroom Lair","floor":8,"turns":2},{"damage":0,"enemies":"Lots of Slimes","floor":10,"turns":2},{"damage":0,"enemies":"2 Fungi Beasts","floor":12,"turns":2},{"damage":5,"enemies":"3 Sentries","floor":13,"turns":4},{"damage":35,"enemies":"The Guardian","floor":16,"turns":5},{"damage":14,"enemies":"Chosen","floor":18,"turns":6},{"damage":0,"enemies":"Spheric Guardian","floor":19,"turns":3},{"damage":4,"enemies":"Cultist and Chosen","floor":20,"turns":6},{"damage":4,"enemies":"Snecko","floor":22,"turns":4},{"damage":31,"enemies":"Slavers","floor":24,"turns":5},{"damage":7,"enemies":"3 Cultists","floor":28,"turns":5},{"damage":14,"enemies":"Book of Stabbing","floor":30,"turns":4},{"damage":13,"enemies":"Champ","floor":33,"turns":6},{"damage":0,"enemies":"Orb Walker","floor":35,"turns":3},{"damage":19,"enemies":"3 Darklings","floor":37,"turns":5},{"damage":10,"enemies":"Spire Growth","floor":38,"turns":6},{"damage":0,"enemies":"Giant Head","floor":41,"turns":5},{"damage":0,"enemies":"Reptomancer","floor":46,"turns":8},{"damage":33,"enemies":"Jaw Worm Horde","floor":47,"turns":4},{"damage":0,"enemies":"3 Darklings","floor":48,"turns":5},{"damage":19,"enemies":"Time Eater","floor":50,"turns":9}],"seed_played":"-7629809426905097506","potions_obtained":[{"floor":5,"key":"Swift Potion"},{"floor":10,"key":"LiquidBronze"},{"floor":12,"key":"SkillPotion"},{"floor":19,"key":"Poison Potion"},{"floor":20,"key":"PowerPotion"},{"floor":28,"key":"LiquidBronze"},{"floor":30,"key":"PowerPotion"},{"floor":37,"key":"Energy Potion"},{"floor":41,"key":"Energy Potion"},{"floor":47,"key":"Energy Potion"}],"is_trial":false,"path_per_floor":["M","$","?","M","M","E","R","?","T","M","?","M","E","$","R","B",null,"M","M","M","$","M","R","E","?","T","R","M","R","E","$","R","B",null,"M","?","M","M","$","R","E","$","T","?","R","E","M","M","R","B",null],"character_chosen":"DEFECT","items_purchased":["Loop","Conserve Battery","Oddly Smooth Stone"],"campfire_rested":4,"item_purchase_floors":[14,31,39],"current_hp_per_floor":[68,68,68,68,68,52,52,52,52,52,52,52,47,47,47,12,68,54,54,50,50,46,46,15,15,15,50,43,43,29,29,64,51,68,68,68,49,39,39,68,68,68,68,65,65,65,32,32,65,46],"gold":154,"neow_bonus":"THREE_RARE_CARDS","is_prod":false,"is_daily":false,"chose_seed":false,"campfire_upgraded":5,"win_rate":0,"timestamp":1551445368,"path_taken":["M","$","?","M","?","E","R","?","T","M","?","M","E","$","R","BOSS","M","M","?","$","M","R","E","?","T","R","M","R","E","$","R","BOSS","M","?","M","M","$","R","E","?","T","?","R","E","M","?","R","BOSS"],"build_version":"2019-02-06","purchased_purges":4,"victory":true,"max_hp_per_floor":[68,68,68,68,68,68,68,68,68,68,68,68,68,68,68,68,68,68,68,68,68,68,68,68,68,68,68,68,68,68,68,68,68,68,68,68,68,68,68,68,68,68,68,65,65,65,65,65,65,65],"card_choices":[{"not_picked":["Hyperbeam","Amplify"],"picked":"Core Surge","floor":0},{"not_picked":["Cold Snap","Streamline"],"picked":"BootSequence","floor":1},{"not_picked":["Hello World","Beam Cell"],"picked":"Sweeping Beam","floor":4},{"not_picked":["Go for the Eyes","Coolheaded"],"picked":"Doom and Gloom","floor":5},{"not_picked":["Blizzard","Barrage"],"picked":"Multi-Cast","floor":6},{"not_picked":["Capacitor","Reprogram"],"picked":"Darkness","floor":8},{"not_picked":["Doom and Gloom","Beam Cell","Blizzard"],"picked":"SKIP","floor":10},{"not_picked":["Compile Driver","White Noise"],"picked":"Fusion","floor":12},{"not_picked":["FTL","Melter"],"picked":"Compile Driver","floor":13},{"not_picked":["Amplify","Meteor Strike"],"picked":"Biased Cognition","floor":16},{"not_picked":["Rebound","Barrage+1"],"picked":"Go for the Eyes","floor":18},{"not_picked":["White Noise","Leap"],"picked":"Chill","floor":19},{"not_picked":["Loop","Conserve Battery"],"picked":"Aggregate","floor":20},{"not_picked":["Static Discharge","Cold Snap"],"picked":"Hologram+1","floor":22},{"not_picked":["Creative AI","Stack","Blizzard"],"picked":"SKIP","floor":24},{"not_picked":["Scrape","Sweeping Beam"],"picked":"Turbo+1","floor":28},{"not_picked":["Undo","Tempest","Redo"],"picked":"SKIP","floor":30},{"not_picked":["Biased Cognition","Multi-Cast"],"picked":"Rainbow","floor":33},{"not_picked":["Self Repair","Storm","Sweeping Beam"],"picked":"SKIP","floor":35},{"not_picked":["Melter","Loop+1"],"picked":"Reprogram+1","floor":37},{"not_picked":["Sunder","Beam Cell+1"],"picked":"Conserve Battery+1","floor":38},{"not_picked":["Lockon","Skim","Redo"],"picked":"SKIP","floor":41},{"not_picked":["Hello World","Biased Cognition"],"picked":"Chaos+1","floor":46},{"not_picked":["Go for the Eyes","Double Energy+1"],"picked":"Coolheaded","floor":47},{"not_picked":["Rebound+1","Streamline+1"],"picked":"Go for the Eyes+1","floor":48}],"player_experience":980985,"relics_obtained":[{"floor":6,"key":"DataDisk"},{"floor":8,"key":"Odd Mushroom"},{"floor":9,"key":"Regal Pillow"},{"floor":13,"key":"WingedGreaves"},{"floor":24,"key":"Blue Candle"},{"floor":26,"key":"Bottled Flame"},{"floor":41,"key":"Art of War"},{"floor":46,"key":"War Paint"}],"event_choices":[{"damage_healed":0,"gold_gain":0,"player_choice":"1 cards matched","damage_taken":0,"max_hp_gain":0,"max_hp_loss":0,"event_name":"Match and Keep!","floor":3,"gold_loss":0,"cards_obtained":["Capacitor"]},{"damage_healed":0,"gold_gain":0,"player_choice":"Fought Mushrooms","damage_taken":0,"max_hp_gain":0,"max_hp_loss":0,"event_name":"Mushrooms","floor":8,"gold_loss":0},{"damage_healed":0,"gold_gain":0,"player_choice":"Upgraded","damage_taken":0,"max_hp_gain":0,"max_hp_loss":0,"event_name":"Upgrade Shrine","floor":11,"gold_loss":0,"cards_upgraded":["Darkness"]},{"damage_healed":0,"gold_gain":0,"player_choice":"Ignored","damage_taken":0,"max_hp_gain":0,"max_hp_loss":0,"event_name":"Cursed Tome","floor":25,"gold_loss":0},{"damage_healed":0,"gold_gain":0,"player_choice":"Copied","damage_taken":0,"max_hp_gain":0,"max_hp_loss":0,"event_name":"Duplicator","floor":36,"gold_loss":0,"cards_obtained":["Capacitor"]},{"damage_healed":0,"gold_gain":0,"player_choice":"Max HP","damage_taken":0,"max_hp_gain":0,"max_hp_loss":3,"event_name":"Winding Halls","floor":44,"gold_loss":0}],"is_beta":true,"boss_relics":[{"not_picked":["Snecko Eye","Pandora\u0027s Box"],"picked":"Runic Pyramid"},{"not_picked":["Black Star","Calling Bell"],"picked":"Astrolabe"}],"items_purged_floors":[2,14,21,31],"is_endless":false,"potions_floor_spawned":[5,10,12,19,20,28,30,37,41,47],"ascension_level":0}