{"path_per_floor":["M","?","M","M","M","E","R","E","T","M","E","R","E","?","R","B",null,"M","M","?","M","?","R","E","R","T","E","?"],"character_chosen":"THE_SILENT","items_purchased":[],"gold_per_floor":[111,111,127,143,157,185,185,210,210,230,257,257,291,291,291,390,390,404,423,423,433,383,383,414,414,414,446,474,474],"floor_reached":29,"campfire_rested":5,"playtime":1727,"item_purchase_floors":[],"current_hp_per_floor":[69,69,65,65,65,34,55,41,41,38,12,33,1,1,22,7,70,68,53,53,33,33,54,23,46,46,6,6,0],"items_purged":[],"gold":474,"score":320,"play_id":"99b3956d-ed1b-4f4b-9b40-ce46ef5ddc18","local_time":"20180616212202","is_prod":false,"is_daily":false,"chose_seed":false,"is_ascension_mode":true,"campfire_upgraded":0,"win_rate":0,"timestamp":1529194922,"campfire_choices":[{"floor":7,"key":"REST"},{"floor":12,"key":"REST"},{"floor":15,"key":"REST"},{"floor":23,"key":"REST"},{"floor":25,"key":"REST"}],"path_taken":["M","?","M","M","?","E","R","E","T","M","E","R","E","?","R","BOSS","M","M","?","?","?","R","E","R","T","E","?","E"],"build_version":"2018-06-14v2","seed_source_timestamp":254700194463840,"purchased_purges":0,"victory":false,"master_deck":["Defend_G","Defend_G","Defend_G","Defend_G","Defend_G","Strike_G","Strike_G","Strike_G","Strike_G","Strike_G","Survivor","Neutralize","Deadly Poison","Poisoned Stab","Caltrops","Prepared","Poisoned Stab","Dash","Bane","Night Terror","All Out Attack","Adrenaline","Regret","Corpse Explosion","Finisher+1","Poisoned Stab","Noxious Fumes","All Out Attack","Escape Plan","All Out Attack","Backflip"],"max_hp_per_floor":[70,70,70,70,70,70,70,70,70,70,70,70,70,70,70,70,70,70,70,70,70,70,70,77,77,77,77,77,77],"relics":["Ring of the Snake","Snake Skull","Ginger","Du-Vu Doll","Turnip","Lantern","Runic Dome","Strawberry","Kunai","Dream Catcher","Red Mask"],"card_choices":[{"not_picked":["Deflect","Flying Knee"],"picked":"Deadly Poison","floor":1},{"not_picked":["Reflex","Outmaneuver"],"picked":"Poisoned Stab","floor":3},{"not_picked":["Flying Knee","Prepared"],"picked":"Caltrops","floor":4},{"not_picked":["A Thousand Cuts","Dagger Spray"],"picked":"Prepared","floor":5},{"not_picked":["Dagger Spray","Quick Slash"],"picked":"Poisoned Stab","floor":6},{"not_picked":["Glass Knife","Skewer"],"picked":"Dash","floor":8},{"not_picked":["Dagger Throw","Slice"],"picked":"Bane","floor":10},{"not_picked":["Prepared","Cloak And Dagger"],"picked":"Night Terror","floor":11},{"not_picked":["Prepared","Outmaneuver"],"picked":"All Out Attack","floor":13},{"not_picked":["Unload","Die Die Die"],"picked":"Corpse Explosion","floor":16},{"not_picked":["Cloak And Dagger","Quick Slash"],"picked":"Finisher+1","floor":18},{"not_picked":["Backflip","All Out Attack"],"picked":"Poisoned Stab","floor":19},{"not_picked":["Leg Sweep","Venomology"],"picked":"All Out Attack","floor":21},{"not_picked":["Setup+1","Expertise"],"picked":"Escape Plan","floor":24},{"not_picked":["Prepared","Quick Slash"],"picked":"All Out Attack","floor":27},{"not_picked":["Sucker Punch","PiercingWail"],"picked":"Backflip","floor":28}],"player_experience":339260,"potions_floor_usage":[8,11,13,13,18,21,29],"damage_taken":[{"damage":1,"enemies":"Jaw Worm","floor":1,"turns":7},{"damage":4,"enemies":"Small Slimes","floor":3,"turns":3},{"damage":0,"enemies":"Cultist","floor":4,"turns":3},{"damage":0,"enemies":"Exordium Wildlife","floor":5,"turns":5},{"damage":31,"enemies":"Gremlin Nob","floor":6,"turns":5},{"damage":14,"enemies":"3 Sentries","floor":8,"turns":8},{"damage":3,"enemies":"Red Slaver","floor":10,"turns":4},{"damage":26,"enemies":"Lagavulin","floor":11,"turns":7},{"damage":32,"enemies":"Gremlin Nob","floor":13,"turns":4},{"damage":15,"enemies":"Hexaghost","floor":16,"turns":7},{"damage":2,"enemies":"Chosen","floor":18,"turns":4},{"damage":15,"enemies":"Spheric Guardian","floor":19,"turns":4},{"damage":20,"enemies":"Centurion and Healer","floor":21,"turns":3},{"damage":38,"enemies":"Book of Stabbing","floor":24,"turns":5},{"damage":40,"enemies":"Slavers","floor":27,"turns":5},{"damage":0,"floor":28,"turns":2},{"damage":6,"enemies":"Gremlin Leader","floor":29,"turns":1}],"relics_obtained":[{"floor":6,"key":"Snake Skull"},{"floor":8,"key":"Ginger"},{"floor":9,"key":"Du-Vu Doll"},{"floor":11,"key":"Turnip"},{"floor":13,"key":"Lantern"},{"floor":24,"key":"Strawberry"},{"floor":26,"key":"Kunai"},{"floor":27,"key":"Dream Catcher"},{"floor":28,"key":"Red Mask"}],"event_choices":[{"event_name":"The Cleric","player_choice":"Leave","floor":2,"damage_taken":0},{"event_name":"Match and Keep!","player_choice":"2 cards matched","floor":14,"damage_taken":0},{"event_name":"The Library","player_choice":"Read","floor":20,"damage_taken":0},{"event_name":"The Joust","player_choice":"Bet on Owner","floor":22,"damage_taken":0},{"event_name":"Masked Bandits","player_choice":"Fought over 446 gold","floor":28,"damage_taken":0}],"boss_relics":[{"not_picked":["Eternal Feather","Snecko Eye"],"picked":"Runic Dome"}],"items_purged_floors":[],"is_endless":false,"potions_floor_spawned":[3,4,6,11,13,16,18,19,28],"seed_played":"817668036957326690","killed_by":"Gremlin Leader","ascension_level":2,"potions_obtained":[{"floor":3,"key":"LiquidBronze"},{"floor":4,"key":"GhostInAJar"},{"floor":6,"key":"Block Potion"},{"floor":11,"key":"AttackPotion"},{"floor":13,"key":"GamblersBrew"},{"floor":16,"key":"Poison Potion"},{"floor":18,"key":"Strength Potion"},{"floor":19,"key":"Fire Potion"},{"floor":28,"key":"SpeedPotion"}],"is_trial":false}