{"gold_per_floor":[115,115,115,61,81,81,125,125,173,194,210,210,248,248,248,369,369,387,411,411,411,425,425,346,365,413,413,413,456,468,480,492,607,669,698,810,840,746,768,780,808,820],"floor_reached":42,"playtime":1556,"items_purged":[],"score":549,"play_id":"3fe6af71-072c-4e0e-b75a-fe17b69bef85","local_time":"20190404085439","is_ascension_mode":false,"campfire_choices":[{"data":"Zap","floor":6,"key":"SMITH"},{"data":"Streamline","floor":8,"key":"SMITH"},{"floor":12,"key":"REST"},{"data":"Gash","floor":15,"key":"SMITH"},{"floor":23,"key":"REST"},{"floor":28,"key":"REST"},{"data":"Cold Snap","floor":30,"key":"SMITH"},{"floor":32,"key":"REST"},{"data":"Storm","floor":40,"key":"SMITH"}],"neow_cost":"NONE","seed_source_timestamp":1031901198332600,"circlet_count":0,"master_deck":["Defend_B","Defend_B","Defend_B+1","Defend_B","Zap+1","Dualcast","Streamline+1","Injury","Beam Cell+1","Cold Snap+1","Self Repair","Go for the Eyes","Gash+1","Loop","All For One+1","Gash+1","Sweeping Beam+1","Coolheaded","Steam","Steam Power","Go for the Eyes+1","Gash+1","Bite+1","Bite+1","Bite+1","Bite+1","Bite+1","White Noise+1","FTL+1","Beam Cell+1","Leap+1","Hyperbeam+1","Compile Driver+1","Gash+1","Gash+1","Storm+1","Go for the Eyes+1","Scrape+1"],"relics":["Cracked Core","Bloody Idol","StoneCalendar","Whetstone","Molten Egg 2","Orrery","Blood Vial","MutagenicStrength","MawBank","Tiny House","Turnip","Dream Catcher"],"potions_floor_usage":[7,11,13,16,16,16,21,22,33,39,39,41],"damage_taken":[{"damage":6,"enemies":"Jaw Worm","floor":1,"turns":3},{"damage":2,"enemies":"Small Slimes","floor":5,"turns":3},{"damage":14,"enemies":"3 Sentries","floor":7,"turns":8},{"damage":4,"enemies":"2 Louse","floor":10,"turns":2},{"damage":7,"enemies":"2 Fungi Beasts","floor":11,"turns":3},{"damage":14,"enemies":"Gremlin Nob","floor":13,"turns":3},{"damage":0,"enemies":"Slime Boss","floor":16,"turns":7},{"damage":4,"enemies":"Spheric Guardian","floor":18,"turns":3},{"damage":5,"enemies":"Chosen","floor":19,"turns":3},{"damage":26,"enemies":"Colosseum Slavers","floor":21,"turns":3},{"damage":35,"enemies":"Centurion and Healer","floor":22,"turns":4},{"damage":20,"enemies":"Chosen and Byrds","floor":25,"turns":4},{"damage":21,"enemies":"Book of Stabbing","floor":29,"turns":4},{"damage":22,"enemies":"Champ","floor":33,"turns":8},{"damage":16,"enemies":"Orb Walker","floor":35,"turns":3},{"damage":0,"enemies":"Mind Bloom Boss Battle","floor":36,"turns":4},{"damage":24,"enemies":"3 Shapes","floor":37,"turns":3},{"damage":13,"enemies":"Writhing Mass","floor":39,"turns":4},{"damage":32,"enemies":"Sphere and 2 Shapes","floor":41,"turns":4},{"damage":82,"enemies":"Nemesis","floor":42,"turns":5}],"seed_played":"5054238288994970924","potions_obtained":[{"floor":0,"key":"EntropicBrew"},{"floor":0,"key":"GamblersBrew"},{"floor":0,"key":"PowerPotion"},{"floor":10,"key":"Swift Potion"},{"floor":19,"key":"Block Potion"},{"floor":22,"key":"FearPotion"},{"floor":29,"key":"PowerPotion"},{"floor":33,"key":"Explosive Potion"},{"floor":34,"key":"Fire Potion"}],"is_trial":false,"path_per_floor":["M","?","?","$","M","R","E","R","T","M","M","R","E","?","R","B",null,"M","M","?","?","M","R","$","M","T","?","R","E","R","?","R","B",null,"M","?","M","?","M","R","M","E"],"character_chosen":"DEFECT","items_purchased":["Beam Cell","FTL+1"],"campfire_rested":4,"item_purchase_floors":[4,24],"current_hp_per_floor":[69,69,69,69,67,67,53,53,53,56,56,75,68,68,68,75,75,75,75,52,36,13,28,28,27,27,27,42,32,32,32,52,52,57,53,57,41,46,57,57,49,0],"gold":820,"neow_bonus":"THREE_SMALL_POTIONS","is_prod":false,"is_daily":false,"chose_seed":false,"campfire_upgraded":5,"win_rate":0.0,"timestamp":1554382479,"path_taken":["M","?","?","?","M","R","E","R","T","M","?","R","E","?","R","BOSS","M","M","?","?","M","R","$","M","T","?","R","E","R","?","R","BOSS","M","?","M","?","?","R","M","E"],"build_version":"2019-01-23","purchased_purges":0,"victory":false,"max_hp_per_floor":[75,75,75,75,75,75,75,75,75,75,75,75,75,75,75,75,75,75,75,52,52,52,52,52,52,52,52,52,52,52,52,52,52,57,57,57,57,57,57,57,57,57],"card_choices":[{"not_picked":["Rebound","Beam Cell"],"picked":"Streamline","floor":1},{"not_picked":["Skim","Compile Driver"],"picked":"Cold Snap","floor":5},{"not_picked":["Genetic Algorithm","Beam Cell"],"picked":"Self Repair","floor":7},{"not_picked":["Sunder","Blizzard"],"picked":"Go for the Eyes","floor":10},{"not_picked":["Core Surge","Barrage"],"picked":"Gash","floor":11},{"not_picked":["Hologram","Meteor Strike"],"picked":"Loop","floor":13},{"not_picked":["Amplify","Rainbow"],"picked":"All For One+1","floor":16},{"not_picked":["Barrage+1","Ball Lightning+1"],"picked":"Gash+1","floor":17},{"not_picked":["Sunder+1","Tempest"],"picked":"Sweeping Beam+1","floor":17},{"not_picked":["Loop","Skim"],"picked":"Coolheaded","floor":17},{"not_picked":["Chill","Rebound+1"],"picked":"Steam","floor":17},{"not_picked":["Hologram","Reinforced Body"],"picked":"Steam Power","floor":17},{"not_picked":["Tempest+1","Streamline+1"],"picked":"Go for the Eyes+1","floor":18},{"not_picked":["Machine Learning","Stack"],"picked":"Gash+1","floor":19},{"not_picked":["Turbo","Sweeping Beam+1"],"picked":"White Noise+1","floor":22},{"not_picked":["Darkness+1","Sweeping Beam+1"],"picked":"Beam Cell+1","floor":25},{"not_picked":["Beam Cell+1","Cold Snap+1"],"picked":"Leap+1","floor":29},{"not_picked":["Reboot","Rainbow"],"picked":"Hyperbeam+1","floor":33},{"not_picked":["Go for the Eyes+1","Chill"],"picked":"Compile Driver+1","floor":34},{"not_picked":["Steam Power+1","Turbo+1"],"picked":"Gash+1","floor":35},{"not_picked":["Reinforced Body","Sunder+1"],"picked":"Gash+1","floor":36},{"not_picked":["Streamline+1","Rebound+1"],"picked":"Storm","floor":37},{"not_picked":["Chaos+1","Beam Cell+1"],"picked":"Go for the Eyes+1","floor":39},{"not_picked":["Rebound+1","Conserve Battery"],"picked":"Scrape+1","floor":41}],"player_experience":67547,"relics_obtained":[{"floor":7,"key":"StoneCalendar"},{"floor":9,"key":"Whetstone"},{"floor":13,"key":"Molten Egg 2"},{"floor":26,"key":"Blood Vial"},{"floor":29,"key":"MawBank"},{"floor":36,"key":"Turnip"}],"event_choices":[{"damage_healed":0,"gold_gain":0,"player_choice":"Leave","damage_taken":0,"max_hp_gain":0,"max_hp_loss":0,"event_name":"The Cleric","floor":2,"gold_loss":0},{"damage_healed":0,"gold_gain":0,"player_choice":"Take Wound","damage_taken":0,"relics_obtained":["Golden Idol"],"max_hp_gain":0,"max_hp_loss":0,"event_name":"Golden Idol","floor":3,"gold_loss":0,"cards_obtained":["Injury"]},{"damage_healed":0,"gold_gain":0,"player_choice":"Ignored","damage_taken":0,"max_hp_gain":0,"max_hp_loss":0,"event_name":"Liars Game","floor":14,"gold_loss":0},{"damage_healed":0,"gold_gain":0,"player_choice":"Became a vampire","damage_taken":0,"max_hp_gain":0,"max_hp_loss":23,"event_name":"Vampires","floor":20,"gold_loss":0,"cards_obtained":["Bite","Bite","Bite","Bite","Bite"]},{"damage_healed":0,"gold_gain":0,"player_choice":"Fight","damage_taken":0,"max_hp_gain":0,"max_hp_loss":0,"event_name":"Colosseum","floor":21,"gold_loss":0},{"damage_healed":0,"gold_gain":0,"player_choice":"Fled From Nobs","damage_taken":0,"max_hp_gain":0,"max_hp_loss":0,"event_name":"Colosseum","floor":21,"gold_loss":0},{"damage_healed":0,"gold_gain":0,"player_choice":"Inject Mutagens","damage_taken":0,"relics_obtained":["MutagenicStrength"],"max_hp_gain":0,"max_hp_loss":0,"event_name":"Drug Dealer","floor":27,"gold_loss":0},{"damage_healed":0,"gold_gain":0,"player_choice":"Gave Idol","damage_taken":0,"relics_obtained":["Bloody Idol"],"max_hp_gain":0,"max_hp_loss":0,"event_name":"Forgotten Altar","floor":31,"relics_lost":["Golden Idol"],"gold_loss":0},{"damage_healed":0,"gold_gain":0,"player_choice":"Fight","damage_taken":0,"max_hp_gain":0,"max_hp_loss":0,"event_name":"MindBloom","floor":36,"gold_loss":0},{"damage_healed":0,"gold_gain":0,"player_choice":"Paid Gold","damage_taken":0,"relics_obtained":["Dream Catcher"],"max_hp_gain":0,"max_hp_loss":0,"event_name":"WeMeetAgain","floor":38,"gold_loss":106}],"is_beta":false,"boss_relics":[{"not_picked":["Velvet Choker","Eternal Feather"],"picked":"Orrery"},{"not_picked":["Lizard Tail","Runic Pyramid"],"picked":"Tiny House"}],"items_purged_floors":[],"is_endless":false,"potions_floor_spawned":[5,10,19,21,22,29,33,36,37],"killed_by":"Nemesis","ascension_level":0}