{"gold_per_floor":[111,130,140,158,158,158,191,191,191,141,141,156,185,36,36,140,140,159,177,177,177,177,177,190,190,190,200,200,200,217,230,230,327,327,345,345,170,270,270,270,303,322,322,338,353,74,74,91,91,91],"floor_reached":51,"playtime":1964,"items_purged":["Strike_B","Writhe","Strike_B"],"score":737,"play_id":"a4c6cf31-01b3-4efd-9aed-808266afde6e","local_time":"20190508100256","is_ascension_mode":false,"campfire_choices":[{"data":"Hologram","floor":6,"key":"SMITH"},{"data":"Dualcast","floor":8,"key":"SMITH"},{"data":"Multi-Cast","floor":11,"key":"SMITH"},{"data":"Tempest","floor":15,"key":"SMITH"},{"data":"Multi-Cast","floor":23,"key":"SMITH"},{"data":"Multi-Cast","floor":25,"key":"SMITH"},{"data":"Consume","floor":29,"key":"SMITH"},{"data":"Chaos","floor":32,"key":"SMITH"},{"data":"Multi-Cast","floor":40,"key":"SMITH"},{"floor":49,"key":"REST"}],"neow_cost":"NONE","seed_source_timestamp":1058374354398,"circlet_count":0,"master_deck":["Defend_B","Defend_B","Defend_B","Zap+1","Dualcast+1","Coolheaded","Hologram+1","Ball Lightning","Multi-Cast+1","White Noise","Multi-Cast+1","Tempest+1","Multi-Cast+1","Ball Lightning+1","Cold Snap","Skim","Electrodynamics","Consume+1","Chaos+1","Ball Lightning","Glacier","Lockon+1","Multi-Cast+1","Ball Lightning+1","Aggregate","Reprogram+1","Hologram+1","Steam+1","Steam+1","Reinforced Body+1","Reinforced Body","Self Repair"],"relics":["Cracked Core","Orichalcum","Regal Pillow","Question Card","Ice Cream","Runic Dome","Oddly Smooth Stone","Inserter","Dead Branch","Ancient Tea Set","Shuriken"],"potions_floor_usage":[12,16,33,50,50,50],"damage_taken":[{"damage":1,"enemies":"Jaw Worm","floor":1,"turns":3},{"damage":0,"enemies":"Small Slimes","floor":2,"turns":3},{"damage":2,"enemies":"2 Louse","floor":3,"turns":3},{"damage":4,"enemies":"Looter","floor":4,"turns":4},{"damage":16,"enemies":"Lagavulin","floor":7,"turns":8},{"damage":0,"enemies":"Large Slime","floor":12,"turns":5},{"damage":18,"enemies":"Gremlin Nob","floor":13,"turns":4},{"damage":18,"enemies":"Hexaghost","floor":16,"turns":8},{"damage":0,"enemies":"Spheric Guardian","floor":18,"turns":3},{"damage":0,"enemies":"Chosen","floor":19,"turns":4},{"damage":23,"enemies":"Snake Plant","floor":24,"turns":3},{"damage":5,"enemies":"Cultist and Chosen","floor":27,"turns":3},{"damage":6,"enemies":"Centurion and Healer","floor":30,"turns":3},{"damage":0,"enemies":"3 Cultists","floor":31,"turns":2},{"damage":8,"enemies":"Collector","floor":33,"turns":6},{"damage":29,"enemies":"3 Darklings","floor":35,"turns":3},{"damage":16,"enemies":"Mind Bloom Boss Battle","floor":38,"turns":6},{"damage":31,"enemies":"Giant Head","floor":41,"turns":9},{"damage":0,"enemies":"3 Shapes","floor":42,"turns":2},{"damage":11,"enemies":"3 Darklings","floor":44,"turns":2},{"damage":0,"enemies":"Transient","floor":45,"turns":5},{"damage":0,"enemies":"Sphere and 2 Shapes","floor":48,"turns":2},{"damage":25,"enemies":"Time Eater","floor":50,"turns":8}],"seed_played":"8873809721424219818","potions_obtained":[{"floor":7,"key":"Block Potion"},{"floor":12,"key":"LiquidBronze"},{"floor":16,"key":"PowerPotion"},{"floor":19,"key":"Dexterity Potion"},{"floor":31,"key":"FocusPotion"},{"floor":35,"key":"SteroidPotion"},{"floor":44,"key":"Strength Potion"},{"floor":45,"key":"FocusPotion"}],"is_trial":false,"path_per_floor":["M","M","M","M","?","R","E","R","T","?","R","M","E","$","R","B",null,"M","M","?","?","$","R","M","R","T","M","?","R","M","M","R","B",null,"M","?","$","?","?","R","E","M","T","M","M","$","?","M","R","B",null],"character_chosen":"DEFECT","items_purchased":["Tempest","Aggregate","Reinforced Body","Self Repair"],"campfire_rested":1,"item_purchase_floors":[14,37,46,46],"current_hp_per_floor":[74,74,72,68,68,68,52,52,52,52,52,52,34,34,34,16,75,75,75,75,75,75,75,52,52,52,47,47,47,41,41,41,33,75,46,65,65,49,49,49,18,18,18,7,7,7,7,7,44,19],"gold":91,"neow_bonus":"RANDOM_COMMON_RELIC","is_prod":false,"is_daily":false,"chose_seed":false,"campfire_upgraded":9,"win_rate":0,"timestamp":1557331376,"path_taken":["M","M","M","M","?","R","E","R","T","?","R","M","E","$","R","BOSS","M","M","?","?","$","R","M","R","T","M","?","R","M","M","R","BOSS","M","?","$","?","?","R","E","M","T","M","M","$","?","M","R","BOSS"],"build_version":"2019-01-23","purchased_purges":3,"victory":true,"max_hp_per_floor":[75,75,75,75,75,75,75,75,75,75,75,75,75,75,75,75,75,75,75,75,75,75,75,75,75,75,75,75,75,75,75,75,75,75,75,75,75,75,75,75,75,75,75,75,75,75,75,75,75,75],"card_choices":[{"not_picked":["Barrage","Sweeping Beam"],"picked":"Coolheaded","floor":1},{"not_picked":["Go for the Eyes","Self Repair"],"picked":"Hologram","floor":2},{"not_picked":["Gash","Sweeping Beam"],"picked":"Capacitor","floor":3},{"not_picked":["Sweeping Beam","Hello World"],"picked":"Ball Lightning","floor":4},{"not_picked":["White Noise","Darkness"],"picked":"Multi-Cast","floor":7},{"not_picked":["Barrage","Turbo","Go for the Eyes"],"picked":"White Noise","floor":12},{"not_picked":["Go for the Eyes","Beam Cell","Glacier"],"picked":"Multi-Cast","floor":13},{"not_picked":["Machine Learning","Hyperbeam","Buffer"],"picked":"Multi-Cast","floor":16},{"not_picked":["Cold Snap+1","Streamline","Capacitor+1"],"picked":"Ball Lightning+1","floor":18},{"not_picked":["Go for the Eyes","Force Field","Steam"],"picked":"Cold Snap","floor":19},{"not_picked":["Steam","Compile Driver+1","Aggregate+1"],"picked":"Chaos","floor":24},{"not_picked":["Blizzard","Reprogram","BootSequence"],"picked":"Ball Lightning","floor":27},{"not_picked":["FTL","Auto Shields","Heatsinks"],"picked":"Glacier","floor":30},{"not_picked":["Go for the Eyes","Sunder+1","Undo+1"],"picked":"Lockon+1","floor":31},{"not_picked":["Electrodynamics","Core Surge","Reboot"],"picked":"Multi-Cast","floor":33},{"not_picked":["Consume+1","Hologram","Redo"],"picked":"Ball Lightning+1","floor":35},{"not_picked":["Doom and Gloom+1","FTL","Compile Driver+1"],"picked":"Reprogram+1","floor":38},{"not_picked":["Rip and Tear+1","Chaos","Capacitor"],"picked":"Hologram+1","floor":41},{"not_picked":["Barrage","Melter+1","Redo"],"picked":"Steam+1","floor":42},{"not_picked":["Redo+1","Turbo+1","Chill+1"],"picked":"Steam+1","floor":44},{"not_picked":["Fusion+1","Gash","Double Energy"],"picked":"Reinforced Body+1","floor":45},{"not_picked":["Go for the Eyes","Creative AI","Compile Driver","Reprogram"],"picked":"SKIP","floor":48}],"player_experience":1383946,"relics_obtained":[{"floor":7,"key":"Regal Pillow"},{"floor":9,"key":"Question Card"},{"floor":13,"key":"Ice Cream"},{"floor":26,"key":"Oddly Smooth Stone"},{"floor":38,"key":"Dead Branch"},{"floor":41,"key":"Ancient Tea Set"},{"floor":43,"key":"Shuriken"}],"event_choices":[{"damage_healed":0,"gold_gain":0,"player_choice":"Grow","damage_taken":0,"max_hp_gain":0,"max_hp_loss":0,"event_name":"Living Wall","floor":5,"gold_loss":0,"cards_upgraded":["Zap"]},{"cards_removed":["Strike_B"],"damage_healed":0,"gold_gain":0,"player_choice":"Card Removal","damage_taken":0,"max_hp_gain":0,"max_hp_loss":0,"event_name":"The Cleric","floor":10,"gold_loss":50},{"damage_healed":0,"gold_gain":0,"cards_transformed":["Strike_B","Defend_B"],"player_choice":"Became Test Subject","damage_taken":0,"max_hp_gain":0,"max_hp_loss":0,"event_name":"Drug Dealer","floor":20,"gold_loss":0,"cards_obtained":["Skim","Electrodynamics"]},{"damage_healed":0,"gold_gain":0,"player_choice":"Read","damage_taken":0,"max_hp_gain":0,"max_hp_loss":0,"event_name":"The Library","floor":21,"gold_loss":0,"cards_obtained":["Consume"]},{"damage_healed":0,"gold_gain":0,"player_choice":"Ignored","damage_taken":0,"max_hp_gain":0,"max_hp_loss":0,"event_name":"Ghosts","floor":28,"gold_loss":0},{"damage_healed":19,"gold_gain":0,"player_choice":"Writhe","damage_taken":0,"max_hp_gain":0,"max_hp_loss":0,"event_name":"Winding Halls","floor":36,"gold_loss":0,"cards_obtained":["Writhe"]},{"damage_healed":0,"gold_gain":0,"player_choice":"Fight","damage_taken":0,"max_hp_gain":0,"max_hp_loss":0,"event_name":"MindBloom","floor":38,"gold_loss":0},{"damage_healed":0,"gold_gain":0,"player_choice":"Ignored","damage_taken":0,"max_hp_gain":0,"max_hp_loss":0,"event_name":"Tomb of Lord Red Mask","floor":39,"gold_loss":0},{"cards_removed":["Capacitor"],"damage_healed":0,"gold_gain":0,"player_choice":"Removed Power","damage_taken":0,"max_hp_gain":0,"max_hp_loss":0,"event_name":"Falling","floor":47,"gold_loss":0}],"is_beta":false,"boss_relics":[{"not_picked":["Ectoplasm","Pandora\u0027s Box"],"picked":"Runic Dome"},{"not_picked":["White Beast Statue","Black Star"],"picked":"Inserter"}],"items_purged_floors":[14,37,46],"is_endless":false,"potions_floor_spawned":[7,12,16,19,31,35,44,45],"ascension_level":0}