{"gold_per_floor":[13,13,29,48,48,112,112,141,167,167,13,13,13,13,13,90,90,101,112,112,10,30,30,59,75,100,100,110,110,10,25,25,103,103,113,113,139,139,139,139,165,165,165,77,77,77,103,117,117,117],"floor_reached":50,"playtime":4208,"items_purged":["Strike_B","Strike_B"],"score":1094,"play_id":"6ed8fbab-880e-47c0-97cd-65f483c1ab1e","local_time":"20181111115225","is_ascension_mode":true,"campfire_choices":[{"data":"Zap","floor":7,"key":"SMITH"},{"data":"Coolheaded","floor":10,"key":"SMITH"},{"data":"Loop","floor":13,"key":"SMITH"},{"data":"Darkness","floor":15,"key":"SMITH"},{"floor":23,"key":"REST"},{"floor":27,"key":"REST"},{"data":"Go for the Eyes","floor":29,"key":"SMITH"},{"data":"Hologram","floor":32,"key":"SMITH"},{"floor":40,"key":"REST"},{"floor":42,"key":"RECALL"},{"data":"Static Discharge","floor":46,"key":"SMITH"},{"floor":49,"key":"REST"}],"neow_cost":"NO_GOLD","seed_source_timestamp":1219981512831770,"circlet_count":0,"master_deck":["AscendersBane","Defend_B","Defend_B","Zap+1","Dualcast","Ball Lightning","Darkness+1","Undo","Compile Driver","Coolheaded+1","Loop+1","Echo Form","Go for the Eyes+1","Leap","FTL","Hologram+1","Ball Lightning","Core Surge","Lockon+1","Recycle+1","FTL+1","Master of Strategy","Blind","Coolheaded+1","Hologram+1","Static Discharge+1","Leap+1","Capacitor"],"relics":["Cracked Core","WingedGreaves","Dream Catcher","Tiny Chest","Pantograph","DataDisk","Nuclear Battery","Bag of Marbles","Regal Pillow","Astrolabe","Strawberry","Bottled Flame","Matryoshka","Shovel"],"potions_floor_usage":[4,6,19,25,33,50],"damage_taken":[{"damage":9,"enemies":"Jaw Worm","floor":1,"turns":4},{"damage":1,"enemies":"Cultist","floor":3,"turns":3},{"damage":6,"enemies":"2 Louse","floor":4,"turns":2},{"damage":8,"enemies":"Gremlin Nob","floor":6,"turns":3},{"damage":2,"enemies":"Lagavulin","floor":8,"turns":5},{"damage":35,"enemies":"Slime Boss","floor":16,"turns":6},{"damage":3,"enemies":"3 Byrds","floor":18,"turns":4},{"damage":15,"enemies":"Shell Parasite","floor":19,"turns":4},{"damage":26,"enemies":"Centurion and Healer","floor":22,"turns":5},{"damage":22,"enemies":"Gremlin Leader","floor":24,"turns":7},{"damage":8,"enemies":"Shelled Parasite and Fungi","floor":25,"turns":5},{"damage":8,"enemies":"3 Cultists","floor":28,"turns":4},{"damage":11,"enemies":"Centurion and Healer","floor":31,"turns":7},{"damage":1,"enemies":"Champ","floor":33,"turns":21},{"damage":25,"enemies":"3 Darklings","floor":35,"turns":5},{"damage":24,"enemies":"Giant Head","floor":41,"turns":8},{"damage":27,"enemies":"Nemesis","floor":47,"turns":11},{"damage":0,"enemies":"3 Shapes","floor":48,"turns":3},{"damage":97,"enemies":"Donu and Deca","floor":50,"turns":13}],"seed_played":"-7845571052331099370","potions_obtained":[{"floor":2,"key":"Fruit Juice"},{"floor":2,"key":"Weak Potion"},{"floor":4,"key":"AttackPotion"},{"floor":8,"key":"Block Potion"},{"floor":25,"key":"EssenceOfSteel"},{"floor":31,"key":"Swift Potion"},{"floor":33,"key":"FearPotion"}],"is_trial":false,"path_per_floor":["M","?","M","M","?","E","R","E","T","R","$","T","R","?","R","B",null,"M","M","?","$","M","R","E","M","T","R","M","R","$","M","R","B",null,"M","?","T","$","?","R","E","R","T","$","?","R","E","M","R","B"],"character_chosen":"DEFECT","items_purchased":["Loop","FTL","Hologram","Static Discharge"],"campfire_rested":4,"item_purchase_floors":[11,21,21,44],"current_hp_per_floor":[55,55,54,53,53,45,45,43,43,43,43,43,43,20,20,10,60,57,42,42,42,16,38,16,8,8,45,37,37,37,26,26,50,70,45,45,52,52,42,81,57,57,57,57,57,57,30,30,69,0],"gold":117,"neow_bonus":"ONE_RARE_RELIC","is_prod":false,"is_daily":false,"chose_seed":false,"campfire_upgraded":7,"win_rate":0,"timestamp":1541955145,"path_taken":["M","?","?","M","?","E","R","E","T","R","?","?","R","?","R","BOSS","M","M","?","$","M","R","E","M","T","R","M","R","$","M","R","BOSS","M","?","?","?","?","R","E","R","T","$","?","R","E","?","R","BOSS"],"build_version":"2018-11-08","purchased_purges":2,"victory":false,"max_hp_per_floor":[71,71,71,76,76,76,76,76,76,76,76,76,76,76,76,76,76,76,76,76,76,76,76,76,76,76,76,76,76,76,76,76,76,76,76,76,83,83,83,83,83,83,83,83,83,83,83,83,83,83],"card_choices":[{"not_picked":["Hologram","Darkness"],"picked":"Ball Lightning","floor":1},{"not_picked":["Conserve Battery","Rebound"],"picked":"Darkness","floor":3},{"not_picked":["Tempest","Coolheaded"],"picked":"Undo","floor":4},{"not_picked":["Leap","Heatsinks"],"picked":"Compile Driver","floor":6},{"not_picked":["Undo","Barrage"],"picked":"Coolheaded","floor":8},{"not_picked":["Biased Cognition","Buffer"],"picked":"Echo Form","floor":16},{"not_picked":["Skim","Aggregate"],"picked":"Go for the Eyes","floor":18},{"not_picked":["Steam Power","Undo"],"picked":"Leap","floor":19},{"not_picked":["Redo","Gash+1","Stack"],"picked":"SKIP","floor":22},{"not_picked":["Streamline","Skim"],"picked":"Ball Lightning","floor":23},{"not_picked":["Tempest+1","Steam Power","Redo"],"picked":"SKIP","floor":24},{"not_picked":["Beam Cell","White Noise","Sunder"],"picked":"SKIP","floor":25},{"not_picked":["Gash","Reprogram","Hologram"],"picked":"SKIP","floor":28},{"not_picked":["Sweeping Beam","Gash+1","Blizzard"],"picked":"SKIP","floor":31},{"not_picked":["Creative AI","Thunder Strike"],"picked":"Core Surge","floor":33},{"not_picked":["Aggregate","Steam Power","Reprogram"],"picked":"SKIP","floor":35},{"not_picked":["Aggregate","Steam Power","Reprogram"],"picked":"SKIP","floor":35},{"not_picked":["Thinking Ahead","Transmutation"],"picked":"Master of Strategy","floor":39},{"not_picked":["Trip","Panacea"],"picked":"Blind","floor":39},{"not_picked":["Ball Lightning","Chill+1"],"picked":"Coolheaded+1","floor":40},{"not_picked":["Skim+1","Hello World"],"picked":"Hologram+1","floor":41},{"not_picked":["Sunder","Rebound"],"picked":"Leap+1","floor":47},{"not_picked":["Stack","Melter+1"],"picked":"Capacitor","floor":48}],"player_experience":941259,"relics_obtained":[{"floor":5,"key":"Dream Catcher"},{"floor":6,"key":"Tiny Chest"},{"floor":8,"key":"Pantograph"},{"floor":12,"key":"DataDisk"},{"floor":24,"key":"Bag of Marbles"},{"floor":26,"key":"Regal Pillow"},{"floor":37,"key":"Strawberry"},{"floor":41,"key":"Bottled Flame"},{"floor":43,"key":"Matryoshka"},{"floor":47,"key":"Shovel"}],"event_choices":[{"damage_healed":0,"gold_gain":0,"player_choice":"Got Potions","damage_taken":0,"max_hp_gain":0,"max_hp_loss":0,"event_name":"Lab","floor":2,"gold_loss":0},{"damage_healed":0,"gold_gain":0,"player_choice":"Relic","damage_taken":0,"max_hp_gain":0,"max_hp_loss":0,"event_name":"Wheel of Change","floor":5,"gold_loss":0},{"damage_healed":0,"gold_gain":0,"player_choice":"Entered Light","damage_taken":23,"max_hp_gain":0,"max_hp_loss":0,"event_name":"Shining Light","floor":14,"gold_loss":0,"cards_upgraded":["Strike_B","Strike_B"]},{"damage_healed":0,"gold_gain":0,"player_choice":"Ignored","damage_taken":0,"max_hp_gain":0,"max_hp_loss":0,"event_name":"Cursed Tome","floor":20,"gold_loss":0},{"cards_removed":["Defend_B"],"damage_healed":0,"gold_gain":0,"player_choice":"Removed Skill","damage_taken":0,"max_hp_gain":0,"max_hp_loss":0,"event_name":"Falling","floor":36,"gold_loss":0},{"damage_healed":0,"gold_gain":0,"player_choice":"Memory 3","damage_taken":10,"max_hp_gain":0,"max_hp_loss":0,"event_name":"SensoryStone","floor":39,"gold_loss":0},{"damage_healed":0,"gold_gain":0,"player_choice":"Ignored","damage_taken":0,"max_hp_gain":0,"max_hp_loss":0,"event_name":"SecretPortal","floor":45,"gold_loss":0}],"is_beta":true,"boss_relics":[{"not_picked":["Empty Cage","Runic Pyramid"],"picked":"Nuclear Battery"},{"not_picked":["Coffee Dripper","Lizard Tail"],"picked":"Astrolabe"}],"items_purged_floors":[11,30],"is_endless":false,"potions_floor_spawned":[4,8,16,25,31,33,47],"killed_by":"Donu and Deca","ascension_level":20}