{"gold_per_floor":[112,112,112,131,148,174,174,188,211,231,231,250,282,302,302,400,400,411,411,195,207,217,217,244,244,270,270],"floor_reached":27,"playtime":1020,"items_purged":[],"score":331,"play_id":"f537cc4d-bc5a-4805-bb5b-c95e0c6e9ff2","local_time":"20190513115016","is_ascension_mode":true,"campfire_choices":[{"data":"Anger","floor":7,"key":"SMITH"},{"data":"Rage","floor":15,"key":"SMITH"},{"data":"True Grit","floor":23,"key":"SMITH"}],"neow_cost":"TEN_PERCENT_HP_LOSS","seed_source_timestamp":413332247861800,"circlet_count":0,"master_deck":["Strike_R","Strike_R","Strike_R","Strike_R+1","Defend_R","Defend_R","Defend_R","Defend_R+1","Bash","Dropkick","Anger+1","Twin Strike","Dual Wield","Seeing Red","Rage+1","Shrug It Off","Hemokinesis","Twin Strike","Immolate+1","Burning Pact","True Grit+1","Evolve","True Grit","Twin Strike+1","Double Tap"],"relics":["Burning Blood","FossilizedHelix","Art of War","Potion Belt","Pen Nib","Self Forming Clay","Mark of Pain","Lantern","Vajra"],"potions_floor_usage":[16,16,21,22,24],"damage_taken":[{"damage":0,"enemies":"Cultist","floor":1,"turns":3},{"damage":0,"enemies":"Jaw Worm","floor":4,"turns":2},{"damage":0,"enemies":"2 Louse","floor":5,"turns":3},{"damage":10,"enemies":"Lagavulin","floor":6,"turns":5},{"damage":12,"enemies":"Lots of Slimes","floor":8,"turns":5},{"damage":0,"enemies":"Blue Slaver","floor":10,"turns":2},{"damage":0,"enemies":"Red Slaver","floor":12,"turns":2},{"damage":18,"enemies":"Gremlin Nob","floor":13,"turns":4},{"damage":9,"enemies":"2 Fungi Beasts","floor":14,"turns":3},{"damage":40,"enemies":"The Guardian","floor":16,"turns":8},{"damage":0,"enemies":"2 Thieves","floor":18,"turns":3},{"damage":11,"enemies":"Shell Parasite","floor":21,"turns":5},{"damage":0,"enemies":"3 Cultists","floor":22,"turns":4},{"damage":45,"enemies":"Gremlin Leader","floor":24,"turns":7},{"damage":35,"enemies":"Book of Stabbing","floor":27,"turns":4}],"seed_played":"8296092667268825961","potions_obtained":[{"floor":4,"key":"Swift Potion"},{"floor":6,"key":"Explosive Potion"},{"floor":13,"key":"Energy Potion"},{"floor":14,"key":"SteroidPotion"},{"floor":16,"key":"Poison Potion"},{"floor":22,"key":"Fire Potion"}],"is_trial":false,"path_per_floor":["M","?","?","M","M","E","R","M","T","M","?","M","E","M","R","B",null,"M","?","$","M","M","R","E","?","T","E"],"character_chosen":"IRONCLAD","items_purchased":["True Grit","Evolve","Fruit Juice"],"campfire_rested":0,"item_purchase_floors":[20,20,20],"current_hp_per_floor":[72,58,55,61,67,63,63,57,57,63,63,69,57,54,54,20,59,65,65,65,65,71,71,32,32,32,0],"gold":270,"neow_bonus":"ONE_RARE_RELIC","is_prod":false,"is_daily":false,"chose_seed":false,"campfire_upgraded":3,"win_rate":0,"timestamp":1557762616,"path_taken":["M","?","?","M","M","E","R","M","T","M","?","M","E","?","R","BOSS","M","?","$","?","M","R","E","?","T","E"],"build_version":"2019-01-23","purchased_purges":0,"victory":false,"max_hp_per_floor":[72,72,72,72,72,72,72,72,72,72,72,72,72,72,72,72,72,72,72,72,77,77,77,77,77,77,77],"card_choices":[{"not_picked":["Havoc","Iron Wave"],"picked":"Dropkick","floor":1},{"not_picked":["Thunderclap","Flex"],"picked":"Anger","floor":4},{"not_picked":["Armaments","Headbutt"],"picked":"Twin Strike","floor":5},{"not_picked":["Brutality","Corruption"],"picked":"Dual Wield","floor":6},{"not_picked":["Pummel","Armaments"],"picked":"Seeing Red","floor":8},{"not_picked":["Feel No Pain","Twin Strike"],"picked":"Rage","floor":10},{"not_picked":["Uppercut","Warcry"],"picked":"Shrug It Off","floor":12},{"not_picked":["Iron Wave","True Grit"],"picked":"Hemokinesis","floor":13},{"not_picked":["Armaments","Feel No Pain"],"picked":"Twin Strike","floor":14},{"not_picked":["Exhume","Demon Form"],"picked":"Immolate","floor":16},{"not_picked":["Seeing Red","Twin Strike"],"picked":"Burning Pact","floor":18},{"not_picked":["Anger+1","Warcry+1"],"picked":"True Grit","floor":21},{"not_picked":["Dropkick+1","Seeing Red"],"picked":"Twin Strike+1","floor":22},{"not_picked":["Spot Weakness","Clothesline"],"picked":"Double Tap","floor":24}],"player_experience":176433,"relics_obtained":[{"floor":6,"key":"Potion Belt"},{"floor":9,"key":"Pen Nib"},{"floor":13,"key":"Self Forming Clay"},{"floor":24,"key":"Lantern"},{"floor":26,"key":"Vajra"}],"event_choices":[{"damage_healed":0,"gold_gain":0,"player_choice":"Entered Light","damage_taken":14,"max_hp_gain":0,"max_hp_loss":0,"event_name":"Shining Light","floor":2,"gold_loss":0,"cards_upgraded":["Strike_R","Defend_R"]},{"damage_healed":0,"gold_gain":0,"player_choice":"Success","damage_taken":3,"relics_obtained":["Art of War"],"max_hp_gain":0,"max_hp_loss":0,"event_name":"Scrap Ooze","floor":3,"gold_loss":0},{"cards_removed":["Strike_R"],"damage_healed":0,"gold_gain":0,"player_choice":"Offered Basic","damage_taken":0,"max_hp_gain":0,"max_hp_loss":0,"event_name":"Bonfire Elementals","floor":11,"gold_loss":0},{"damage_healed":0,"gold_gain":0,"player_choice":"Upgraded","damage_taken":0,"max_hp_gain":0,"max_hp_loss":0,"event_name":"Upgrade Shrine","floor":19,"gold_loss":0,"cards_upgraded":["Immolate"]},{"damage_healed":0,"gold_gain":0,"player_choice":"0 cards matched","damage_taken":0,"max_hp_gain":0,"max_hp_loss":0,"event_name":"Match and Keep!","floor":25,"gold_loss":0,"cards_obtained":[]}],"is_beta":false,"boss_relics":[{"not_picked":["Coffee Dripper","Tiny House"],"picked":"Mark of Pain"}],"items_purged_floors":[],"is_endless":false,"potions_floor_spawned":[4,6,13,14,16,22],"killed_by":"Book of Stabbing","ascension_level":7}