{"gold_per_floor":[116,116,130,147,147,180,180,208,233,408,8,28,106,119,119,217,217,217,217,217,217,25,25,25,25,25,25,25,25,25,25,25,25],"floor_reached":33,"playtime":1583,"items_purged":[],"score":384,"play_id":"6acf4b33-8774-47e2-9933-79b21523635d","local_time":"20190506113339","is_ascension_mode":true,"campfire_choices":[{"floor":7,"key":"REST"},{"floor":15,"key":"REST"},{"data":"True Grit","floor":24,"key":"SMITH"},{"data":"Infernal Blade","floor":32,"key":"SMITH"}],"neow_cost":"NONE","seed_source_timestamp":74400842367300,"circlet_count":0,"master_deck":["Strike_R","Strike_R","Strike_R","Strike_R","Defend_R","Defend_R+1","Defend_R+1","Defend_R","Bash","Second Wind","Anger+1","Battle Trance","Wild Strike","Disarm","True Grit+1","Cleave+1","Master of Strategy","Pummel","Infernal Blade+1","Fiend Fire","Headbutt","Wild Strike","Immolate+1","Ghostly Armor","Seeing Red+1","Anger+1","Rampage+1","Thunderclap+1","Carnage+1"],"relics":["Burning Blood","Bag of Preparation","Ancient Tea Set","Omamori","Whetstone","Ectoplasm","Charon\u0027s Ashes","Molten Egg 2","Happy Flower","Lantern","PreservedInsect","Meat on the Bone"],"potions_floor_usage":[8,21,33,33],"damage_taken":[{"damage":5,"enemies":"Small Slimes","floor":1,"turns":4},{"damage":0,"enemies":"Jaw Worm","floor":3,"turns":3},{"damage":1,"enemies":"2 Louse","floor":4,"turns":3},{"damage":34,"enemies":"3 Sentries","floor":6,"turns":10},{"damage":52,"enemies":"Lagavulin","floor":8,"turns":10},{"damage":0,"enemies":"Looter","floor":12,"turns":2},{"damage":0,"enemies":"Exordium Wildlife","floor":14,"turns":2},{"damage":34,"enemies":"Hexaghost","floor":16,"turns":10},{"damage":3,"enemies":"Spheric Guardian","floor":18,"turns":3},{"damage":2,"enemies":"Chosen","floor":20,"turns":4},{"damage":15,"enemies":"Colosseum Slavers","floor":21,"turns":3},{"damage":21,"enemies":"Colosseum Nobs","floor":21,"turns":4},{"damage":5,"enemies":"Gremlin Leader","floor":23,"turns":5},{"damage":37,"enemies":"Book of Stabbing","floor":25,"turns":4},{"damage":0,"enemies":"Snake Plant","floor":28,"turns":2},{"damage":10,"enemies":"Cultist and Chosen","floor":30,"turns":4},{"damage":3,"enemies":"Snecko","floor":31,"turns":3},{"damage":89,"enemies":"Champ","floor":33,"turns":8}],"seed_played":"-4522444312145395521","potions_obtained":[{"floor":4,"key":"FairyPotion"},{"floor":6,"key":"Dexterity Potion"},{"floor":14,"key":"Weak Potion"},{"floor":16,"key":"EssenceOfSteel"},{"floor":18,"key":"Fire Potion"},{"floor":25,"key":"FearPotion"},{"floor":28,"key":"Strength Potion"},{"floor":31,"key":"PowerPotion"}],"is_trial":false,"path_per_floor":["M","?","M","M","$","E","R","E","T","?","$","M","?","M","R","B",null,"M","?","M","?","$","E","R","E","T","$","M","?","M","M","R","B"],"character_chosen":"IRONCLAD","items_purchased":["Cleave","Master of Strategy","Whetstone","Happy Flower","Ghostly Armor"],"campfire_rested":2,"item_purchase_floors":[11,11,11,22,22],"current_hp_per_floor":[73,57,63,68,68,40,64,18,18,18,18,24,24,30,54,26,67,70,70,74,50,50,51,51,20,20,20,38,38,46,49,49,0],"gold":25,"neow_bonus":"TRANSFORM_CARD","is_prod":false,"is_daily":false,"chose_seed":false,"campfire_upgraded":2,"win_rate":0,"timestamp":1557156819,"path_taken":["M","?","M","M","$","E","R","E","T","?","$","M","?","M","R","BOSS","M","?","M","?","$","E","R","E","T","?","M","?","?","M","R","BOSS"],"build_version":"2019-01-23","purchased_purges":0,"victory":false,"max_hp_per_floor":[80,80,80,80,80,80,80,80,80,80,80,80,80,80,80,80,80,80,80,80,80,80,80,80,80,80,80,80,80,80,80,80,80],"card_choices":[{"not_picked":["Havoc","Wild Strike"],"picked":"Anger","floor":1},{"not_picked":["Entrench","Clash"],"picked":"Battle Trance","floor":3},{"not_picked":["Sever Soul","Clothesline"],"picked":"Wild Strike","floor":4},{"not_picked":["Exhume","Rupture"],"picked":"Disarm","floor":6},{"not_picked":["Power Through","Sever Soul"],"picked":"True Grit","floor":8},{"not_picked":["Cleave","Thunderclap"],"picked":"Pummel","floor":12},{"not_picked":["Perfected Strike","Warcry"],"picked":"Infernal Blade","floor":14},{"not_picked":["Double Tap","Brutality"],"picked":"Fiend Fire","floor":16},{"not_picked":["Clothesline","Clash"],"picked":"Headbutt","floor":18},{"not_picked":["Perfected Strike+1","Flame Barrier"],"picked":"Wild Strike","floor":20},{"not_picked":["Twin Strike","Anger+1"],"picked":"Immolate","floor":21},{"not_picked":["Body Slam+1","Cleave+1"],"picked":"Seeing Red+1","floor":23},{"not_picked":["Thunderclap+1","True Grit"],"picked":"Anger+1","floor":25},{"not_picked":["Iron Wave+1","Spot Weakness"],"picked":"Rampage+1","floor":28},{"not_picked":["Flex","Heavy Blade+1"],"picked":"Thunderclap+1","floor":30},{"not_picked":["Anger+1","Hemokinesis+1"],"picked":"Carnage+1","floor":31}],"player_experience":156136,"relics_obtained":[{"floor":6,"key":"Bag of Preparation"},{"floor":8,"key":"Ancient Tea Set"},{"floor":9,"key":"Omamori"},{"floor":21,"key":"Charon\u0027s Ashes"},{"floor":21,"key":"Molten Egg 2"},{"floor":23,"key":"Lantern"},{"floor":25,"key":"PreservedInsect"},{"floor":26,"key":"Meat on the Bone"}],"event_choices":[{"damage_healed":0,"gold_gain":0,"player_choice":"Entered Light","damage_taken":16,"max_hp_gain":0,"max_hp_loss":0,"event_name":"Shining Light","floor":2,"gold_loss":0,"cards_upgraded":["Defend_R","Defend_R"]},{"damage_healed":0,"gold_gain":175,"player_choice":"AGREE","damage_taken":0,"max_hp_gain":0,"max_hp_loss":0,"event_name":"Liars Game","floor":10,"gold_loss":0,"cards_obtained":["Doubt"]},{"damage_healed":0,"gold_gain":78,"player_choice":"Gained Gold","damage_taken":0,"max_hp_gain":0,"max_hp_loss":0,"event_name":"Golden Wing","floor":13,"gold_loss":0},{"damage_healed":0,"gold_gain":0,"player_choice":"Ignored","damage_taken":0,"max_hp_gain":0,"max_hp_loss":0,"event_name":"Ghosts","floor":19,"gold_loss":0},{"damage_healed":0,"gold_gain":0,"player_choice":"Fight","damage_taken":0,"max_hp_gain":0,"max_hp_loss":0,"event_name":"Colosseum","floor":21,"gold_loss":0},{"damage_healed":0,"gold_gain":0,"player_choice":"Fought Nobs","damage_taken":0,"max_hp_gain":0,"max_hp_loss":0,"event_name":"Colosseum","floor":21,"gold_loss":0},{"damage_healed":0,"gold_gain":0,"player_choice":"Ignored","damage_taken":0,"max_hp_gain":0,"max_hp_loss":0,"event_name":"Vampires","floor":29,"gold_loss":0}],"is_beta":false,"boss_relics":[{"not_picked":["Astrolabe","Black Blood"],"picked":"Ectoplasm"}],"items_purged_floors":[],"is_endless":false,"potions_floor_spawned":[4,6,14,16,18,21,25,28,31],"killed_by":"Champ","ascension_level":6}