{"gold_per_floor":[118,118,118,137,8,8,23,56,56,74,74],"floor_reached":11,"playtime":267,"items_purged":["Strike_B"],"score":124,"play_id":"3431b9bf-7bd1-4858-a3e6-0e97fd41c95e","local_time":"20190412022940","is_ascension_mode":true,"campfire_choices":[{"data":"Hologram","floor":6,"key":"SMITH"}],"neow_cost":"NONE","seed_source_timestamp":45821162836035,"circlet_count":0,"master_deck":["AscendersBane","Strike_B","Strike_B","Strike_B+1","Defend_B+1","Defend_B","Defend_B","Defend_B","Zap","Dualcast","Gash+1","Sweeping Beam","Hologram+1","Beam Cell","Rebound","Gash"],"relics":["Cracked Core","Shuriken","Blood Vial"],"potions_floor_usage":[11,11],"damage_taken":[{"damage":7,"enemies":"Jaw Worm","floor":1,"turns":4},{"damage":0,"enemies":"Small Slimes","floor":4,"turns":2},{"damage":5,"enemies":"2 Louse","floor":7,"turns":2},{"damage":30,"enemies":"3 Sentries","floor":8,"turns":7},{"damage":0,"enemies":"2 Fungi Beasts","floor":10,"turns":2},{"damage":18,"enemies":"Gremlin Nob","floor":11,"turns":3}],"seed_played":"-9076458617610905277","potions_obtained":[{"floor":1,"key":"LiquidBronze"},{"floor":4,"key":"Weak Potion"}],"is_trial":false,"path_per_floor":["M","?","?","M","$","R","M","E","T","M","E"],"character_chosen":"DEFECT","items_purchased":["Hologram"],"campfire_rested":0,"item_purchase_floors":[5],"current_hp_per_floor":[57,43,43,43,43,43,38,8,8,10,0],"gold":74,"neow_bonus":"THREE_CARDS","is_prod":false,"is_daily":false,"chose_seed":false,"campfire_upgraded":1,"win_rate":0,"timestamp":1555046980,"path_taken":["M","?","?","M","$","R","M","E","T","M","E"],"build_version":"2019-01-23","purchased_purges":1,"victory":false,"max_hp_per_floor":[71,71,71,71,71,71,71,71,71,71,71],"card_choices":[{"not_picked":["Ball Lightning","Compile Driver"],"picked":"Gash","floor":0},{"not_picked":["Aggregate","Stack"],"picked":"Sweeping Beam","floor":1},{"not_picked":["Compile Driver","Aggregate","Turbo"],"picked":"SKIP","floor":4},{"not_picked":["Fusion","Consume"],"picked":"Beam Cell","floor":7},{"not_picked":["Fusion","Sweeping Beam"],"picked":"Rebound","floor":8},{"not_picked":["Go for the Eyes","Stack"],"picked":"Gash","floor":10}],"player_experience":1086200,"relics_obtained":[{"floor":8,"key":"Shuriken"},{"floor":9,"key":"Blood Vial"}],"event_choices":[{"damage_healed":0,"gold_gain":0,"player_choice":"Entered Light","damage_taken":14,"max_hp_gain":0,"max_hp_loss":0,"event_name":"Shining Light","floor":2,"gold_loss":0,"cards_upgraded":["Strike_B","Defend_B"]},{"damage_healed":0,"gold_gain":0,"player_choice":"Grow","damage_taken":0,"max_hp_gain":0,"max_hp_loss":0,"event_name":"Living Wall","floor":3,"gold_loss":0,"cards_upgraded":["Gash"]}],"is_beta":false,"boss_relics":[],"items_purged_floors":[5],"is_endless":false,"potions_floor_spawned":[1,4,8],"killed_by":"Gremlin Nob","ascension_level":14}