{"gold_per_floor":[115,290,309,309,328,359,359,398,423,423,443,443,458,489,489,619,619,633,654,17,17,33,67,67,67,92,127,127,166,166,189,189,320,320,343,418,184,197,220,259,259,384,384,422,260,320,354,366,378,390,402,414,110,144,144],"floor_reached":56,"playtime":3436,"items_purged":["Doubt","Strike_G","Strike_G"],"score":1592,"play_id":"844f59be-eea6-4394-b5ae-f9e9ee154203","local_time":"20190225145356","is_ascension_mode":true,"campfire_choices":[{"data":"Noxious Fumes","floor":7,"key":"SMITH"},{"data":"Catalyst","floor":10,"key":"SMITH"},{"floor":12,"key":"REST"},{"data":"Neutralize","floor":15,"key":"SMITH"},{"data":"Doppelganger","floor":24,"key":"SMITH"},{"data":"Catalyst","floor":28,"key":"SMITH"},{"data":"Adrenaline","floor":30,"key":"SMITH"},{"data":"Poisoned Stab","floor":32,"key":"SMITH"},{"floor":49,"key":"RECALL"},{"data":"Envenom","floor":52,"key":"SMITH"}],"neow_cost":"NONE","seed_source_timestamp":6144015763106678,"circlet_count":0,"master_deck":["Defend_G","Defend_G+1","Defend_G","Defend_G","Defend_G","Strike_G","Strike_G","Strike_G","Survivor","Neutralize+1","Flying Knee","Noxious Fumes+1","Poisoned Stab+1","Catalyst+1","Adrenaline+1","Predator","Dash","Die Die Die","PiercingWail","Adrenaline","Master of Strategy","Dodge and Roll","Deflect","Doppelganger+1","Catalyst+1","Dagger Spray","Poisoned Stab","Envenom+1","Backflip","Cloak And Dagger+1","Well Laid Plans+1","Deflect+1","Writhe","Noxious Fumes+1","Clumsy","Deadly Poison+1","Cloak And Dagger+1","Escape Plan+1","Adrenaline+1","Backflip","Caltrops"],"relics":["Ring of the Snake","Centennial Puzzle","Golden Idol","Blood Vial","Ancient Tea Set","Darkstone Periapt","Coffee Dripper","PreservedInsect","Art of War","Matryoshka","The Courier","Juzu Bracelet","Boot","Dream Catcher","Cursed Key","Snake Skull","Lantern","Bird Faced Urn","Question Card","Happy Flower","Anchor","Unceasing Top","MawBank","DollysMirror","War Paint","Kunai"],"potions_floor_usage":[6,8,16,16,23,35,39,55,55,55],"damage_taken":[{"damage":0,"enemies":"Cultist","floor":1,"turns":4},{"damage":0,"enemies":"2 Louse","floor":3,"turns":3},{"damage":0,"enemies":"Small Slimes","floor":5,"turns":4},{"damage":22,"enemies":"Lagavulin","floor":6,"turns":7},{"damage":28,"enemies":"3 Sentries","floor":8,"turns":9},{"damage":7,"enemies":"Blue Slaver","floor":11,"turns":3},{"damage":0,"enemies":"Red Slaver","floor":13,"turns":3},{"damage":3,"enemies":"Lagavulin","floor":14,"turns":5},{"damage":11,"enemies":"Slime Boss","floor":16,"turns":8},{"damage":2,"enemies":"Shell Parasite","floor":18,"turns":5},{"damage":0,"enemies":"Chosen","floor":19,"turns":4},{"damage":8,"enemies":"Snecko","floor":22,"turns":5},{"damage":9,"enemies":"Slavers","floor":23,"turns":4},{"damage":0,"enemies":"Book of Stabbing","floor":27,"turns":4},{"damage":10,"enemies":"Slavers","floor":29,"turns":3},{"damage":0,"enemies":"Centurion and Healer","floor":31,"turns":5},{"damage":30,"enemies":"Automaton","floor":33,"turns":10},{"damage":0,"enemies":"3 Darklings","floor":35,"turns":5},{"damage":0,"enemies":"Orb Walker","floor":38,"turns":2},{"damage":11,"enemies":"Writhing Mass","floor":39,"turns":4},{"damage":0,"enemies":"Giant Head","floor":40,"turns":5},{"damage":0,"enemies":"Mind Bloom Boss Battle","floor":42,"turns":4},{"damage":15,"enemies":"Nemesis","floor":44,"turns":5},{"damage":1,"enemies":"2 Orb Walkers","floor":46,"turns":4},{"damage":0,"enemies":"Giant Head","floor":47,"turns":4},{"damage":29,"enemies":"Awakened One","floor":50,"turns":9},{"damage":0,"enemies":"Shield and Spear","floor":54,"turns":4},{"damage":0,"enemies":"The Heart","floor":55,"turns":5}],"seed_played":"5873582531998056202","potions_obtained":[{"floor":5,"key":"SteroidPotion"},{"floor":6,"key":"Regen Potion"},{"floor":11,"key":"Swift Potion"},{"floor":13,"key":"Block Potion"},{"floor":16,"key":"LiquidBronze"},{"floor":19,"key":"Fire Potion"},{"floor":22,"key":"GhostInAJar"},{"floor":23,"key":"Energy Potion"},{"floor":33,"key":"PowerPotion"},{"floor":40,"key":"Fire Potion"}],"is_trial":false,"path_per_floor":["M","?","M","?","M","E","R","E","T","R","M","R","M","E","R","B",null,"M","M","$","?","M","E","R","?","T","E","R","E","R","M","R","B",null,"M","?","$","M","M","E","?","?","T","E","$","?","E","?","R","B",null,"R","$","E","B",null],"character_chosen":"THE_SILENT","items_purchased":["Adrenaline","PreservedInsect","Master of Strategy","PowerPotion","Dodge and Roll","Snake Skull","Block Potion","GhostInAJar","DollysMirror","War Paint","Backflip"],"campfire_rested":1,"item_purchase_floors":[20,20,20,20,20,37,37,45,53,53,53],"current_hp_per_floor":[70,70,70,65,65,43,43,32,32,32,27,46,48,47,47,38,65,63,65,65,65,57,50,50,50,50,52,52,44,44,46,46,18,65,65,59,59,61,52,54,71,71,77,66,66,75,77,77,77,50,77,77,77,77,77],"gold":144,"neow_bonus":"RANDOM_COMMON_RELIC","is_prod":false,"is_daily":false,"chose_seed":false,"campfire_upgraded":8,"win_rate":0,"timestamp":1551124436,"path_taken":["M","?","M","?","M","E","R","E","T","R","M","R","M","E","R","BOSS","M","M","$","?","?","E","R","?","T","E","R","E","R","M","R","BOSS","M","?","$","M","M","E","?","?","T","E","?","?","E","?","R","BOSS","R","$","E","BOSS"],"build_version":"2019-02-06","purchased_purges":3,"victory":true,"max_hp_per_floor":[70,70,70,65,65,65,65,65,65,65,65,65,65,65,65,65,65,65,65,65,65,65,65,65,65,65,65,65,65,65,65,65,65,65,65,65,65,65,65,65,71,71,77,77,77,77,77,77,77,77,77,77,77,77,77],"card_choices":[{"not_picked":["Dagger Throw","Acrobatics"],"picked":"Flying Knee","floor":1},{"not_picked":["Deflect","Escape Plan"],"picked":"Noxious Fumes","floor":3},{"not_picked":["Dagger Spray","Infinite Blades"],"picked":"Poisoned Stab","floor":5},{"not_picked":["Poisoned Stab","Heel Hook"],"picked":"Catalyst","floor":6},{"not_picked":["All Out Attack","Bouncing Flask"],"picked":"Adrenaline","floor":8},{"not_picked":["Quick Slash","Endless Agony","Flying Knee"],"picked":"SKIP","floor":11},{"not_picked":["Outmaneuver","Masterful Stab"],"picked":"Predator","floor":13},{"not_picked":["Outmaneuver","Expertise"],"picked":"Dash","floor":14},{"not_picked":["Envenom","Storm of Steel"],"picked":"Die Die Die","floor":16},{"not_picked":["Acrobatics+1","Dodge and Roll"],"picked":"PiercingWail","floor":18},{"not_picked":["Poisoned Stab","Bane+1"],"picked":"Blur","floor":19},{"not_picked":["Dodge and Roll","Finisher"],"picked":"Deflect","floor":22},{"not_picked":["Dagger Spray","Predator"],"picked":"Doppelganger","floor":23},{"not_picked":["Acrobatics","Dagger Spray+1"],"picked":"Catalyst","floor":27},{"not_picked":["Tactician+1","Outmaneuver+1"],"picked":"Dagger Spray","floor":29},{"not_picked":["Tactician","Flechettes"],"picked":"Poisoned Stab","floor":31},{"not_picked":["Grand Finale","Night Terror"],"picked":"Envenom","floor":33},{"not_picked":["Poisoned Stab+1","Sucker Punch"],"picked":"Backflip","floor":35},{"not_picked":["Slice","All Out Attack"],"picked":"Cloak And Dagger+1","floor":38},{"not_picked":["Finisher+1","Sucker Punch+1"],"picked":"Well Laid Plans+1","floor":39},{"not_picked":["PiercingWail","Die Die Die"],"picked":"Deflect+1","floor":40},{"not_picked":["Flying Knee+1","Blade Dance+1"],"picked":"Noxious Fumes+1","floor":42},{"not_picked":["Finisher","Quick Slash+1","Outmaneuver"],"picked":"Deadly Poison+1","floor":44},{"not_picked":["Bane+1","Flying Knee","Outmaneuver+1"],"picked":"Cloak And Dagger+1","floor":46},{"not_picked":["Concentrate+1","Die Die Die","Outmaneuver+1"],"picked":"Escape Plan","floor":47},{"not_picked":["Escape Plan","Dagger Spray","Deadly Poison"],"picked":"Caltrops","floor":54}],"player_experience":4696214,"relics_obtained":[{"floor":6,"key":"Blood Vial"},{"floor":8,"key":"Ancient Tea Set"},{"floor":14,"key":"Darkstone Periapt"},{"floor":23,"key":"Matryoshka"},{"floor":26,"key":"The Courier"},{"floor":26,"key":"Juzu Bracelet"},{"floor":27,"key":"Boot"},{"floor":29,"key":"Dream Catcher"},{"floor":40,"key":"Lantern"},{"floor":42,"key":"Bird Faced Urn"},{"floor":43,"key":"Question Card"},{"floor":43,"key":"Happy Flower"},{"floor":44,"key":"Anchor"},{"floor":46,"key":"Unceasing Top"},{"floor":47,"key":"MawBank"},{"floor":54,"key":"Kunai"}],"event_choices":[{"damage_healed":0,"gold_gain":175,"player_choice":"AGREE","damage_taken":0,"max_hp_gain":0,"max_hp_loss":0,"event_name":"Liars Game","floor":2,"gold_loss":0,"cards_obtained":["Doubt"]},{"damage_healed":0,"gold_gain":0,"player_choice":"Lose Max HP","damage_taken":0,"relics_obtained":["Golden Idol"],"max_hp_gain":0,"max_hp_loss":5,"event_name":"Golden Idol","floor":4,"gold_loss":0},{"damage_healed":0,"gold_gain":0,"player_choice":"Gave Potion","damage_taken":0,"relics_obtained":["Art of War"],"max_hp_gain":0,"max_hp_loss":0,"event_name":"WeMeetAgain","floor":21,"gold_loss":0},{"damage_healed":0,"gold_gain":0,"player_choice":"Ignored","damage_taken":0,"max_hp_gain":0,"max_hp_loss":0,"event_name":"Beggar","floor":25,"gold_loss":0},{"damage_healed":0,"gold_gain":75,"player_choice":"Touch","damage_taken":6,"max_hp_gain":0,"max_hp_loss":0,"event_name":"FaceTrader","floor":36,"gold_loss":0},{"damage_healed":16,"gold_gain":0,"player_choice":"Writhe","damage_taken":0,"max_hp_gain":0,"max_hp_loss":0,"event_name":"Winding Halls","floor":41,"gold_loss":0,"cards_obtained":["Writhe"]},{"damage_healed":0,"gold_gain":0,"player_choice":"Fight","damage_taken":0,"max_hp_gain":0,"max_hp_loss":0,"event_name":"MindBloom","floor":42,"gold_loss":0},{"damage_healed":0,"gold_gain":0,"player_choice":"Fight","damage_taken":0,"max_hp_gain":0,"max_hp_loss":0,"event_name":"Mysterious Sphere","floor":46,"gold_loss":0},{"cards_removed":["Blur"],"damage_healed":0,"gold_gain":0,"player_choice":"Removed Skill","damage_taken":0,"max_hp_gain":0,"max_hp_loss":0,"event_name":"Falling","floor":48,"gold_loss":0}],"is_beta":true,"boss_relics":[{"not_picked":["WristBlade","Calling Bell"],"picked":"Coffee Dripper"},{"not_picked":["Astrolabe","Tiny House"],"picked":"Cursed Key"}],"items_purged_floors":[20,37,45],"is_endless":false,"potions_floor_spawned":[5,6,11,13,16,19,22,23,29,33,38,40,47,54],"ascension_level":1}