{"gold_per_floor":[116,116,134,59,134,134,134,134,186,211,251,263,295,332,344,454,466,496,518,547,116,135,167,167,195,218,229,154,154,154,154,154,258,308,324,65,65,83,99,133,0,11,59,59,71,100,117,117,117,117,117,117,65,100,100],"floor_reached":56,"playtime":2029,"items_purged":["Strike_R","Strike_R"],"score":1418,"play_id":"8fa0f64b-32be-4e88-b7d1-c4389ba12065","local_time":"20190420165419","is_ascension_mode":false,"campfire_choices":[{"data":"Bash","floor":6,"key":"SMITH"},{"data":"Clothesline","floor":8,"key":"SMITH"},{"data":"Whirlwind","floor":12,"key":"SMITH"},{"data":"Anger","floor":15,"key":"SMITH"},{"data":"Metallicize","floor":24,"key":"SMITH"},{"data":"Spot Weakness","floor":30,"key":"SMITH"},{"data":"Disarm","floor":32,"key":"SMITH"},{"floor":44,"key":"RECALL"},{"data":"Barricade","floor":49,"key":"SMITH"},{"data":"Shrug It Off","floor":52,"key":"SMITH"}],"neow_cost":"NONE","seed_source_timestamp":260391297659355,"circlet_count":0,"master_deck":["Strike_R","Strike_R+1","Defend_R+1","Defend_R+1","Defend_R","Bash+1","Clothesline+1","Metallicize+1","Whirlwind+1","Shrug It Off+1","Anger+1","Barricade+1","Spot Weakness+1","Combust+1","Shrug It Off+1","Offering","Disarm+1","Shrug It Off","Limit Break+1","Battle Trance","Headbutt+1","Reaper","Heavy Blade+1","Entrench+1"],"relics":["Burning Blood","Happy Flower","Pen Nib","MawBank","Odd Mushroom","War Paint","Velvet Choker","Chemical X","Anchor","Lantern","Blood Vial","Tiny House","Sling","Juzu Bracelet","Red Mask","Bag of Marbles","Omamori","Bird Faced Urn"],"potions_floor_usage":[33,55,55,55],"damage_taken":[{"damage":6,"enemies":"2 Louse","floor":1,"turns":3},{"damage":1,"enemies":"Jaw Worm","floor":3,"turns":3},{"damage":7,"enemies":"Lagavulin","floor":10,"turns":8},{"damage":11,"enemies":"The Mushroom Lair","floor":11,"turns":4},{"damage":0,"enemies":"Cultist","floor":13,"turns":2},{"damage":30,"enemies":"Hexaghost","floor":16,"turns":8},{"damage":0,"enemies":"Shell Parasite","floor":18,"turns":2},{"damage":0,"enemies":"Chosen","floor":19,"turns":5},{"damage":15,"enemies":"Snake Plant","floor":20,"turns":2},{"damage":0,"enemies":"Chosen and Byrds","floor":22,"turns":3},{"damage":3,"enemies":"Gremlin Leader","floor":23,"turns":5},{"damage":0,"enemies":"Slavers","floor":25,"turns":1},{"damage":6,"enemies":"Cultist and Chosen","floor":27,"turns":3},{"damage":11,"enemies":"Champ","floor":33,"turns":7},{"damage":20,"enemies":"3 Shapes","floor":35,"turns":1},{"damage":0,"enemies":"Orb Walker","floor":38,"turns":2},{"damage":10,"enemies":"Sphere and 2 Shapes","floor":39,"turns":4},{"damage":6,"enemies":"Giant Head","floor":40,"turns":6},{"damage":7,"enemies":"Spire Growth","floor":42,"turns":4},{"damage":0,"enemies":"3 Darklings","floor":45,"turns":1},{"damage":0,"enemies":"Reptomancer","floor":46,"turns":2},{"damage":0,"enemies":"4 Shapes","floor":47,"turns":1},{"damage":18,"enemies":"Awakened One","floor":50,"turns":7},{"damage":15,"enemies":"Shield and Spear","floor":54,"turns":4},{"damage":80,"enemies":"The Heart","floor":55,"turns":13}],"seed_played":"6548871850044862381","potions_obtained":[{"floor":3,"key":"Regen Potion"},{"floor":11,"key":"Fire Potion"},{"floor":16,"key":"LiquidBronze"},{"floor":20,"key":"PowerPotion"},{"floor":34,"key":"Ancient Potion"},{"floor":40,"key":"SpeedPotion"}],"is_trial":false,"path_per_floor":["M","?","M","$","?","R","?","R","T","E","?","R","M","T","R","B",null,"M","M","M","$","M","E","R","E","T","M","?","?","R","?","R","B",null,"M","$","?","M","M","E","?","M","T","R","M","E","M","?","R","B",null,"R","$","E","B",null],"character_chosen":"IRONCLAD","items_purchased":["Chemical X","Anchor","Battle Trance","Sling","Dexterity Potion"],"campfire_rested":0,"item_purchase_floors":[21,21,36,36,53],"current_hp_per_floor":[80,64,69,69,58,58,51,51,51,50,45,45,51,51,51,27,80,80,80,71,71,77,80,80,80,80,80,80,65,65,65,65,62,90,76,76,76,84,81,83,83,84,84,84,85,85,85,85,85,73,85,85,85,85,31],"gold":100,"neow_bonus":"RANDOM_COMMON_RELIC","is_prod":false,"is_daily":false,"chose_seed":false,"campfire_upgraded":9,"win_rate":0,"timestamp":1555775659,"path_taken":["M","?","M","$","?","R","?","R","T","E","?","R","M","?","R","BOSS","M","M","M","$","?","E","R","E","T","M","?","?","R","?","R","BOSS","M","$","?","M","M","E","?","M","T","R","M","E","M","?","R","BOSS","R","$","E","BOSS"],"build_version":"2019-04-04","purchased_purges":2,"victory":true,"max_hp_per_floor":[80,80,80,80,80,80,80,80,80,80,80,80,80,80,80,80,80,80,80,80,80,80,80,80,80,80,80,80,85,85,85,85,85,90,90,90,85,85,85,85,85,85,85,85,85,85,85,85,85,85,85,85,85,85,85],"card_choices":[{"not_picked":["Twin Strike","Pommel Strike"],"picked":"Clothesline","floor":1},{"not_picked":["Power Through","Dual Wield"],"picked":"Metallicize","floor":3},{"not_picked":["Anger","Intimidate"],"picked":"Whirlwind","floor":10},{"not_picked":["Hemokinesis","Seeing Red"],"picked":"Shrug It Off","floor":11},{"not_picked":["Blood for Blood","Anger","Heavy Blade"],"picked":"SKIP","floor":13},{"not_picked":["Blood for Blood","Heavy Blade"],"picked":"Anger","floor":13},{"not_picked":["Bludgeon","Double Tap"],"picked":"Barricade","floor":16},{"not_picked":["Iron Wave","Searing Blow","Clash"],"picked":"SKIP","floor":18},{"not_picked":["Fire Breathing+1","Body Slam"],"picked":"Spot Weakness","floor":19},{"not_picked":["Second Wind","Cleave+1"],"picked":"Combust+1","floor":20},{"not_picked":["Wild Strike","Thunderclap"],"picked":"Shrug It Off","floor":22},{"not_picked":["Evolve","Anger"],"picked":"Offering","floor":23},{"not_picked":["Cleave","Clash","Wild Strike+1"],"picked":"SKIP","floor":25},{"not_picked":["Evolve","Searing Blow+1"],"picked":"Disarm","floor":27},{"not_picked":["Bludgeon","Feed"],"picked":"Limit Break","floor":33},{"not_picked":["Perfected Strike+1","Anger+1","Clothesline"],"picked":"SKIP","floor":35},{"not_picked":["Power Through+1","Bloodletting","Flex+1"],"picked":"SKIP","floor":38},{"not_picked":["Infernal Blade+1","Armaments"],"picked":"Headbutt+1","floor":39},{"not_picked":["Heavy Blade","Body Slam+1"],"picked":"Reaper","floor":40},{"not_picked":["Evolve","Reckless Charge+1"],"picked":"Thunderclap+1","floor":42},{"not_picked":["Anger+1","Second Wind+1"],"picked":"Heavy Blade+1","floor":45},{"not_picked":["Power Through+1","Reckless Charge+1","Clothesline+1"],"picked":"SKIP","floor":46},{"not_picked":["Carnage","Heavy Blade+1","Fire Breathing+1"],"picked":"SKIP","floor":47},{"not_picked":["Corruption","Clothesline"],"picked":"Entrench+1","floor":54}],"player_experience":1207867,"relics_obtained":[{"floor":9,"key":"Pen Nib"},{"floor":10,"key":"MawBank"},{"floor":11,"key":"Odd Mushroom"},{"floor":14,"key":"War Paint"},{"floor":23,"key":"Lantern"},{"floor":25,"key":"Blood Vial"},{"floor":40,"key":"Juzu Bracelet"},{"floor":43,"key":"Bag of Marbles"},{"floor":46,"key":"Omamori"},{"floor":54,"key":"Bird Faced Urn"}],"event_choices":[{"damage_healed":0,"gold_gain":0,"player_choice":"Entered Light","damage_taken":16,"max_hp_gain":0,"max_hp_loss":0,"event_name":"Shining Light","floor":2,"gold_loss":0,"cards_upgraded":["Strike_R","Defend_R"]},{"damage_healed":0,"gold_gain":75,"player_choice":"Gather Gold","damage_taken":11,"max_hp_gain":0,"max_hp_loss":0,"event_name":"World of Goop","floor":5,"gold_loss":0},{"cards_removed":["Defend_R"],"damage_healed":0,"gold_gain":0,"player_choice":"Card Removal","damage_taken":7,"max_hp_gain":0,"max_hp_loss":0,"event_name":"Golden Wing","floor":7,"gold_loss":0},{"damage_healed":0,"gold_gain":0,"player_choice":"Fought Mushrooms","damage_taken":0,"max_hp_gain":0,"max_hp_loss":0,"event_name":"Mushrooms","floor":11,"gold_loss":0},{"cards_removed":["Strike_R"],"damage_healed":0,"gold_gain":0,"player_choice":"Gave Gold","damage_taken":0,"max_hp_gain":0,"max_hp_loss":0,"event_name":"Beggar","floor":28,"gold_loss":75},{"damage_healed":0,"gold_gain":0,"player_choice":"Shed Blood","damage_taken":20,"max_hp_gain":5,"max_hp_loss":0,"event_name":"Forgotten Altar","floor":29,"gold_loss":0},{"damage_healed":0,"gold_gain":0,"player_choice":"Read","damage_taken":0,"max_hp_gain":0,"max_hp_loss":0,"event_name":"The Library","floor":31,"gold_loss":0,"cards_obtained":["Shrug It Off"]},{"damage_healed":0,"gold_gain":0,"player_choice":"Max HP","damage_taken":0,"max_hp_gain":0,"max_hp_loss":5,"event_name":"Winding Halls","floor":37,"gold_loss":0},{"damage_healed":0,"gold_gain":0,"player_choice":"Paid","damage_taken":0,"relics_obtained":["Red Mask"],"max_hp_gain":0,"max_hp_loss":0,"event_name":"Tomb of Lord Red Mask","floor":41,"gold_loss":133},{"cards_removed":["Thunderclap"],"damage_healed":0,"gold_gain":0,"player_choice":"Removed Attack","damage_taken":0,"max_hp_gain":0,"max_hp_loss":0,"event_name":"Falling","floor":48,"gold_loss":0}],"is_beta":true,"boss_relics":[{"not_picked":["White Beast Statue","Black Blood"],"picked":"Velvet Choker"},{"not_picked":["Runic Dome","Fusion Hammer"],"picked":"Tiny House"}],"items_purged_floors":[4,21],"is_endless":false,"potions_floor_spawned":[3,11,16,18,20,22,40,42,46,47],"ascension_level":0}