{"gold_per_floor":[119,44,62,62,137,171,171,197,223,188,201,217,217,247,247,321,321,332,332,12,12,12,12],"floor_reached":23,"playtime":671,"items_purged":["Strike_G"],"score":390,"play_id":"5d462677-a224-447c-a4ad-02e3e26541a6","local_time":"20190318190417","is_ascension_mode":true,"campfire_choices":[{"data":"Neutralize","floor":7.0,"key":"SMITH"},{"data":"Footwork","floor":13.0,"key":"SMITH"},{"data":"Sucker Punch","floor":15,"key":"SMITH"}],"neow_cost":"TEN_PERCENT_HP_LOSS","seed_source_timestamp":441107384273828,"circlet_count":0,"master_deck":["AscendersBane","Defend_G+1","Defend_G+1","Defend_G+1","Defend_G+1","Defend_G+1","Strike_G+1","Strike_G+1","Strike_G+1","Strike_G+1","Survivor","Neutralize+1","Corpse Explosion","Poisoned Stab","Deadly Poison","Dodge and Roll","All Out Attack","Sucker Punch+1","Footwork+1","Unload","Leg Sweep","Crippling Poison"],"special_seed":0,"relics":["Ring of the Snake","Orichalcum","Dream Catcher","Regal Pillow","Fusion Hammer","Strawberry"],"potions_floor_usage":[16,16],"damage_taken":[{"damage":1.0,"enemies":"Cultist","floor":1.0,"turns":4.0},{"damage":4.0,"enemies":"Small Slimes","floor":3.0,"turns":3.0},{"damage":15.0,"enemies":"3 Sentries","floor":6.0,"turns":3.0},{"damage":46.0,"enemies":"Gremlin Nob","floor":8.0,"turns":5.0},{"damage":0.0,"enemies":"2 Louse","floor":11.0,"turns":2.0},{"damage":1.0,"enemies":"2 Fungi Beasts","floor":12.0,"turns":3.0},{"damage":6,"enemies":"Hexaghost","floor":16,"turns":10},{"damage":16,"enemies":"Shell Parasite","floor":18,"turns":10},{"damage":22,"enemies":"Gremlin Leader","floor":23,"turns":5}],"seed_played":"4358026761562246068","potions_obtained":[{"floor":3.0,"key":"FairyPotion"},{"floor":6.0,"key":"Dexterity Potion"},{"floor":11.0,"key":"GhostInAJar"}],"is_trial":false,"path_per_floor":["M","$","M","?","?","E","R","E","T","?","M","M","R","?","R","B",null,"M","?","$","?","?","E"],"character_chosen":"THE_SILENT","items_purchased":["Leg Sweep","Crippling Poison","Strawberry"],"campfire_rested":0,"item_purchase_floors":[20,20,20],"current_hp_per_floor":[58,58,54,54,43,28,28,6,6,21,21,20,20,20,20,14,49,33,33,40,22,22,0],"gold":12,"neow_bonus":"THREE_RARE_CARDS","is_prod":false,"is_daily":false,"chose_seed":false,"campfire_upgraded":3,"win_rate":0,"timestamp":1552950257,"path_taken":["M","$","?","?","?","E","R","E","T","?","M","M","R","?","R","BOSS","M","?","$","?","?","E"],"build_version":"2019-03-15","purchased_purges":1,"victory":false,"max_hp_per_floor":[60,60,60,60,60,60,60,60,60,60,60,60,60,60,60,60,60,60,60,67,72,72,72],"card_choices":[{"not_picked":["A Thousand Cuts","Wraith Form v2"],"picked":"Corpse Explosion","floor":0.0},{"not_picked":["Acrobatics","Infinite Blades"],"picked":"Poisoned Stab","floor":1.0},{"not_picked":["PiercingWail","Flying Knee"],"picked":"Deadly Poison","floor":3.0},{"not_picked":["Acrobatics","Riddle With Holes"],"picked":"Dodge and Roll","floor":6.0},{"not_picked":["Finisher","Eviscerate"],"picked":"All Out Attack","floor":8.0},{"not_picked":["Acrobatics","Blade Dance"],"picked":"Sucker Punch","floor":11.0},{"not_picked":["PiercingWail","Poisoned Stab"],"picked":"Footwork","floor":12.0},{"not_picked":["Grand Finale","Corpse Explosion"],"picked":"Unload","floor":16},{"not_picked":["Deflect","Sucker Punch","Infinite Blades"],"picked":"SKIP","floor":18}],"player_experience":952420,"relics_obtained":[{"floor":6.0,"key":"Orichalcum"},{"floor":8.0,"key":"Dream Catcher"},{"floor":9.0,"key":"Regal Pillow"}],"event_choices":[{"damage_healed":0.0,"max_hp_gain":0.0,"max_hp_loss":0.0,"gold_gain":0.0,"event_name":"Liars Game","player_choice":"Ignored","floor":4.0,"gold_loss":0.0,"damage_taken":0.0},{"damage_healed":0.0,"max_hp_gain":0.0,"max_hp_loss":0.0,"gold_gain":75.0,"event_name":"World of Goop","player_choice":"Gather Gold","floor":5.0,"gold_loss":0.0,"damage_taken":11.0},{"damage_healed":15.0,"max_hp_gain":0.0,"max_hp_loss":0.0,"gold_gain":0.0,"event_name":"The Cleric","player_choice":"Healed","floor":10.0,"gold_loss":35.0,"damage_taken":0.0},{"damage_healed":0,"gold_gain":30,"player_choice":"Searched \u00271\u0027 times","damage_taken":0,"max_hp_gain":0,"max_hp_loss":0,"event_name":"Dead Adventurer","floor":14,"gold_loss":0},{"damage_healed":0,"gold_gain":0,"player_choice":"Simplicity","damage_taken":0,"max_hp_gain":0,"max_hp_loss":0,"event_name":"Back to Basics","floor":19,"gold_loss":0,"cards_upgraded":["Defend_G","Defend_G","Defend_G","Defend_G","Defend_G","Strike_G","Strike_G","Strike_G","Strike_G"]},{"damage_healed":0,"gold_gain":0,"player_choice":"Shed Blood","damage_taken":23,"max_hp_gain":5,"max_hp_loss":0,"event_name":"Forgotten Altar","floor":21,"gold_loss":0},{"damage_healed":0,"gold_gain":0,"player_choice":"Ignored","damage_taken":0,"max_hp_gain":0,"max_hp_loss":0,"event_name":"Beggar","floor":22,"gold_loss":0}],"is_beta":true,"boss_relics":[{"not_picked":["Pandora\u0027s Box","White Beast Statue"],"picked":"Fusion Hammer"}],"items_purged_floors":[2],"is_endless":false,"potions_floor_spawned":[3,6,11,12],"killed_by":"Gremlin Leader","ascension_level":20}