{"gold_per_floor":[127,139,167,192,222,234,281,293,305,332,361,392,404],"floor_reached":13,"playtime":9975,"items_purged":[],"score":129,"play_id":"2a400c97-a7cc-4d53-97f5-5fab8ae7f805","local_time":"20190219224858","is_ascension_mode":true,"campfire_choices":[{"data":"Defragment","floor":6,"key":"SMITH"},{"floor":8,"key":"REST"}],"neow_cost":"NONE","seed_source_timestamp":455665190016644,"circlet_count":0,"master_deck":["Strike_B","Strike_B","Strike_B","Strike_B","Defend_B","Defend_B","Defend_B","Defend_B","Zap","Dualcast","Sweeping Beam","Defragment+1","Beam Cell","White Noise","Cold Snap","Self Repair","Melter"],"relics":["Cracked Core","MawBank","Bottled Tornado","Darkstone Periapt"],"potions_floor_usage":[7,13],"damage_taken":[{"damage":0,"enemies":"Cultist","floor":1,"turns":4},{"damage":1,"enemies":"2 Louse","floor":3,"turns":2},{"damage":8,"enemies":"Small Slimes","floor":4,"turns":3},{"damage":11,"enemies":"Blue Slaver","floor":5,"turns":4},{"damage":50,"enemies":"3 Sentries","floor":7,"turns":7},{"damage":12,"enemies":"Looter","floor":10,"turns":3},{"damage":0,"enemies":"Large Slime","floor":11,"turns":4},{"damage":18,"enemies":"3 Louse","floor":12,"turns":4},{"damage":21,"enemies":"Blue Slaver","floor":13,"turns":2}],"seed_played":"8176406586461804494","potions_obtained":[{"floor":4,"key":"Regen Potion"},{"floor":7,"key":"SneckoOil"},{"floor":10,"key":"SteroidPotion"},{"floor":11,"key":"Poison Potion"}],"is_trial":false,"path_per_floor":["M","$","M","M","M","R","E","R","T","M","M","M","M"],"character_chosen":"DEFECT","items_purchased":[],"campfire_rested":1,"item_purchase_floors":[],"current_hp_per_floor":[68,68,67,59,48,48,10,32,32,20,20,9,0],"gold":404,"neow_bonus":"RANDOM_COMMON_RELIC","is_prod":false,"is_daily":false,"chose_seed":false,"campfire_upgraded":1,"win_rate":0,"timestamp":1550627338,"path_taken":["M","?","M","?","M","R","E","R","T","?","M","M","M"],"build_version":"2019-01-23","purchased_purges":0,"victory":false,"max_hp_per_floor":[75,75,75,75,75,75,75,75,75,75,75,75,75],"card_choices":[{"not_picked":["Steam","Barrage"],"picked":"Sweeping Beam","floor":1},{"not_picked":["Chill","Compile Driver"],"picked":"Defragment","floor":3},{"not_picked":["Barrage","Lockon"],"picked":"Beam Cell","floor":4},{"not_picked":["Stack","Chill"],"picked":"White Noise","floor":5},{"not_picked":["Meteor Strike","Reprogram","Heatsinks"],"picked":"SKIP","floor":7},{"not_picked":["Rebound","Beam Cell"],"picked":"Cold Snap","floor":10},{"not_picked":["Conserve Battery","Leap"],"picked":"Self Repair","floor":11},{"not_picked":["Coolheaded","Gash"],"picked":"Melter","floor":12}],"player_experience":800412,"relics_obtained":[{"floor":7,"key":"Bottled Tornado"},{"floor":9,"key":"Darkstone Periapt"}],"event_choices":[],"is_beta":false,"boss_relics":[],"items_purged_floors":[],"is_endless":false,"potions_floor_spawned":[4,7,10,11],"killed_by":"Blue Slaver","ascension_level":9}