{"gold_per_floor":[110,40,51,1,1,1,27,46,46,60,72,92,111,136,136,136],"floor_reached":16,"playtime":529,"items_purged":[],"score":181,"play_id":"1a5ff5f5-0d52-4cfc-a9cc-e38172659008","local_time":"20190507111252","is_ascension_mode":true,"campfire_choices":[{"data":"Heavy Blade","floor":6,"key":"SMITH"},{"data":"Flame Barrier","floor":15,"key":"SMITH"}],"neow_cost":"NONE","seed_source_timestamp":160746427958300,"circlet_count":0,"master_deck":["Strike_R","Strike_R","Strike_R","Strike_R","Defend_R","Defend_R","Defend_R","Defend_R","Bash","Rage","Spot Weakness","Heavy Blade+1","Thunderclap","Uppercut","Flame Barrier+1","Sword Boomerang","Cleave","Thunderclap"],"relics":["Burning Blood","NeowsBlessing","Mummified Hand","Vajra","Matryoshka"],"potions_floor_usage":[12,16,16,16],"damage_taken":[{"damage":0,"enemies":"Jaw Worm","floor":1,"turns":1},{"damage":0,"enemies":"Small Slimes","floor":3,"turns":1},{"damage":0,"enemies":"Lagavulin","floor":7,"turns":1},{"damage":1,"enemies":"Cultist","floor":8,"turns":3},{"damage":16,"enemies":"Exordium Wildlife","floor":10,"turns":3},{"damage":3,"enemies":"Blue Slaver","floor":11,"turns":2},{"damage":8,"enemies":"Gremlin Gang","floor":12,"turns":4},{"damage":21,"enemies":"Lots of Slimes","floor":13,"turns":4},{"damage":25,"enemies":"3 Sentries","floor":14,"turns":6},{"damage":52,"enemies":"Hexaghost","floor":16,"turns":9}],"seed_played":"-6406652748219963004","potions_obtained":[{"floor":1,"key":"Swift Potion"},{"floor":5,"key":"SteroidPotion"},{"floor":5,"key":"Regen Potion"},{"floor":11,"key":"Fire Potion"},{"floor":13,"key":"Weak Potion"},{"floor":14,"key":"PowerPotion"}],"is_trial":false,"path_per_floor":["M","$","M","?","?","R","E","M","T","M","M","M","M","E","R","B"],"character_chosen":"IRONCLAD","items_purchased":["Spot Weakness"],"campfire_rested":0,"item_purchase_floors":[2],"current_hp_per_floor":[78,78,80,80,80,80,80,80,80,70,73,71,56,37,37,0],"gold":136,"neow_bonus":"THREE_ENEMY_KILL","is_prod":false,"is_daily":false,"chose_seed":false,"campfire_upgraded":2,"win_rate":0,"timestamp":1557241972,"path_taken":["M","$","M","?","?","R","E","M","T","M","M","?","M","E","R","BOSS"],"build_version":"2019-01-23","purchased_purges":0,"victory":false,"max_hp_per_floor":[80,80,80,80,80,80,80,80,80,80,80,80,80,80,80,80],"card_choices":[{"not_picked":["Headbutt","Spot Weakness"],"picked":"Rage","floor":1},{"not_picked":["Sever Soul","Cleave"],"picked":"Heavy Blade","floor":3},{"not_picked":["Armaments","True Grit"],"picked":"Thunderclap","floor":7},{"not_picked":["Exhume","Burning Pact"],"picked":"Uppercut","floor":8},{"not_picked":["Heavy Blade","Havoc"],"picked":"Flame Barrier","floor":10},{"not_picked":["Combust","Havoc"],"picked":"Sword Boomerang","floor":11},{"not_picked":["Wild Strike","Clash","Intimidate"],"picked":"SKIP","floor":12},{"not_picked":["Warcry","Bludgeon"],"picked":"Cleave","floor":13},{"not_picked":["Iron Wave","Warcry"],"picked":"Thunderclap","floor":14}],"player_experience":162762,"relics_obtained":[{"floor":7,"key":"Mummified Hand"},{"floor":9,"key":"Vajra"},{"floor":14,"key":"Matryoshka"}],"event_choices":[{"cards_removed":["Strike_R"],"damage_healed":0,"gold_gain":0,"player_choice":"Card Removal","damage_taken":0,"max_hp_gain":0,"max_hp_loss":0,"event_name":"The Cleric","floor":4,"gold_loss":50},{"damage_healed":0,"gold_gain":0,"player_choice":"Got Potions","damage_taken":0,"max_hp_gain":0,"max_hp_loss":0,"event_name":"Lab","floor":5,"gold_loss":0}],"is_beta":false,"boss_relics":[],"items_purged_floors":[],"is_endless":false,"potions_floor_spawned":[1,11,13,14],"killed_by":"Hexaghost","ascension_level":6}