{"gold_per_floor":[110,122,135,152,152,152,177,189,189,189,206,236,236,251,251,350,350,290,290,290,290,290,290,290,147,147,147,147,147,147,147],"floor_reached":31,"playtime":1584,"items_purged":[],"score":311,"play_id":"2b6e5b13-6b39-4e94-b50a-3c8b2dcf1290","local_time":"20180624030225","is_ascension_mode":true,"campfire_choices":[{"data":"Seeing Red","floor":6,"key":"SMITH"},{"floor":10,"key":"REST"},{"floor":13,"key":"REST"},{"floor":15,"key":"REST"},{"floor":23,"key":"REST"},{"floor":28,"key":"REST"}],"neow_cost":"NONE","seed_source_timestamp":190744865634326,"circlet_count":0,"master_deck":["Strike_R","Strike_R","Strike_R","Strike_R","Defend_R","Defend_R","Defend_R","Defend_R","Bash+1","Seeing Red+1","Warcry","Rage","Rampage","Bloodletting","Pommel Strike+1","Anger+1","Anger+1","Demon Form","Seeing Red","Rage","Anger+1","Pommel Strike+1"],"relics":["Burning Blood","Anchor","Molten Egg 2","Odd Mushroom","Ectoplasm","Regal Pillow","Du-Vu Doll","Bag of Preparation","Self Forming Clay"],"potions_floor_usage":[8,12,16,22,22,24,29,29],"damage_taken":[{"damage":4,"enemies":"Small Slimes","floor":1,"turns":4},{"damage":4,"enemies":"Jaw Worm","floor":2,"turns":4},{"damage":9,"enemies":"2 Louse","floor":3,"turns":3},{"damage":8,"enemies":"Blue Slaver","floor":4,"turns":4},{"damage":44,"enemies":"Gremlin Nob","floor":7,"turns":5},{"damage":24,"enemies":"Large Slime","floor":8,"turns":7},{"damage":0,"enemies":"2 Fungi Beasts","floor":11,"turns":4},{"damage":26,"floor":12,"turns":6},{"damage":0,"enemies":"3 Louse","floor":14,"turns":2},{"damage":55,"enemies":"Hexaghost","floor":16,"turns":9},{"damage":22,"enemies":"2 Thieves","floor":18,"turns":4},{"damage":18,"enemies":"Chosen","floor":19,"turns":5},{"damage":39,"enemies":"Snake Plant","floor":22,"turns":4},{"damage":43,"enemies":"Gremlin Leader","floor":24,"turns":6},{"damage":16,"enemies":"Centurion and Healer","floor":29,"turns":4},{"damage":46,"enemies":"Chosen and Byrds","floor":30,"turns":7},{"damage":11,"enemies":"Sentry and Sphere","floor":31,"turns":2}],"seed_played":"-4193517077850856118","potions_obtained":[{"floor":1,"key":"Energy Potion"},{"floor":4,"key":"EntropicBrew"},{"floor":12,"key":"Fire Potion"},{"floor":18,"key":"LiquidBronze"},{"floor":22,"key":"PowerPotion"},{"floor":27,"key":"Swift Potion"},{"floor":27,"key":"Dexterity Potion"},{"floor":30,"key":"Energy Potion"}],"is_trial":false,"path_per_floor":["M","M","M","M","?","R","E","M","T","R","M","?","R","M","R","B",null,"M","M","?","?","M","R","E","$","T","?","R","M","M"],"character_chosen":"IRONCLAD","items_purchased":["Bag of Preparation"],"campfire_rested":5,"item_purchase_floors":[25],"current_hp_per_floor":[80,80,77,75,68,68,30,12,12,36,42,22,46,52,76,27,80,64,52,52,52,19,58,21,21,21,21,60,50,10,0],"gold":147,"neow_bonus":"UPGRADE_CARD","is_prod":false,"is_daily":false,"chose_seed":false,"campfire_upgraded":1,"win_rate":0,"timestamp":1529820145,"path_taken":["M","M","M","M","?","R","E","M","T","R","M","?","R","M","R","BOSS","M","M","?","?","?","R","E","$","T","?","R","M","M","?"],"build_version":"2018-06-21v2","purchased_purges":0,"victory":false,"max_hp_per_floor":[80,80,80,80,80,80,80,80,80,80,80,80,80,80,80,80,80,80,80,80,80,80,80,80,80,80,80,80,80,80,80],"card_choices":[{"not_picked":["Thunderclap","Flex"],"picked":"Seeing Red","floor":1},{"not_picked":["Havoc","Twin Strike"],"picked":"Warcry","floor":2},{"not_picked":["Double Tap","Sentinel"],"picked":"Rage","floor":3},{"not_picked":["Flex","Clash"],"picked":"Rampage","floor":4},{"not_picked":["Fiend Fire","Thunderclap"],"picked":"Bloodletting","floor":7},{"not_picked":["Perfected Strike","Wild Strike","Cleave"],"picked":"SKIP","floor":8},{"not_picked":["Second Wind","Reckless Charge+1"],"picked":"Pommel Strike+1","floor":11},{"not_picked":["Intimidate","Clash+1"],"picked":"Anger+1","floor":12},{"not_picked":["Power Through","Inflame"],"picked":"Anger+1","floor":14},{"not_picked":["Reaper+1","Immolate+1"],"picked":"Demon Form","floor":16},{"not_picked":["True Grit","Sever Soul+1","Infernal Blade"],"picked":"SKIP","floor":18},{"not_picked":["Metallicize+1","Rupture"],"picked":"Seeing Red","floor":19},{"not_picked":["Headbutt+1","Clothesline+1"],"picked":"Anger+1","floor":22},{"not_picked":["Metallicize","Sever Soul+1","Blood for Blood+1"],"picked":"SKIP","floor":24},{"not_picked":["Perfected Strike+1","Armaments"],"picked":"Pommel Strike+1","floor":29},{"not_picked":["Havoc","Headbutt+1","Intimidate+1"],"picked":"SKIP","floor":30}],"player_experience":395991,"relics_obtained":[{"floor":7,"key":"Anchor"},{"floor":9,"key":"Molten Egg 2"},{"floor":12,"key":"Odd Mushroom"},{"floor":24,"key":"Du-Vu Doll"},{"floor":26,"key":"Self Forming Clay"}],"event_choices":[{"event_name":"Golden Wing","player_choice":"Card Removal","floor":5,"damage_taken":0},{"event_name":"Mushrooms","player_choice":"Fought Mushrooms","floor":12,"damage_taken":0},{"event_name":"The Mausoleum","player_choice":"Yes","floor":20,"damage_taken":0},{"event_name":"Duplicator","player_choice":"One dupe","floor":21,"damage_taken":0},{"event_name":"The Lab","player_choice":"Got Potions","floor":27,"damage_taken":0}],"boss_relics":[{"not_picked":["Lizard Tail","Black Blood"],"picked":"Ectoplasm"}],"items_purged_floors":[],"is_endless":false,"potions_floor_spawned":[1,4,12,18,19,22,30],"killed_by":"Sentry and Sphere","ascension_level":4}