{"gold_per_floor":[116,41,41,41,56,91,108,108,108,108,108,108,139,150,150,246,246,256,0,0,18,18,18,46,46,46,61,94,94,94,114,114,213,213,233,233,250,303,110,110,143,160,186,233,245,257,269,295,307,319,331,343,9,42,42],"floor_reached":55,"playtime":2073,"items_purged":["Strike_R","Strike_R+1","Cleave+1"],"score":844,"play_id":"5ba5943a-7f07-4bc9-b120-c13f7d3833e0","local_time":"20190222125958","is_ascension_mode":false,"campfire_choices":[{"data":"Bash","floor":8,"key":"SMITH"},{"data":"Berserk","floor":10,"key":"SMITH"},{"data":"Cleave","floor":12,"key":"SMITH"},{"data":"Carnage","floor":15,"key":"SMITH"},{"data":"Warcry","floor":23,"key":"SMITH"},{"data":"Offering","floor":25,"key":"SMITH"},{"data":"RitualDagger","floor":30,"key":"SMITH"},{"data":"Limit Break","floor":32,"key":"SMITH"},{"data":"Flame Barrier","floor":40,"key":"SMITH"},{"data":"Dropkick","floor":45,"key":"SMITH"},{"floor":49,"key":"RECALL"},{"data":"Defend_R","floor":52,"key":"SMITH"}],"neow_cost":"NONE","seed_source_timestamp":416698459779506,"circlet_count":0,"master_deck":["Defend_R+1","Defend_R+1","Bash+1","Berserk+1","Carnage+1","Offering+1","Thunderclap+1","Sentinel+1","Spot Weakness+1","Dropkick+1","RitualDagger+1","Warcry+1","Limit Break+1","Headbutt+1","Heavy Blade+1","Flame Barrier+1","Inflame+1","Madness","Madness"],"relics":["Burning Blood","Red Skull","Incense Burner","Ginger","FossilizedHelix","Shuriken","Astrolabe","Anchor","Bottled Flame","Bird Faced Urn","Sozu","Thread and Needle","Centennial Puzzle","MawBank","Dream Catcher","Medical Kit","Bag of Preparation","Blue Candle"],"potions_floor_usage":[16,16,55],"damage_taken":[{"damage":1,"enemies":"Jaw Worm","floor":1,"turns":3},{"damage":2,"enemies":"2 Louse","floor":5,"turns":2},{"damage":21,"enemies":"Lagavulin","floor":6,"turns":7},{"damage":0,"enemies":"Small Slimes","floor":7,"turns":3},{"damage":13,"enemies":"3 Sentries","floor":13,"turns":6},{"damage":0,"enemies":"3 Louse","floor":14,"turns":3},{"damage":0,"enemies":"Slime Boss","floor":16,"turns":6},{"damage":5,"enemies":"Chosen","floor":18,"turns":3},{"damage":7,"enemies":"3 Byrds","floor":21,"turns":4},{"damage":12,"enemies":"Gremlin Leader","floor":24,"turns":5},{"damage":0,"enemies":"3 Cultists","floor":27,"turns":3},{"damage":16,"enemies":"Book of Stabbing","floor":28,"turns":3},{"damage":13,"enemies":"Sentry and Sphere","floor":31,"turns":4},{"damage":10,"enemies":"Champ","floor":33,"turns":5},{"damage":0,"enemies":"3 Darklings","floor":35,"turns":2},{"damage":0,"enemies":"Orb Walker","floor":37,"turns":2},{"damage":13,"enemies":"2 Orb Walkers","floor":38,"turns":3},{"damage":0,"enemies":"Giant Head","floor":41,"turns":3},{"damage":8,"enemies":"Jaw Worm Horde","floor":42,"turns":2},{"damage":0,"enemies":"Reptomancer","floor":44,"turns":3},{"damage":0,"enemies":"Spire Growth","floor":48,"turns":2},{"damage":32,"enemies":"Donu and Deca","floor":50,"turns":5},{"damage":30,"enemies":"Shield and Spear","floor":54,"turns":4},{"damage":62,"enemies":"The Heart","floor":55,"turns":3}],"seed_played":"4494005883558028271","potions_obtained":[{"floor":5,"key":"GamblersBrew"},{"floor":6,"key":"Regen Potion"},{"floor":21,"key":"GamblersBrew"},{"floor":28,"key":"SpeedPotion"}],"is_trial":false,"path_per_floor":["M","$","?","?","M","E","M","R","T","R","?","R","E","M","R","B",null,"M","$","?","M","?","R","E","R","T","M","E","?","R","M","R","B",null,"M","?","M","?","$","R","E","M","T","E","R","?","?","M","R","B",null,"R","$","E","B"],"character_chosen":"IRONCLAD","items_purchased":["Anchor","Flame Barrier","Medical Kit","Bag of Preparation"],"campfire_rested":0,"item_purchase_floors":[19,39,53,53],"current_hp_per_floor":[80,80,64,57,61,46,52,52,52,52,45,45,38,44,44,65,80,80,80,74,73,73,73,67,67,67,73,63,63,63,56,56,54,80,80,80,80,73,73,73,79,77,77,80,80,70,70,80,80,56,80,80,80,58,0],"gold":42,"neow_bonus":"RANDOM_COMMON_RELIC","is_prod":false,"is_daily":false,"chose_seed":false,"campfire_upgraded":11,"win_rate":0,"timestamp":1550840398,"path_taken":["M","$","?","?","M","E","M","R","T","R","?","R","E","M","R","BOSS","M","$","?","M","?","R","E","R","T","M","E","?","R","M","R","BOSS","M","?","?","?","$","R","E","M","T","E","R","?","?","M","R","BOSS","R","$","E","BOSS"],"build_version":"2019-02-06","purchased_purges":3,"victory":false,"max_hp_per_floor":[80,80,80,80,80,80,80,80,80,80,80,80,80,80,80,80,80,80,80,80,80,80,80,80,80,80,80,80,80,80,80,80,80,80,80,80,80,80,80,80,80,80,80,80,80,80,80,80,80,80,80,80,80,80,80],"card_choices":[{"not_picked":["Sword Boomerang","Clash"],"picked":"Twin Strike","floor":1},{"not_picked":["Spot Weakness","Armaments"],"picked":"Cleave","floor":5},{"not_picked":["Bloodletting","Spot Weakness"],"picked":"Berserk","floor":6},{"not_picked":["Cleave","Flex","Sever Soul"],"picked":"SKIP","floor":7},{"not_picked":["Armaments","Reckless Charge"],"picked":"Carnage","floor":13},{"not_picked":["Clothesline","Armaments","True Grit"],"picked":"SKIP","floor":14},{"not_picked":["Dark Embrace","Demon Form"],"picked":"Offering","floor":16},{"not_picked":["Wild Strike","Sever Soul"],"picked":"Dropkick","floor":18},{"not_picked":["Infernal Blade+1","Armaments"],"picked":"Warcry","floor":21},{"not_picked":["Evolve","Clothesline","Armaments"],"picked":"SKIP","floor":24},{"not_picked":["Armaments","Perfected Strike"],"picked":"Limit Break","floor":27},{"not_picked":["Heavy Blade","Warcry","Sentinel+1"],"picked":"SKIP","floor":28},{"not_picked":["Twin Strike","Perfected Strike"],"picked":"Headbutt+1","floor":31},{"not_picked":["Thunderclap","Clash+1","Heavy Blade"],"picked":"SKIP","floor":35},{"not_picked":["Armaments","Pummel+1"],"picked":"Heavy Blade+1","floor":37},{"not_picked":["Second Wind+1","Entrench"],"picked":"Inflame+1","floor":41},{"not_picked":["Cleave+1","Headbutt+1","True Grit"],"picked":"SKIP","floor":42},{"not_picked":["Rampage","Sentinel","True Grit"],"picked":"SKIP","floor":44},{"not_picked":["Havoc+1","True Grit","Iron Wave"],"picked":"SKIP","floor":48},{"not_picked":["Iron Wave","Rupture+1","Hemokinesis"],"picked":"SKIP","floor":54}],"player_experience":952482,"relics_obtained":[{"floor":6,"key":"Incense Burner"},{"floor":9,"key":"Ginger"},{"floor":13,"key":"Shuriken"},{"floor":24,"key":"Bottled Flame"},{"floor":28,"key":"Bird Faced Urn"},{"floor":38,"key":"Thread and Needle"},{"floor":41,"key":"Centennial Puzzle"},{"floor":43,"key":"MawBank"},{"floor":44,"key":"Dream Catcher"},{"floor":54,"key":"Blue Candle"}],"event_choices":[{"damage_healed":0,"gold_gain":0,"player_choice":"Entered Light","damage_taken":16,"max_hp_gain":0,"max_hp_loss":0,"event_name":"Shining Light","floor":3,"gold_loss":0,"cards_upgraded":["Strike_R","Defend_R"]},{"cards_removed":["Strike_R"],"damage_healed":0,"gold_gain":0,"player_choice":"Card Removal","damage_taken":7,"max_hp_gain":0,"max_hp_loss":0,"event_name":"Golden Wing","floor":4,"gold_loss":0},{"damage_healed":0,"gold_gain":0,"player_choice":"Success","damage_taken":7,"relics_obtained":["FossilizedHelix"],"max_hp_gain":0,"max_hp_loss":0,"event_name":"Scrap Ooze","floor":11,"gold_loss":0},{"damage_healed":0,"gold_gain":0,"player_choice":"Joined the Cult","damage_taken":6,"max_hp_gain":0,"max_hp_loss":0,"event_name":"Nest","floor":20,"gold_loss":0,"cards_obtained":["RitualDagger"]},{"damage_healed":0,"gold_gain":0,"player_choice":"Ignored","damage_taken":0,"max_hp_gain":0,"max_hp_loss":0,"event_name":"The Mausoleum","floor":22,"gold_loss":0},{"cards_removed":["Defend_R"],"damage_healed":0,"gold_gain":0,"player_choice":"Elegance","damage_taken":0,"max_hp_gain":0,"max_hp_loss":0,"event_name":"Back to Basics","floor":29,"gold_loss":0},{"cards_removed":["Twin Strike"],"damage_healed":5,"gold_gain":0,"player_choice":"Offered Common","damage_taken":0,"max_hp_gain":0,"max_hp_loss":0,"event_name":"Bonfire Elementals","floor":36,"gold_loss":0},{"cards_removed":["Twin Strike"],"damage_healed":5,"gold_gain":0,"player_choice":"Offered Special","damage_taken":0,"max_hp_gain":0,"max_hp_loss":0,"event_name":"Bonfire Elementals","floor":36,"gold_loss":0},{"damage_healed":0,"gold_gain":0,"player_choice":"Fight","damage_taken":0,"max_hp_gain":0,"max_hp_loss":0,"event_name":"Mysterious Sphere","floor":38,"gold_loss":0},{"damage_healed":0,"gold_gain":0,"player_choice":"Embrace Madness","damage_taken":10,"max_hp_gain":0,"max_hp_loss":0,"event_name":"Winding Halls","floor":46,"gold_loss":0,"cards_obtained":["Madness","Madness"]},{"damage_healed":0,"gold_gain":0,"player_choice":"Ignored","damage_taken":0,"max_hp_gain":0,"max_hp_loss":0,"event_name":"Tomb of Lord Red Mask","floor":47,"gold_loss":0}],"is_beta":true,"boss_relics":[{"not_picked":["Calling Bell","Runic Dome"],"picked":"Astrolabe"},{"not_picked":["Runic Cube","Snecko Eye"],"picked":"Sozu"}],"items_purged_floors":[2,19,39],"is_endless":false,"potions_floor_spawned":[5,6,21,28,31,38,42,44,48,54],"killed_by":"The Heart","ascension_level":0}