{"gold_per_floor":[115,115,12,25,25,25,50,50,50,81,94,124,136,160,172,255,267,267,207,207,207],"floor_reached":21,"playtime":1041,"items_purged":["Strike_R"],"score":394,"play_id":"d31d57b3-1af6-40f1-80d3-7d41953f8dd9","local_time":"20190410175755","is_ascension_mode":true,"campfire_choices":[{"data":"Armaments","floor":6,"key":"SMITH"},{"floor":8,"key":"REST"},{"floor":15,"key":"REST"}],"neow_cost":"NONE","seed_source_timestamp":18292666045334,"circlet_count":0,"master_deck":["AscendersBane","Strike_R","Strike_R","Strike_R","Defend_R","Defend_R","Defend_R","Defend_R","Bash+1","Twin Strike","Armaments+1","Clothesline","Flame Barrier","Immolate","True Grit"],"relics":["Burning Blood","Bag of Preparation","Mummified Hand","Dodecahedron","MawBank","Ectoplasm"],"potions_floor_usage":[16],"damage_taken":[{"damage":2,"enemies":"Cultist","floor":1,"turns":4},{"damage":4,"enemies":"Jaw Worm","floor":4,"turns":3},{"damage":67,"enemies":"3 Sentries","floor":7,"turns":15},{"damage":19,"enemies":"Gremlin Nob","floor":10,"turns":4},{"damage":0,"enemies":"Small Slimes","floor":11,"turns":4},{"damage":23,"enemies":"Lagavulin","floor":12,"turns":11},{"damage":8,"enemies":"Looter","floor":14,"turns":3},{"damage":30,"enemies":"The Guardian","floor":16,"turns":17},{"damage":27,"enemies":"Shell Parasite","floor":18,"turns":8},{"damage":21,"enemies":"2 Thieves","floor":19,"turns":3},{"damage":8,"enemies":"Snecko","floor":21,"turns":2}],"seed_played":"3905608087489184196","potions_obtained":[{"floor":7,"key":"Block Potion"},{"floor":11,"key":"GamblersBrew"},{"floor":12,"key":"Strength Potion"},{"floor":18,"key":"FearPotion"}],"is_trial":false,"path_per_floor":["M","?","$","M","?","R","E","R","T","E","M","E","?","M","R","B",null,"M","M","?","M"],"character_chosen":"IRONCLAD","items_purchased":["Armaments"],"campfire_rested":2,"item_purchase_floors":[3],"current_hp_per_floor":[79,79,79,81,74,74,13,37,37,24,30,13,13,11,35,11,64,43,28,4,0],"gold":207,"neow_bonus":"TEN_PERCENT_HP_BONUS","is_prod":false,"is_daily":false,"chose_seed":false,"campfire_upgraded":1,"win_rate":0,"timestamp":1554933475,"path_taken":["M","?","$","M","?","R","E","R","T","E","M","E","?","M","R","BOSS","M","M","?","M"],"build_version":"2019-01-23","purchased_purges":1,"victory":false,"max_hp_per_floor":[82,82,82,82,82,82,82,82,82,82,82,82,82,82,82,82,82,82,82,87,87],"card_choices":[{"not_picked":["Clash","Sword Boomerang"],"picked":"Twin Strike","floor":1},{"not_picked":["Heavy Blade","Sentinel","Body Slam"],"picked":"SKIP","floor":4},{"not_picked":["Whirlwind","Cleave"],"picked":"Clothesline","floor":7},{"not_picked":["Body Slam","Cleave"],"picked":"Flame Barrier","floor":10},{"not_picked":["Intimidate","Hemokinesis","Sever Soul"],"picked":"SKIP","floor":11},{"not_picked":["Clash","Shockwave","Cleave"],"picked":"SKIP","floor":12},{"not_picked":["Sentinel","Dark Embrace","Perfected Strike"],"picked":"SKIP","floor":14},{"not_picked":["Demon Form","Limit Break"],"picked":"Immolate","floor":16},{"not_picked":["Clothesline","Perfected Strike+1"],"picked":"True Grit","floor":18},{"not_picked":["Headbutt","Cleave","Wild Strike+1"],"picked":"SKIP","floor":19}],"player_experience":1255997,"relics_obtained":[{"floor":7,"key":"Bag of Preparation"},{"floor":9,"key":"Mummified Hand"},{"floor":10,"key":"Dodecahedron"},{"floor":12,"key":"MawBank"}],"event_choices":[{"damage_healed":0,"gold_gain":0,"player_choice":"Grow","damage_taken":0,"max_hp_gain":0,"max_hp_loss":0,"event_name":"Living Wall","floor":2,"gold_loss":0,"cards_upgraded":["Bash"]},{"cards_removed":["Strike_R"],"damage_healed":0,"gold_gain":0,"player_choice":"Card Removal","damage_taken":7,"max_hp_gain":0,"max_hp_loss":0,"event_name":"Golden Wing","floor":5,"gold_loss":0},{"damage_healed":0,"gold_gain":0,"player_choice":"Fled","damage_taken":0,"max_hp_gain":0,"max_hp_loss":0,"event_name":"Scrap Ooze","floor":13,"gold_loss":0},{"damage_healed":0,"gold_gain":0,"player_choice":"Shed Blood","damage_taken":29,"max_hp_gain":5,"max_hp_loss":0,"event_name":"Forgotten Altar","floor":20,"gold_loss":0}],"is_beta":false,"boss_relics":[{"not_picked":["Runic Cube","Astrolabe"],"picked":"Ectoplasm"}],"items_purged_floors":[3],"is_endless":false,"potions_floor_spawned":[7,11,12,14,18],"killed_by":"Snecko","ascension_level":20}