{"gold_per_floor":[111,111,121,43,53,53,85,99,99,110,110,137,137,164,164,263,263,282,282,307,307,320,355,355,382,406,422,432,443,476,494,494,597,597,613,713,760,95,95,127,145,180,204,215,246,260,260,278,278,278,278,278,33,68,68],"floor_reached":56,"playtime":3036,"items_purged":["Defend_R","Defend_R"],"score":1622,"play_id":"753378e5-1478-4c6f-ae5e-a6749df363d5","local_time":"20190306010836","is_ascension_mode":true,"campfire_choices":[{"data":"Whirlwind","floor":6,"key":"SMITH"},{"data":"Perfected Strike","floor":11,"key":"SMITH"},{"data":"Immolate","floor":13,"key":"SMITH"},{"data":"Intimidate","floor":15,"key":"SMITH"},{"data":"Perfected Strike","floor":24,"key":"SMITH"},{"data":"Perfected Strike","floor":32,"key":"SMITH"},{"floor":47,"key":"RECALL"},{"floor":49,"key":"DIG"},{"data":"Bash","floor":52,"key":"SMITH"}],"neow_cost":"NONE","seed_source_timestamp":379118060398941,"circlet_count":0,"master_deck":["Strike_R","Strike_R","Strike_R","Strike_R","Strike_R","Defend_R","Defend_R","Bash+1","Whirlwind+1","Shrug It Off","Clash","Shrug It Off","Thunderclap","Perfected Strike+1","Pommel Strike","Immolate+1","Pommel Strike","Intimidate+1","Exhume+1","Carnage+1","Ghostly Armor","Disarm","Shrug It Off+1","Perfected Strike+1","Sentinel+1","Twin Strike","Evolve","Perfected Strike+1","True Grit+1","Offering+1","Perfected Strike+1","Metallicize+1","Double Tap+1","Headbutt+1","True Grit+1","Shrug It Off+1","Feel No Pain","Flame Barrier+1","Twin Strike","Twin Strike+1","Thunderclap+1","Wild Strike+1","Feel No Pain+1","Pommel Strike+1","Sentinel+1","Sentinel+1","True Grit+1","Clothesline","Flame Barrier+1","Uppercut","True Grit+1","Pommel Strike"],"relics":["Burning Blood","Red Skull","StoneCalendar","Meat on the Bone","Mummified Hand","Dodecahedron","Prayer Wheel","Velvet Choker","MutagenicStrength","Red Mask","Pear","Toxic Egg 2","The Courier","Bronze Scales","Paper Frog","Snecko Eye","Du-Vu Doll","Pocketwatch","Chemical X","Self Forming Clay","Happy Flower","Shovel","Oddly Smooth Stone","Bag of Marbles","Sundial","War Paint"],"potions_floor_usage":[23,27,28,31,37,45,54,55,55],"damage_taken":[{"damage":6,"enemies":"Cultist","floor":1,"turns":3},{"damage":7,"enemies":"Small Slimes","floor":3,"turns":4},{"damage":0,"enemies":"2 Louse","floor":5,"turns":2},{"damage":5,"enemies":"Lagavulin","floor":7,"turns":7},{"damage":7,"enemies":"Blue Slaver","floor":8,"turns":3},{"damage":10,"enemies":"Exordium Thugs","floor":10,"turns":3},{"damage":25,"enemies":"3 Sentries","floor":12,"turns":4},{"damage":8,"enemies":"Gremlin Nob","floor":14,"turns":3},{"damage":31,"enemies":"The Guardian","floor":16,"turns":8},{"damage":0,"enemies":"3 Byrds","floor":18,"turns":2},{"damage":0,"enemies":"Masked Bandits","floor":20,"turns":1},{"damage":0,"enemies":"Shell Parasite","floor":22,"turns":2},{"damage":2,"enemies":"Slavers","floor":23,"turns":5},{"damage":21,"enemies":"Gremlin Leader","floor":25,"turns":5},{"damage":0,"enemies":"Centurion and Healer","floor":27,"turns":5},{"damage":3,"enemies":"Snake Plant","floor":28,"turns":4},{"damage":6,"enemies":"3 Cultists","floor":29,"turns":3},{"damage":12,"enemies":"Slavers","floor":30,"turns":5},{"damage":0,"enemies":"Centurion and Healer","floor":31,"turns":2},{"damage":39,"enemies":"Automaton","floor":33,"turns":8},{"damage":4,"enemies":"3 Shapes","floor":35,"turns":3},{"damage":0,"enemies":"Mind Bloom Boss Battle","floor":36,"turns":2},{"damage":0,"enemies":"2 Orb Walkers","floor":37,"turns":2},{"damage":0,"enemies":"Giant Head","floor":40,"turns":6},{"damage":0,"enemies":"Orb Walker","floor":41,"turns":1},{"damage":5,"enemies":"Reptomancer","floor":42,"turns":4},{"damage":0,"enemies":"Transient","floor":44,"turns":5},{"damage":6,"enemies":"Nemesis","floor":45,"turns":3},{"damage":0,"enemies":"4 Shapes","floor":46,"turns":1},{"damage":5,"enemies":"Spire Growth","floor":48,"turns":3},{"damage":24,"enemies":"Time Eater","floor":50,"turns":6},{"damage":0,"enemies":"Shield and Spear","floor":54,"turns":2},{"damage":76,"enemies":"The Heart","floor":55,"turns":7}],"seed_played":"9041942808807272583","potions_obtained":[{"floor":7,"key":"Swift Potion"},{"floor":8,"key":"SteroidPotion"},{"floor":18,"key":"SpeedPotion"},{"floor":25,"key":"EssenceOfSteel"},{"floor":27,"key":"Weak Potion"},{"floor":29,"key":"SneckoOil"},{"floor":30,"key":"Strength Potion"},{"floor":33,"key":"Poison Potion"},{"floor":35,"key":"Explosive Potion"},{"floor":36,"key":"AttackPotion"},{"floor":41,"key":"EssenceOfSteel"},{"floor":45,"key":"Fire Potion"},{"floor":48,"key":"SteroidPotion"}],"is_trial":false,"path_per_floor":["M","?","M","$","M","R","E","M","T","M","R","E","R","E","R","B",null,"M","?","?","T","M","E","R","E","T","M","M","M","E","M","R","B",null,"M","?","?","$","?","E","M","E","T","M","E","M","R","M","R","B",null,"R","$","E","B",null],"character_chosen":"IRONCLAD","items_purchased":["Clash","Shrug It Off","Chemical X","Self Forming Clay","Feel No Pain","Happy Flower","Flame Barrier+1","FearPotion","Flame Barrier+1","Uppercut","True Grit+1"],"campfire_rested":0,"item_purchase_floors":[4,4,38,38,38,38,38,53,53,53,53],"current_hp_per_floor":[80,77,76,76,80,80,80,79,79,75,75,56,56,54,54,41,80,80,80,80,90,90,90,90,75,75,81,84,84,78,84,84,63,90,90,90,90,90,90,90,90,90,90,90,90,90,90,90,90,72,90,90,90,90,32],"gold":68,"neow_bonus":"RANDOM_COMMON_RELIC","is_prod":false,"is_daily":false,"chose_seed":false,"campfire_upgraded":7,"win_rate":0,"timestamp":1551852516,"path_taken":["M","?","M","$","M","R","E","M","T","M","R","E","R","E","R","BOSS","M","?","?","?","M","E","R","E","T","M","M","M","E","?","R","BOSS","M","?","?","$","?","E","M","E","T","?","E","M","R","M","R","BOSS","R","$","E","BOSS"],"build_version":"2019-02-06","purchased_purges":2,"victory":true,"max_hp_per_floor":[80,80,80,80,80,80,80,80,80,80,80,80,80,80,80,80,80,80,80,80,90,90,90,90,90,90,90,90,90,90,90,90,90,90,90,90,90,90,90,90,90,90,90,90,90,90,90,90,90,90,90,90,90,90,90],"card_choices":[{"not_picked":["Twin Strike","Sword Boomerang"],"picked":"Whirlwind","floor":1},{"not_picked":["Pommel Strike","Flex"],"picked":"Shrug It Off","floor":3},{"not_picked":["Combust","Anger"],"picked":"Thunderclap","floor":5},{"not_picked":["Pummel","Iron Wave"],"picked":"Perfected Strike","floor":7},{"not_picked":["Body Slam","Dropkick"],"picked":"Pommel Strike","floor":8},{"not_picked":["Havoc","Flex"],"picked":"Immolate","floor":10},{"not_picked":["Wild Strike","Inflame"],"picked":"Pommel Strike","floor":12},{"not_picked":["Clash","Sentinel"],"picked":"Intimidate","floor":14},{"not_picked":["Limit Break","Brutality"],"picked":"Exhume","floor":16},{"not_picked":["Pummel+1","Cleave"],"picked":"Carnage+1","floor":18},{"not_picked":["Anger","Wild Strike"],"picked":"Ghostly Armor","floor":18},{"not_picked":["Heavy Blade+1","Shrug It Off"],"picked":"Disarm","floor":20},{"not_picked":["Whirlwind","True Grit"],"picked":"Shrug It Off","floor":22},{"not_picked":["Havoc","Dark Embrace"],"picked":"Perfected Strike","floor":22},{"not_picked":["Anger","Dual Wield","Thunderclap+1"],"picked":"SKIP","floor":23},{"not_picked":["Clash+1","Whirlwind"],"picked":"True Grit+1","floor":25},{"not_picked":["Havoc+1","Seeing Red+1"],"picked":"Sentinel+1","floor":27},{"not_picked":["Armaments+1","Hemokinesis+1","Flex+1"],"picked":"SKIP","floor":27},{"not_picked":["Carnage+1","Blood for Blood"],"picked":"Twin Strike","floor":28},{"not_picked":["Cleave","Dual Wield+1"],"picked":"Evolve","floor":28},{"not_picked":["Anger+1","Burning Pact+1"],"picked":"Perfected Strike+1","floor":29},{"not_picked":["Rampage+1","Searing Blow"],"picked":"True Grit+1","floor":29},{"not_picked":["Thunderclap","Body Slam"],"picked":"Offering+1","floor":30},{"not_picked":["Clothesline+1","Blood for Blood"],"picked":"Perfected Strike","floor":31},{"not_picked":["Warcry+1","Wild Strike"],"picked":"Metallicize+1","floor":31},{"not_picked":["Offering+1","Impervious+1"],"picked":"Double Tap+1","floor":33},{"not_picked":["Cleave+1","Iron Wave"],"picked":"Headbutt+1","floor":35},{"not_picked":["Dropkick","Heavy Blade"],"picked":"True Grit+1","floor":35},{"not_picked":["Entrench+1","Heavy Blade+1"],"picked":"Shrug It Off+1","floor":36},{"not_picked":["Warcry+1","Body Slam"],"picked":"Twin Strike","floor":40},{"not_picked":["Bloodletting+1","Juggernaut"],"picked":"Twin Strike+1","floor":41},{"not_picked":["Carnage","Flex+1"],"picked":"Thunderclap+1","floor":41},{"not_picked":["Havoc+1","Sever Soul"],"picked":"Wild Strike+1","floor":42},{"not_picked":["Infernal Blade+1","Reckless Charge+1"],"picked":"Feel No Pain+1","floor":44},{"not_picked":["Clash+1","Armaments+1","Spot Weakness+1"],"picked":"SKIP","floor":44},{"not_picked":["Warcry+1","Clash+1"],"picked":"Pommel Strike+1","floor":45},{"not_picked":["Anger+1","Battle Trance+1"],"picked":"Sentinel+1","floor":46},{"not_picked":["Sword Boomerang+1","Dropkick"],"picked":"Sentinel+1","floor":46},{"not_picked":["Rampage+1","Double Tap+1"],"picked":"True Grit+1","floor":48},{"not_picked":["Flex+1","Havoc+1"],"picked":"Clothesline","floor":48},{"not_picked":["Clothesline","Juggernaut"],"picked":"Pommel Strike","floor":54}],"player_experience":4822667,"relics_obtained":[{"floor":7,"key":"Meat on the Bone"},{"floor":9,"key":"Mummified Hand"},{"floor":12,"key":"Dodecahedron"},{"floor":14,"key":"Prayer Wheel"},{"floor":20,"key":"Red Mask"},{"floor":21,"key":"Pear"},{"floor":23,"key":"Toxic Egg 2"},{"floor":25,"key":"The Courier"},{"floor":26,"key":"Bronze Scales"},{"floor":30,"key":"Paper Frog"},{"floor":36,"key":"Du-Vu Doll"},{"floor":37,"key":"Pocketwatch"},{"floor":40,"key":"Shovel"},{"floor":42,"key":"Oddly Smooth Stone"},{"floor":45,"key":"Bag of Marbles"},{"floor":49,"key":"Sundial"},{"floor":54,"key":"War Paint"}],"event_choices":[{"damage_healed":0,"gold_gain":0,"player_choice":"Success","damage_taken":3,"relics_obtained":["StoneCalendar"],"max_hp_gain":0,"max_hp_loss":0,"event_name":"Scrap Ooze","floor":2,"gold_loss":0},{"damage_healed":0,"gold_gain":0,"player_choice":"Inject Mutagens","damage_taken":0,"relics_obtained":["MutagenicStrength"],"max_hp_gain":0,"max_hp_loss":0,"event_name":"Drug Dealer","floor":19,"gold_loss":0},{"damage_healed":0,"gold_gain":0,"player_choice":"Fought Bandits","damage_taken":0,"max_hp_gain":0,"max_hp_loss":0,"event_name":"Masked Bandits","floor":20,"gold_loss":0},{"damage_healed":0,"gold_gain":0,"player_choice":"Fight","damage_taken":0,"max_hp_gain":0,"max_hp_loss":0,"event_name":"MindBloom","floor":36,"gold_loss":0},{"damage_healed":0,"gold_gain":0,"player_choice":"Fight","damage_taken":0,"max_hp_gain":0,"max_hp_loss":0,"event_name":"Mysterious Sphere","floor":37,"gold_loss":0},{"cards_removed":["True Grit"],"damage_healed":0,"gold_gain":0,"player_choice":"Removed Skill","damage_taken":0,"max_hp_gain":0,"max_hp_loss":0,"event_name":"Falling","floor":39,"gold_loss":0}],"is_beta":true,"boss_relics":[{"not_picked":["Black Star","Busted Crown"],"picked":"Velvet Choker"},{"not_picked":["Runic Dome","Pandora\u0027s Box"],"picked":"Snecko Eye"}],"items_purged_floors":[38,53],"is_endless":false,"potions_floor_spawned":[7,8,18,25,27,29,30,33,35,36,41,42,45,48],"ascension_level":1}