{"gold_per_floor":[117,136,60,79,154,188,200,212,292,315,347,386,398,424,436,547,559,499,125,125,125,125,125,125,125],"floor_reached":25,"playtime":1169,"items_purged":[],"score":239,"play_id":"f94c225a-c600-4917-a558-c26e62f86ff1","local_time":"20190418142107","is_ascension_mode":true,"campfire_choices":[{"data":"Noxious Fumes","floor":7,"key":"SMITH"},{"floor":13,"key":"REST"},{"floor":15,"key":"REST"},{"floor":23,"key":"REST"}],"neow_cost":"NONE","seed_source_timestamp":516120189062400,"circlet_count":0,"master_deck":["Defend_G","Defend_G","Defend_G","Defend_G","Defend_G","Strike_G","Strike_G","Strike_G","Strike_G","Survivor","Neutralize","Sucker Punch","Calculated Gamble","Noxious Fumes+1","Blade Dance","Heel Hook","Finesse","Tactician","Underhanded Strike","Deadly Poison","Dagger Spray","Storm of Steel","Noxious Fumes","Infinite Blades","PiercingWail","Flying Knee","Poisoned Stab","Tactician"],"relics":["Ring of the Snake","MawBank","Matryoshka","Tingsha","Ectoplasm","Ice Cream"],"potions_floor_usage":[12,12,16,22,25,25],"damage_taken":[{"damage":0,"enemies":"Small Slimes","floor":1,"turns":3},{"damage":0,"enemies":"2 Louse","floor":2,"turns":3},{"damage":2,"enemies":"Cultist","floor":4,"turns":4},{"damage":8,"enemies":"3 Sentries","floor":6,"turns":9},{"damage":28,"enemies":"Lots of Slimes","floor":10,"turns":4},{"damage":3,"enemies":"Looter","floor":11,"turns":4},{"damage":17,"enemies":"Lagavulin","floor":12,"turns":7},{"damage":0,"enemies":"Blue Slaver","floor":14,"turns":1},{"damage":26,"enemies":"Slime Boss","floor":16,"turns":10},{"damage":36,"enemies":"2 Thieves","floor":18,"turns":4},{"damage":14,"enemies":"Shell Parasite","floor":20,"turns":5},{"damage":19,"enemies":"Chosen and Byrds","floor":21,"turns":6},{"damage":0,"enemies":"3 Cultists","floor":22,"turns":1},{"damage":18,"enemies":"Snake Plant","floor":24,"turns":4},{"damage":24,"enemies":"Cultist and Chosen","floor":25,"turns":4}],"seed_played":"-7358729829581546263","potions_obtained":[{"floor":2,"key":"Regen Potion"},{"floor":4,"key":"Poison Potion"},{"floor":6,"key":"SmokeBomb"},{"floor":14,"key":"GhostInAJar"},{"floor":18,"key":"Strength Potion"},{"floor":24,"key":"Block Potion"}],"is_trial":false,"path_per_floor":["M","M","$","M","?","E","R","?","T","M","M","E","R","M","R","B",null,"M","$","M","M","M","R","M","M"],"character_chosen":"THE_SILENT","items_purchased":["Noxious Fumes","Ice Cream","Infinite Blades","PiercingWail"],"campfire_rested":3,"item_purchase_floors":[3,19,19,19],"current_hp_per_floor":[70,70,70,68,57,49,49,49,49,21,18,16,37,37,58,32,70,34,34,20,1,1,22,4,0],"gold":125,"neow_bonus":"REMOVE_CARD","is_prod":false,"is_daily":false,"chose_seed":false,"campfire_upgraded":1,"win_rate":0,"timestamp":1555611667,"path_taken":["M","M","$","M","?","E","R","?","T","M","M","E","R","?","R","BOSS","M","$","M","M","?","R","M","M"],"build_version":"2019-01-23","purchased_purges":0,"victory":false,"max_hp_per_floor":[70,70,70,70,70,70,70,70,70,70,70,70,70,70,70,70,70,70,70,70,70,70,70,70,70],"card_choices":[{"not_picked":["Quick Slash","Outmaneuver"],"picked":"Sucker Punch","floor":1},{"not_picked":["Dagger Throw","Leg Sweep"],"picked":"Calculated Gamble","floor":2},{"not_picked":["Dagger Spray","Flying Knee"],"picked":"Blade Dance","floor":4},{"not_picked":["Calculated Gamble","Wraith Form v2"],"picked":"Heel Hook","floor":6},{"not_picked":["PiercingWail","Setup"],"picked":"Tactician","floor":10},{"not_picked":["Cloak And Dagger","Endless Agony"],"picked":"Underhanded Strike","floor":11},{"not_picked":["Slice","Finisher"],"picked":"Deadly Poison","floor":12},{"not_picked":["Quick Slash","Dodge and Roll"],"picked":"Dagger Spray","floor":14},{"not_picked":["Die Die Die","Venomology"],"picked":"Storm of Steel","floor":16},{"not_picked":["Quick Slash+1","Poisoned Stab"],"picked":"Noxious Fumes","floor":18},{"not_picked":["Catalyst","PiercingWail"],"picked":"Flying Knee","floor":20},{"not_picked":["Bane","Dagger Spray"],"picked":"Poisoned Stab","floor":21},{"not_picked":["Eviscerate","Crippling Poison"],"picked":"Tactician","floor":24}],"player_experience":94553,"relics_obtained":[{"floor":6,"key":"MawBank"},{"floor":9,"key":"Matryoshka"},{"floor":12,"key":"Tingsha"}],"event_choices":[{"damage_healed":0,"gold_gain":75,"player_choice":"Gather Gold","damage_taken":11,"max_hp_gain":0,"max_hp_loss":0,"event_name":"World of Goop","floor":5,"gold_loss":0},{"damage_healed":0,"gold_gain":0,"player_choice":"1 cards matched","damage_taken":0,"max_hp_gain":0,"max_hp_loss":0,"event_name":"Match and Keep!","floor":8,"gold_loss":0,"cards_obtained":["Finesse"]}],"is_beta":false,"boss_relics":[{"not_picked":["White Beast Statue","Busted Crown"],"picked":"Ectoplasm"}],"items_purged_floors":[],"is_endless":false,"potions_floor_spawned":[2,4,6,14,18,22,24],"killed_by":"Cultist and Chosen","ascension_level":2}