{"gold_per_floor":[115,190,210,210,221,249,28,42,92,92,92,92,92,125,125,228,228,248,264,25,25,42,42,75,35,61,75,75,75,75,102,102,200,200,213,213,313,313,328,328,62,111,111,111,111,138,150,15,15,15],"floor_reached":51,"playtime":1746,"items_purged":[],"score":922,"play_id":"f57cbbc6-240a-49cd-b919-72733a259429","local_time":"20190516014556","is_ascension_mode":true,"campfire_choices":[{"floor":10,"key":"REST"},{"floor":12,"key":"REST"},{"data":"Inflame","floor":15,"key":"SMITH"},{"floor":23,"key":"REST"},{"data":"Double Tap","floor":29,"key":"SMITH"},{"data":"Inflame","floor":32,"key":"SMITH"},{"data":"Demon Form","floor":40,"key":"SMITH"},{"floor":45,"key":"REST"},{"data":"Shrug It Off","floor":49,"key":"SMITH"}],"neow_cost":"NONE","seed_source_timestamp":32461858243054,"circlet_count":0,"master_deck":["Defend_R","Defend_R","Defend_R","Defend_R","Bash+1","Shrug It Off+1","Inflame+1","Battle Trance+1","Double Tap+1","Headbutt","Finesse","Disarm+1","Inflame+1","Bite","Bite","Bite","Bite","Bite","Shockwave+1","Demon Form+1","Shrug It Off+1","Cleave","Warcry+1","Reaper"],"relics":["Burning Blood","Matryoshka","PreservedInsect","Dream Catcher","Pen Nib","Pear","Whetstone","Sozu","Juzu Bracelet","Happy Flower","Vajra","Orichalcum","Anchor","Centennial Puzzle","Busted Crown","WingedGreaves","Potion Belt","Shuriken","Ice Cream","Sundial","MawBank"],"potions_floor_usage":[14,16],"damage_taken":[{"damage":9,"enemies":"Jaw Worm","floor":1,"turns":5},{"damage":6,"enemies":"2 Louse","floor":3,"turns":4},{"damage":1,"enemies":"Small Slimes","floor":5,"turns":5},{"damage":58,"enemies":"3 Sentries","floor":6,"turns":14},{"damage":21,"enemies":"Exordium Wildlife","floor":8,"turns":5},{"damage":24,"enemies":"Gremlin Nob","floor":14,"turns":4},{"damage":31,"enemies":"The Guardian","floor":16,"turns":13},{"damage":12,"enemies":"Shell Parasite","floor":18,"turns":5},{"damage":6,"enemies":"3 Byrds","floor":19,"turns":5},{"damage":64,"enemies":"Shelled Parasite and Fungi","floor":22,"turns":6},{"damage":36,"enemies":"Slavers","floor":24,"turns":5},{"damage":7,"enemies":"3 Cultists","floor":27,"turns":5},{"damage":16,"enemies":"Gremlin Leader","floor":31,"turns":4},{"damage":60,"enemies":"Automaton","floor":33,"turns":8},{"damage":4,"enemies":"3 Shapes","floor":35,"turns":5},{"damage":0,"enemies":"Mind Bloom Boss Battle","floor":37,"turns":6},{"damage":0,"enemies":"Orb Walker","floor":39,"turns":2},{"damage":45,"enemies":"2 Orb Walkers","floor":42,"turns":5},{"damage":0,"enemies":"Giant Head","floor":46,"turns":3},{"damage":42,"enemies":"Awakened One","floor":50,"turns":8}],"seed_played":"1873871127563983632","potions_obtained":[{"floor":5,"key":"SpeedPotion"},{"floor":8,"key":"PowerPotion"},{"floor":16,"key":"Dexterity Potion"}],"is_trial":false,"path_per_floor":["M","?","M","?","M","E","$","M","T","R","?","R","?","E","R","B",null,"M","M","$","?","M","R","E","?","T","M","?","R","?","E","R","B",null,"M","?","?","?","M","R","$","?","T","?","R","E","?","$","R","B",null],"character_chosen":"IRONCLAD","items_purchased":["PreservedInsect","Inflame","Juzu Bracelet","Finesse","Shuriken","Cleave","Reaper"],"campfire_rested":4,"item_purchase_floors":[7,7,20,20,41,41,48],"current_hp_per_floor":[85,74,74,74,79,27,27,12,12,38,23,52,52,34,34,9,98,92,92,92,92,34,63,33,33,33,32,32,32,32,46,46,26,68,68,68,68,68,68,68,68,41,41,41,61,68,65,65,65,65],"gold":15,"neow_bonus":"TEN_PERCENT_HP_BONUS","is_prod":false,"is_daily":false,"chose_seed":false,"campfire_upgraded":5,"win_rate":0,"timestamp":1557963956,"path_taken":["M","?","M","?","M","E","$","M","T","R","?","R","?","E","R","BOSS","M","M","$","?","M","R","E","?","T","M","?","R","?","E","R","BOSS","M","?","?","?","M","R","$","?","T","?","R","E","?","?","R","BOSS"],"build_version":"2019-01-23","purchased_purges":0,"victory":true,"max_hp_per_floor":[88,88,88,88,88,88,88,88,88,88,98,98,98,98,98,98,98,98,98,98,98,98,98,98,98,98,98,98,98,68,68,68,68,68,68,68,68,68,68,68,68,68,68,68,68,68,65,65,65,65],"card_choices":[{"not_picked":["Body Slam","Armaments"],"picked":"Shrug It Off","floor":1},{"not_picked":["Anger","Blood for Blood","Thunderclap"],"picked":"SKIP","floor":3},{"not_picked":["Entrench","Headbutt","Evolve"],"picked":"SKIP","floor":5},{"not_picked":["Rage","Reckless Charge","Infernal Blade"],"picked":"SKIP","floor":6},{"not_picked":["Thunderclap","Anger","Pummel"],"picked":"SKIP","floor":8},{"not_picked":["Flex","Armaments"],"picked":"Battle Trance","floor":10},{"not_picked":["Thunderclap","Infernal Blade","Impervious"],"picked":"SKIP","floor":14},{"not_picked":["Fiend Fire","Juggernaut"],"picked":"Double Tap","floor":16},{"not_picked":["Rage","Reckless Charge","Thunderclap"],"picked":"SKIP","floor":18},{"not_picked":["Entrench","Fire Breathing"],"picked":"Headbutt","floor":19},{"not_picked":["Evolve+1","Body Slam","Carnage"],"picked":"SKIP","floor":22},{"not_picked":["Reckless Charge+1","Flex"],"picked":"Disarm+1","floor":24},{"not_picked":["Shrug It Off","Armaments"],"picked":"Inflame","floor":27},{"not_picked":["Fiend Fire","Havoc"],"picked":"Shockwave+1","floor":31},{"not_picked":["Reaper","Feed"],"picked":"Demon Form","floor":33},{"not_picked":["Flex"],"picked":"SKIP","floor":35},{"not_picked":[],"picked":"Shrug It Off+1","floor":37},{"not_picked":["Pommel Strike+1"],"picked":"SKIP","floor":39},{"not_picked":[],"picked":"Warcry+1","floor":45},{"not_picked":["Feel No Pain+1"],"picked":"SKIP","floor":46}],"player_experience":57619,"relics_obtained":[{"floor":6,"key":"Matryoshka"},{"floor":9,"key":"Dream Catcher"},{"floor":9,"key":"Pen Nib"},{"floor":14,"key":"Whetstone"},{"floor":24,"key":"Happy Flower"},{"floor":26,"key":"Vajra"},{"floor":26,"key":"Orichalcum"},{"floor":31,"key":"Centennial Puzzle"},{"floor":37,"key":"WingedGreaves"},{"floor":42,"key":"Ice Cream"},{"floor":43,"key":"Sundial"},{"floor":46,"key":"MawBank"}],"event_choices":[{"damage_healed":0,"gold_gain":75,"player_choice":"Gather Gold","damage_taken":11,"max_hp_gain":0,"max_hp_loss":0,"event_name":"World of Goop","floor":2,"gold_loss":0},{"damage_healed":0,"gold_gain":0,"player_choice":"Grow","damage_taken":0,"max_hp_gain":0,"max_hp_loss":0,"event_name":"Living Wall","floor":4,"gold_loss":0,"cards_upgraded":["Bash"]},{"damage_healed":0,"gold_gain":0,"player_choice":"Success","damage_taken":25,"relics_obtained":["Pear"],"max_hp_gain":0,"max_hp_loss":0,"event_name":"Scrap Ooze","floor":11,"gold_loss":0},{"damage_healed":0,"gold_gain":0,"player_choice":"Ignored","damage_taken":0,"max_hp_gain":0,"max_hp_loss":0,"event_name":"Liars Game","floor":13,"gold_loss":0},{"damage_healed":0,"gold_gain":0,"player_choice":"Ignored","damage_taken":0,"max_hp_gain":0,"max_hp_loss":0,"event_name":"Beggar","floor":21,"gold_loss":0},{"damage_healed":0,"gold_gain":0,"player_choice":"Upgraded Two","damage_taken":0,"max_hp_gain":0,"max_hp_loss":0,"event_name":"Designer","floor":25,"gold_loss":40,"cards_upgraded":["Battle Trance","Strike_R"]},{"damage_healed":0,"gold_gain":0,"player_choice":"Opened","damage_taken":0,"relics_obtained":["Anchor"],"max_hp_gain":0,"max_hp_loss":0,"event_name":"The Mausoleum","floor":28,"gold_loss":0},{"damage_healed":0,"gold_gain":0,"player_choice":"Became a vampire","damage_taken":0,"max_hp_gain":0,"max_hp_loss":30,"event_name":"Vampires","floor":30,"gold_loss":0,"cards_obtained":["Bite","Bite","Bite","Bite","Bite"]},{"damage_healed":0,"gold_gain":0,"player_choice":"Ignored","damage_taken":0,"max_hp_gain":0,"max_hp_loss":0,"event_name":"Tomb of Lord Red Mask","floor":36,"gold_loss":0},{"damage_healed":0,"gold_gain":0,"player_choice":"Fight","damage_taken":0,"max_hp_gain":0,"max_hp_loss":0,"event_name":"MindBloom","floor":37,"gold_loss":0},{"damage_healed":0,"gold_gain":0,"player_choice":"Gave Potion","damage_taken":0,"relics_obtained":["Potion Belt"],"max_hp_gain":0,"max_hp_loss":0,"event_name":"WeMeetAgain","floor":38,"gold_loss":0},{"damage_healed":0,"gold_gain":0,"player_choice":"Fight","damage_taken":0,"max_hp_gain":0,"max_hp_loss":0,"event_name":"Mysterious Sphere","floor":42,"gold_loss":0},{"damage_healed":0,"gold_gain":0,"player_choice":"Memory 1","damage_taken":0,"max_hp_gain":0,"max_hp_loss":0,"event_name":"SensoryStone","floor":44,"gold_loss":0},{"damage_healed":0,"gold_gain":0,"player_choice":"Max HP","damage_taken":0,"max_hp_gain":0,"max_hp_loss":3,"event_name":"Winding Halls","floor":47,"gold_loss":0}],"is_beta":false,"boss_relics":[{"not_picked":["Orrery","Black Blood"],"picked":"Sozu"},{"not_picked":["Velvet Choker","Snecko Eye"],"picked":"Busted Crown"}],"items_purged_floors":[],"is_endless":false,"potions_floor_spawned":[5,8,16,18,19,27,31,37,39,42],"ascension_level":3}