{"gold_per_floor":[213,265,265,193,205,205,240,240,312,312,325,358,370,370,370,370],"floor_reached":16,"playtime":473,"items_purged":[],"score":146,"play_id":"05b87144-8b7d-48ab-b4a8-07d2d45dbee3","local_time":"20190205041553","is_ascension_mode":true,"campfire_choices":[{"data":"Footwork","floor":6,"key":"SMITH"},{"data":"Dash","floor":8,"key":"SMITH"},{"data":"Blur","floor":10,"key":"SMITH"},{"floor":15,"key":"REST"}],"neow_cost":"NONE","seed_source_timestamp":531172954025025,"circlet_count":0,"master_deck":["Defend_G","Defend_G","Defend_G","Defend_G","Defend_G","Strike_G","Strike_G","Strike_G","Strike_G","Strike_G","Survivor","Neutralize","Dash+1","Footwork+1","Blur+1","Backflip","Dagger Spray","Backstab","Backflip"],"relics":["Ring of the Snake","Ancient Tea Set","FossilizedHelix","Golden Idol"],"potions_floor_usage":[7,7,12,16],"damage_taken":[{"damage":3,"enemies":"2 Louse","floor":1,"turns":3},{"damage":7,"enemies":"Small Slimes","floor":5,"turns":5},{"damage":2,"enemies":"Lagavulin","floor":7,"turns":8},{"damage":0,"enemies":"Cultist","floor":11,"turns":4},{"damage":3,"enemies":"3 Sentries","floor":12,"turns":8},{"damage":0,"enemies":"Looter","floor":13,"turns":4},{"damage":61,"enemies":"Hexaghost","floor":16,"turns":18}],"seed_played":"8854622879706969523","potions_obtained":[{"floor":1,"key":"AttackPotion"},{"floor":3,"key":"Swift Potion"},{"floor":3,"key":"Poison Potion"},{"floor":7,"key":"Fire Potion"},{"floor":11,"key":"Swift Potion"},{"floor":13,"key":"Poison Potion"}],"is_trial":false,"path_per_floor":["M","?","?","$","M","R","E","R","T","R","M","E","M","?","R","B"],"character_chosen":"THE_SILENT","items_purchased":["Footwork"],"campfire_rested":1,"item_purchase_floors":[4],"current_hp_per_floor":[60,60,60,60,53,53,51,51,51,51,51,48,48,31,52,0],"gold":370,"neow_bonus":"HUNDRED_GOLD","is_prod":false,"is_daily":false,"chose_seed":false,"campfire_upgraded":3,"win_rate":0,"timestamp":1549350953,"path_taken":["M","?","?","$","?","R","E","R","T","R","M","E","M","?","R","BOSS"],"build_version":"2019-01-23","purchased_purges":0,"victory":false,"max_hp_per_floor":[70,70,70,70,70,70,70,70,70,70,70,70,70,70,70,70],"card_choices":[{"not_picked":["Bouncing Flask","Distraction"],"picked":"Dash","floor":1},{"not_picked":["Underhanded Strike","Flying Knee"],"picked":"Blur","floor":5},{"not_picked":["Tactician","Quick Slash"],"picked":"Backflip","floor":7},{"not_picked":["Acrobatics","Tactician"],"picked":"Dagger Spray","floor":11},{"not_picked":["Predator","Dodge and Roll"],"picked":"Backstab","floor":12},{"not_picked":["Acrobatics","Blade Dance"],"picked":"Backflip","floor":13}],"player_experience":720495,"relics_obtained":[{"floor":7,"key":"Ancient Tea Set"},{"floor":12,"key":"FossilizedHelix"}],"event_choices":[{"damage_healed":0,"gold_gain":52,"player_choice":"Gained Gold","damage_taken":0,"max_hp_gain":0,"max_hp_loss":0,"event_name":"Golden Wing","floor":2,"gold_loss":0},{"damage_healed":0,"gold_gain":0,"player_choice":"Got Potions","damage_taken":0,"max_hp_gain":0,"max_hp_loss":0,"event_name":"Lab","floor":3,"gold_loss":0},{"damage_healed":0,"gold_gain":0,"player_choice":"Take Damage","damage_taken":17,"relics_obtained":["Golden Idol"],"max_hp_gain":0,"max_hp_loss":0,"event_name":"Golden Idol","floor":14,"gold_loss":0}],"is_beta":false,"boss_relics":[],"items_purged_floors":[],"is_endless":false,"potions_floor_spawned":[1,7,11,13],"killed_by":"Hexaghost","ascension_level":7}