{"gold_per_floor":[110,110,110,285,285,285,304,334,334,344,344,363,363,13,13,84,84,99,113,113,113],"floor_reached":21,"playtime":511,"items_purged":[],"score":292,"play_id":"081b37a1-5225-45a9-8fa7-8d0451d18bae","local_time":"20190327232111","is_ascension_mode":true,"campfire_choices":[{"data":"Dualcast","floor":6,"key":"SMITH"},{"floor":11,"key":"REST"},{"data":"Gash","floor":13,"key":"SMITH"},{"floor":15,"key":"REST"}],"neow_cost":"NONE","seed_source_timestamp":602387294848820,"circlet_count":0,"master_deck":["AscendersBane","Strike_B","Strike_B","Strike_B","Strike_B","Defend_B","Defend_B","Defend_B","Defend_B","Zap+1","Dualcast+1","Beam Cell","Melter","Ball Lightning","Gash+1","Beam Cell","Gash","Defragment","Creative AI+1","Heatsinks+1"],"relics":["Cracked Core","Omamori","Mercury Hourglass","Frozen Egg 2","Sozu"],"potions_floor_usage":[21,21],"damage_taken":[{"damage":8,"enemies":"Small Slimes","floor":1,"turns":3},{"damage":4,"enemies":"Jaw Worm","floor":7,"turns":3},{"damage":40,"enemies":"3 Sentries","floor":8,"turns":8},{"damage":4,"enemies":"2 Louse","floor":10,"turns":2},{"damage":10,"enemies":"Lots of Slimes","floor":12,"turns":2},{"damage":38,"enemies":"The Guardian","floor":16,"turns":9},{"damage":0,"enemies":"Spheric Guardian","floor":18,"turns":2},{"damage":23,"enemies":"2 Thieves","floor":19,"turns":4},{"damage":40,"enemies":"Snake Plant","floor":21,"turns":2}],"seed_played":"1296102868278080791","potions_obtained":[{"floor":10,"key":"GamblersBrew"},{"floor":12,"key":"Explosive Potion"}],"is_trial":false,"path_per_floor":["M","?","?","?","?","R","M","E","T","M","R","M","R","$","R","B",null,"M","M","?","M"],"character_chosen":"DEFECT","items_purchased":["Gash","Defragment","Frozen Egg 2"],"campfire_rested":2,"item_purchase_floors":[14,14,14],"current_hp_per_floor":[60,60,60,60,60,60,56,16,16,12,34,24,24,24,46,8,58,58,35,35,0],"gold":113,"neow_bonus":"UPGRADE_CARD","is_prod":false,"is_daily":false,"chose_seed":false,"campfire_upgraded":2,"win_rate":0,"timestamp":1553739671,"path_taken":["M","?","?","?","?","R","M","E","T","M","R","M","R","$","R","BOSS","M","M","?","M"],"build_version":"2019-01-23","purchased_purges":0,"victory":false,"max_hp_per_floor":[75,75,75,75,75,75,75,75,75,75,75,75,75,75,75,75,75,75,75,75,75],"card_choices":[{"not_picked":["Coolheaded","Stack"],"picked":"Beam Cell","floor":1},{"not_picked":["Stack","Chaos"],"picked":"Melter","floor":7},{"not_picked":["Double Energy","Turbo"],"picked":"Ball Lightning","floor":8},{"not_picked":["Turbo","Reprogram"],"picked":"Gash","floor":10},{"not_picked":["FTL","Go for the Eyes"],"picked":"Beam Cell","floor":12},{"not_picked":["Thunder Strike","Multi-Cast"],"picked":"Creative AI+1","floor":16},{"not_picked":["Barrage+1","Stack"],"picked":"Heatsinks+1","floor":18},{"not_picked":["Ball Lightning","Redo","Rebound"],"picked":"SKIP","floor":19}],"player_experience":1008896,"relics_obtained":[{"floor":8,"key":"Omamori"},{"floor":9,"key":"Mercury Hourglass"}],"event_choices":[{"damage_healed":0,"gold_gain":0,"player_choice":"Leave","damage_taken":0,"max_hp_gain":0,"max_hp_loss":0,"event_name":"The Cleric","floor":2,"gold_loss":0},{"damage_healed":0,"gold_gain":0,"player_choice":"Ignored","damage_taken":0,"max_hp_gain":0,"max_hp_loss":0,"event_name":"Golden Wing","floor":3,"gold_loss":0},{"damage_healed":0,"gold_gain":175,"player_choice":"AGREE","damage_taken":0,"max_hp_gain":0,"max_hp_loss":0,"event_name":"Liars Game","floor":4,"gold_loss":0,"cards_obtained":["Doubt"]},{"cards_removed":["Doubt"],"damage_healed":0,"gold_gain":0,"player_choice":"Forget","damage_taken":0,"max_hp_gain":0,"max_hp_loss":0,"event_name":"Living Wall","floor":5,"gold_loss":0},{"damage_healed":0,"gold_gain":0,"player_choice":"Ignored","damage_taken":0,"max_hp_gain":0,"max_hp_loss":0,"event_name":"Vampires","floor":20,"gold_loss":0}],"is_beta":false,"boss_relics":[{"not_picked":["Velvet Choker","Calling Bell"],"picked":"Sozu"}],"items_purged_floors":[],"is_endless":false,"potions_floor_spawned":[10,12,19],"killed_by":"Snake Plant","ascension_level":13}