{"gold_per_floor":[14,29,29,44,61,92,92,108,108,125,160,179,198,45,45,142,142,152,1,1,1,100,133,133,149,149,149,51,80,95,10,10,10],"floor_reached":33,"playtime":1677,"items_purged":["Strike_B"],"score":322,"play_id":"dd4053ea-d3b4-4f1b-8b51-5d77db0dddb7","local_time":"20190328145628","is_ascension_mode":false,"campfire_choices":[{"data":"Biased Cognition","floor":15,"key":"SMITH"},{"data":"Buffer","floor":24,"key":"SMITH"},{"data":"Fusion","floor":27,"key":"SMITH"},{"floor":32,"key":"REST"}],"neow_cost":"NO_GOLD","seed_source_timestamp":621441952772981,"circlet_count":0,"master_deck":["Strike_B","Defend_B","Defend_B","Defend_B","Defend_B","Zap+1","Dualcast","Biased Cognition+1","Cold Snap","Doom and Gloom","Chill","Sweeping Beam","Compile Driver","Beam Cell","Recycle","Ball Lightning","Leap","Echo Form","Fusion+1","Seek","Auto Shields","Buffer+1","Compile Driver","Double Energy"],"relics":["FrozenCore","Du-Vu Doll","Pocketwatch","Darkstone Periapt","DataDisk","Emotion Chip","Oddly Smooth Stone","Lantern","Frozen Egg 2"],"potions_floor_usage":[11,12,23,29,33],"damage_taken":[{"damage":1,"enemies":"Cultist","floor":1,"turns":3},{"damage":6,"enemies":"Jaw Worm","floor":2,"turns":3},{"damage":0,"enemies":"Small Slimes","floor":4,"turns":2},{"damage":0,"enemies":"2 Fungi Beasts","floor":5,"turns":3},{"damage":0,"enemies":"Gremlin Nob","floor":6,"turns":3},{"damage":9,"enemies":"Large Slime","floor":8,"turns":3},{"damage":0,"enemies":"Blue Slaver","floor":10,"turns":3},{"damage":2,"enemies":"3 Sentries","floor":11,"turns":5},{"damage":0,"enemies":"Lots of Slimes","floor":12,"turns":1},{"damage":0,"enemies":"Looter","floor":13,"turns":2},{"damage":14,"enemies":"Slime Boss","floor":16,"turns":5},{"damage":3,"enemies":"Spheric Guardian","floor":18,"turns":4},{"damage":11,"enemies":"Book of Stabbing","floor":23,"turns":6},{"damage":0,"enemies":"Chosen","floor":25,"turns":4},{"damage":17,"enemies":"Slavers","floor":29,"turns":7},{"damage":0,"enemies":"Snecko","floor":30,"turns":5},{"damage":0,"enemies":"Automaton","floor":33,"turns":3}],"seed_played":"-665303789853928591","potions_obtained":[{"floor":2,"key":"FearPotion"},{"floor":5,"key":"SkillPotion"},{"floor":8,"key":"SkillPotion"},{"floor":12,"key":"Swift Potion"},{"floor":18,"key":"Strength Potion"},{"floor":23,"key":"Weak Potion"},{"floor":29,"key":"PowerPotion"}],"is_trial":false,"path_per_floor":["M","M","$","M","M","E","?","M","T","M","E","M","M","$","R","B",null,"M","$","?","?","?","E","R","M","T","R","$","E","M","?","R","B"],"character_chosen":"DEFECT","items_purchased":["DataDisk","Seek","Compile Driver","Double Energy"],"campfire_rested":1,"item_purchase_floors":[14,19,28,28],"current_hp_per_floor":[74,68,68,68,68,68,68,59,59,59,57,57,57,57,57,43,75,72,72,72,58,58,47,47,47,47,47,47,30,30,30,54,54],"gold":10,"neow_bonus":"THREE_RARE_CARDS","is_prod":false,"is_daily":false,"chose_seed":false,"campfire_upgraded":3,"win_rate":0,"timestamp":1553784988,"path_taken":["M","M","?","M","M","E","?","M","T","M","E","M","M","$","R","BOSS","M","$","?","?","?","E","R","M","T","R","$","E","M","?","R","BOSS"],"build_version":"2019-03-15","purchased_purges":1,"victory":false,"max_hp_per_floor":[75,75,75,75,75,75,75,75,75,75,75,75,75,75,75,75,75,75,75,75,80,80,80,80,80,80,80,80,80,80,80,80,80],"card_choices":[{"not_picked":["Buffer","Hyperbeam"],"picked":"Biased Cognition","floor":0},{"not_picked":["Gash","Steam"],"picked":"Cold Snap","floor":1},{"not_picked":["Stack","Recycle"],"picked":"Doom and Gloom","floor":2},{"not_picked":["Hologram","Reprogram"],"picked":"Chill","floor":4},{"not_picked":["Double Energy","Genetic Algorithm"],"picked":"Sweeping Beam","floor":5},{"not_picked":["Stack","Consume"],"picked":"Compile Driver","floor":6},{"not_picked":["Static Discharge","Redo"],"picked":"Beam Cell","floor":8},{"not_picked":["Cold Snap","Doom and Gloom","Beam Cell"],"picked":"SKIP","floor":10},{"not_picked":["Rip and Tear","Loop"],"picked":"Recycle","floor":11},{"not_picked":["Compile Driver","Reprogram"],"picked":"Ball Lightning","floor":12},{"not_picked":["Storm","Stack"],"picked":"Leap","floor":13},{"not_picked":["Fission","Rainbow"],"picked":"Echo Form","floor":16},{"not_picked":["Coolheaded","Hologram"],"picked":"Fusion","floor":18},{"not_picked":["Conserve Battery","Go for the Eyes","Reboot"],"picked":"SKIP","floor":23},{"not_picked":["Gash+1","Go for the Eyes","Stack"],"picked":"SKIP","floor":25},{"not_picked":["Stack","Sunder","Chill"],"picked":"SKIP","floor":29},{"not_picked":["Static Discharge","Beam Cell","Streamline+1"],"picked":"SKIP","floor":30}],"player_experience":1166999,"relics_obtained":[{"floor":6,"key":"Du-Vu Doll"},{"floor":9,"key":"Pocketwatch"},{"floor":11,"key":"Darkstone Periapt"},{"floor":23,"key":"Emotion Chip"},{"floor":26,"key":"Oddly Smooth Stone"},{"floor":29,"key":"Lantern"}],"event_choices":[{"damage_healed":0,"gold_gain":0,"player_choice":"Grow","damage_taken":0,"max_hp_gain":0,"max_hp_loss":0,"event_name":"Living Wall","floor":7,"gold_loss":0,"cards_upgraded":["Zap"]},{"damage_healed":0,"gold_gain":0,"cards_transformed":["Strike_B","Strike_B"],"player_choice":"Became Test Subject","damage_taken":0,"max_hp_gain":0,"max_hp_loss":0,"event_name":"Drug Dealer","floor":20,"gold_loss":0,"cards_obtained":["Auto Shields","Buffer"]},{"damage_healed":0,"gold_gain":0,"player_choice":"Shed Blood","damage_taken":19,"max_hp_gain":5,"max_hp_loss":0,"event_name":"Forgotten Altar","floor":21,"gold_loss":0},{"damage_healed":0,"gold_gain":99,"player_choice":"Stole From Cult","damage_taken":0,"max_hp_gain":0,"max_hp_loss":0,"event_name":"Nest","floor":22,"gold_loss":0},{"damage_healed":0,"gold_gain":0,"player_choice":"Obtained Relic","damage_taken":0,"relics_obtained":["Frozen Egg 2"],"max_hp_gain":0,"max_hp_loss":0,"event_name":"Addict","floor":31,"gold_loss":85}],"is_beta":true,"boss_relics":[{"not_picked":["Orrery","Runic Dome"],"picked":"FrozenCore"}],"items_purged_floors":[19],"is_endless":false,"potions_floor_spawned":[2,5,8,12,18,23,29],"killed_by":"Automaton","ascension_level":0}