{"gold_per_floor":[119,119,132,155,169,195,209,209,264,283,283,316,316,334,334,433,433,452,464,464,464,476,476,496,496],"floor_reached":25,"playtime":816,"items_purged":[],"score":312,"play_id":"cd8a03dd-4197-421b-8fbb-c85170e9036f","local_time":"20190304200109","is_ascension_mode":true,"campfire_choices":[{"floor":8,"key":"REST"},{"floor":11,"key":"REST"},{"floor":15,"key":"REST"},{"data":"White Noise","floor":23,"key":"SMITH"}],"neow_cost":"NONE","seed_source_timestamp":1578056629635646,"circlet_count":0,"master_deck":["Strike_B","Strike_B","Strike_B","Strike_B+1","Defend_B","Defend_B","Defend_B","Defend_B","Zap","Dualcast+1","Barrage","Chaos","Melter","White Noise+1","Sunder","Machine Learning","Decay","FTL","Hyperbeam","Hello World","Hello World","Writhe"],"relics":["Cracked Core","Ancient Tea Set","Mummified Hand","Tiny Chest","Gremlin Horn","Nuclear Battery","Omamori"],"potions_floor_usage":[6,16,16,25],"damage_taken":[{"damage":7,"enemies":"Jaw Worm","floor":1,"turns":3},{"damage":0,"enemies":"Cultist","floor":3,"turns":3},{"damage":12,"enemies":"Small Slimes","floor":5,"turns":3},{"damage":25,"enemies":"3 Sentries","floor":6,"turns":5},{"damage":7,"enemies":"Red Slaver","floor":7,"turns":3},{"damage":19,"enemies":"Blue Slaver","floor":10,"turns":4},{"damage":12,"enemies":"Gremlin Nob","floor":12,"turns":3},{"damage":10,"enemies":"2 Fungi Beasts","floor":14,"turns":3},{"damage":27,"enemies":"Slime Boss","floor":16,"turns":6},{"damage":4,"enemies":"Chosen","floor":18,"turns":4},{"damage":0,"enemies":"Spheric Guardian","floor":19,"turns":1},{"damage":16,"enemies":"Cultist and Chosen","floor":22,"turns":4},{"damage":9,"enemies":"3 Cultists","floor":24,"turns":4},{"damage":37,"enemies":"Gremlin Leader","floor":25,"turns":4}],"seed_played":"-1801510964181741294","potions_obtained":[{"floor":3,"key":"PowerPotion"},{"floor":7,"key":"Strength Potion"},{"floor":12,"key":"SpeedPotion"},{"floor":14,"key":"FearPotion"},{"floor":16,"key":"SteroidPotion"},{"floor":18,"key":"FocusPotion"},{"floor":24,"key":"AttackPotion"}],"is_trial":false,"path_per_floor":["M","?","M","T","M","E","M","R","T","M","R","E","?","M","R","B",null,"M","M","?","?","M","R","M","E"],"character_chosen":"DEFECT","items_purchased":[],"campfire_rested":3,"item_purchase_floors":[],"current_hp_per_floor":[68,52,52,52,40,15,8,32,32,13,37,25,25,15,39,12,65,61,61,61,61,45,45,36,0],"gold":496,"neow_bonus":"TEN_PERCENT_HP_BONUS","is_prod":false,"is_daily":false,"chose_seed":false,"campfire_upgraded":1,"win_rate":0,"timestamp":1551740469,"path_taken":["M","?","M","?","M","E","?","R","T","M","R","E","?","?","R","BOSS","M","M","?","?","M","R","M","E"],"build_version":"2019-01-23","purchased_purges":0,"victory":false,"max_hp_per_floor":[82,82,82,82,82,82,82,82,82,82,82,82,82,82,82,82,82,82,82,82,82,82,82,82,82],"card_choices":[{"not_picked":["Conserve Battery","Static Discharge"],"picked":"Barrage","floor":1},{"not_picked":["Reprogram","Leap"],"picked":"Chaos","floor":3},{"not_picked":["Beam Cell","Steam"],"picked":"Melter","floor":5},{"not_picked":["Aggregate","Stack"],"picked":"White Noise","floor":6},{"not_picked":["Compile Driver","Conserve Battery"],"picked":"Sunder","floor":7},{"not_picked":["Compile Driver","Recycle","Streamline"],"picked":"SKIP","floor":10},{"not_picked":["Sweeping Beam","Reinforced Body"],"picked":"Machine Learning","floor":12},{"not_picked":["Stack","Hologram"],"picked":"FTL","floor":14},{"not_picked":["Thunder Strike","Buffer"],"picked":"Hyperbeam","floor":16},{"not_picked":["Double Energy","Heatsinks"],"picked":"Hello World","floor":18},{"not_picked":["Redo","Rip and Tear"],"picked":"Hello World","floor":19},{"not_picked":["Leap","Turbo","Blizzard"],"picked":"SKIP","floor":22},{"not_picked":["BootSequence","Rebound","Cold Snap"],"picked":"SKIP","floor":24}],"player_experience":896799,"relics_obtained":[{"floor":4,"key":"Ancient Tea Set"},{"floor":6,"key":"Mummified Hand"},{"floor":9,"key":"Tiny Chest"},{"floor":12,"key":"Gremlin Horn"}],"event_choices":[{"damage_healed":0,"gold_gain":0,"player_choice":"Entered Light","damage_taken":16,"max_hp_gain":0,"max_hp_loss":0,"event_name":"Shining Light","floor":2,"gold_loss":0,"cards_upgraded":["Dualcast","Strike_B"]},{"damage_healed":0,"gold_gain":0,"player_choice":"Cursed","damage_taken":0,"max_hp_gain":0,"max_hp_loss":0,"event_name":"Wheel of Change","floor":13,"gold_loss":0,"cards_obtained":["Decay"]},{"damage_healed":0,"gold_gain":0,"player_choice":"Opened","damage_taken":0,"relics_obtained":["Omamori"],"max_hp_gain":0,"max_hp_loss":0,"event_name":"The Mausoleum","floor":20,"gold_loss":0,"cards_obtained":["Writhe"]},{"damage_healed":0,"gold_gain":0,"player_choice":"Ignored","damage_taken":0,"max_hp_gain":0,"max_hp_loss":0,"event_name":"N\u0027loth","floor":21,"gold_loss":0}],"is_beta":false,"boss_relics":[{"not_picked":["Eternal Feather","Runic Pyramid"],"picked":"Nuclear Battery"}],"items_purged_floors":[],"is_endless":false,"potions_floor_spawned":[3,7,12,14,16,18,19,24],"killed_by":"Gremlin Leader","ascension_level":9}