{"gold_per_floor":[114,114,25,41,116,116,128,139,166,166,182,199,213,238,238,336,336,336,336,336,336,38,38,38,38,38,38,38,38,38,38,38,38,38],"floor_reached":34,"playtime":1619,"items_purged":["Strike_G"],"score":446,"play_id":"0ad7a753-a2a2-4209-a1c5-73c4fb1a0e09","local_time":"20190512095316","is_ascension_mode":false,"campfire_choices":[{"data":"Deadly Poison","floor":6.0,"key":"SMITH"},{"data":"Footwork","floor":10.0,"key":"SMITH"},{"data":"Skewer","floor":15.0,"key":"SMITH"},{"data":"Malaise","floor":23.0,"key":"SMITH"},{"floor":30.0,"key":"REST"},{"data":"A Thousand Cuts","floor":32.0,"key":"SMITH"}],"neow_cost":"NONE","seed_source_timestamp":0,"circlet_count":0,"master_deck":["Defend_G","Defend_G","Defend_G","Defend_G","Defend_G","Strike_G","Strike_G","Strike_G","Survivor","Neutralize","Quick Slash","Footwork+1","Dodge and Roll","Deadly Poison+1","Skewer+1","Terror","Backflip","Blur","Dodge and Roll","Escape Plan","Malaise+1","Acrobatics","Prepared+1","Backstab","Crippling Poison","Crippling Poison+1","Backflip+1","Adrenaline","Cloak And Dagger+1","A Thousand Cuts+1","After Image"],"special_seed":0,"relics":["Ring of the Serpent","Boot","Potion Belt","Ectoplasm","Vajra","Mercury Hourglass","Centennial Puzzle","Ancient Tea Set"],"potions_floor_usage":[],"damage_taken":[{"damage":0.0,"enemies":"Jaw Worm","floor":1.0,"turns":6.0},{"damage":0.0,"enemies":"2 Louse","floor":4.0,"turns":3.0},{"damage":6.0,"enemies":"Small Slimes","floor":7.0,"turns":5.0},{"damage":5.0,"enemies":"Exordium Wildlife","floor":8.0,"turns":5.0},{"damage":0.0,"enemies":"3 Louse","floor":11.0,"turns":2.0},{"damage":0.0,"enemies":"2 Fungi Beasts","floor":12.0,"turns":4.0},{"damage":2.0,"enemies":"Looter","floor":13.0,"turns":3.0},{"damage":6.0,"enemies":"3 Sentries","floor":14.0,"turns":8.0},{"damage":17.0,"enemies":"Hexaghost","floor":16.0,"turns":9.0},{"damage":0.0,"enemies":"Chosen","floor":18.0,"turns":3.0},{"damage":3.0,"enemies":"3 Byrds","floor":19.0,"turns":7.0},{"damage":21.0,"enemies":"Gremlin Leader","floor":24.0,"turns":8.0},{"damage":0.0,"enemies":"Shelled Parasite and Fungi","floor":25.0,"turns":6.0},{"damage":2.0,"enemies":"3 Cultists","floor":27.0,"turns":4.0},{"damage":6.0,"enemies":"Snake Plant","floor":28.0,"turns":3.0},{"damage":0.0,"enemies":"Chosen and Byrds","floor":29.0,"turns":4.0},{"damage":11.0,"enemies":"Slavers","floor":31.0,"turns":5.0},{"damage":0.0,"enemies":"Automaton","floor":33.0,"turns":9.0}],"seed_played":"-1928739766967433542","potions_obtained":[{"floor":7.0,"key":"AttackPotion"},{"floor":8.0,"key":"AttackPotion"},{"floor":12.0,"key":"Energy Potion"},{"floor":14.0,"key":"SteroidPotion"},{"floor":18.0,"key":"Poison Potion"},{"floor":24.0,"key":"SpeedPotion"},{"floor":27.0,"key":"SkillPotion"},{"floor":31.0,"key":"Explosive Potion"}],"is_trial":false,"path_per_floor":["M","?","$","M","T","R","M","M","T","R","M","M","M","E","R","B",null,"M","M","?","?","$","R","E","M","T","M","M","M","R","E","R","B",null],"character_chosen":"THE_SILENT","items_purchased":["Footwork","Dodge and Roll","Vajra","Crippling Poison"],"campfire_rested":1,"item_purchase_floors":[3,3,22,22],"current_hp_per_floor":[77,70,70,70,70,70,64,59,59,59,59,59,57,51,51,34,77,77,74,60,60,60,60,39,39,39,37,31,31,55,44,44,44,82],"gold":38,"neow_bonus":"TEN_PERCENT_HP_BONUS","is_prod":false,"is_daily":false,"chose_seed":false,"campfire_upgraded":5,"win_rate":0,"timestamp":1557651196,"path_taken":["M","?","$","M","?","R","M","M","T","R","M","M","M","E","R","BOSS","M","M","?","?","$","R","E","M","T","M","M","M","R","E","R","BOSS"],"build_version":"2019-05-07","purchased_purges":1,"victory":false,"max_hp_per_floor":[77,77,77,77,77,77,77,77,77,77,77,77,77,77,77,77,77,77,77,82,82,82,82,82,82,82,82,82,82,82,82,82,82,82],"card_choices":[{"not_picked":["Outmaneuver","Blade Dance"],"picked":"Quick Slash","floor":1.0},{"not_picked":["Finisher","Dodge and Roll"],"picked":"Deadly Poison","floor":4.0},{"not_picked":["Poisoned Stab","Infinite Blades"],"picked":"Skewer","floor":7.0},{"not_picked":["Slice","Blade Dance"],"picked":"Terror","floor":8.0},{"not_picked":["Expertise","Blade Dance"],"picked":"Backflip","floor":11.0},{"not_picked":["Quick Slash","Flechettes"],"picked":"Blur","floor":12.0},{"not_picked":["Leg Sweep","Distraction"],"picked":"Dodge and Roll","floor":13.0},{"not_picked":["Skewer","Deadly Poison"],"picked":"Escape Plan","floor":14.0},{"not_picked":["Burst","Storm of Steel"],"picked":"Malaise","floor":16.0},{"not_picked":["Deadly Poison+1","Sucker Punch+1"],"picked":"Acrobatics","floor":18.0},{"not_picked":["Dagger Spray","Quick Slash"],"picked":"Prepared+1","floor":19.0},{"not_picked":["Flying Knee","Poisoned Stab"],"picked":"Crippling Poison+1","floor":24.0},{"not_picked":["Flying Knee","Outmaneuver"],"picked":"Backflip+1","floor":25.0},{"not_picked":["Dash","Distraction"],"picked":"Adrenaline","floor":27.0},{"not_picked":["Eviscerate","Acrobatics"],"picked":"Cloak And Dagger+1","floor":28.0},{"not_picked":["Sucker Punch","Outmaneuver+1","Bane"],"picked":"SKIP","floor":29.0},{"not_picked":["Poisoned Stab","Dagger Spray+1"],"picked":"A Thousand Cuts","floor":31.0},{"not_picked":["Die Die Die","Phantasmal Killer"],"picked":"After Image","floor":33.0}],"player_experience":1376119,"relics_obtained":[{"floor":9.0,"key":"Boot"},{"floor":14.0,"key":"Potion Belt"},{"floor":24.0,"key":"Mercury Hourglass"},{"floor":26.0,"key":"Centennial Puzzle"},{"floor":31.0,"key":"Ancient Tea Set"}],"event_choices":[{"cards_removed":["Strike_G"],"damage_healed":0.0,"max_hp_gain":0.0,"max_hp_loss":0.0,"gold_gain":0.0,"event_name":"Golden Wing","player_choice":"Card Removal","floor":2.0,"gold_loss":0.0,"damage_taken":7.0},{"damage_healed":0.0,"max_hp_gain":5.0,"max_hp_loss":0.0,"gold_gain":0.0,"event_name":"Forgotten Altar","player_choice":"Shed Blood","floor":20.0,"gold_loss":0.0,"damage_taken":19.0},{"damage_healed":0.0,"max_hp_gain":0.0,"max_hp_loss":0.0,"gold_gain":0.0,"event_name":"The Library","player_choice":"Read","floor":21.0,"gold_loss":0.0,"damage_taken":0.0,"cards_obtained":["Backstab"]}],"is_beta":true,"boss_relics":[{"not_picked":["Tiny House","Eternal Feather"],"picked":"Ectoplasm"},{"not_picked":["Calling Bell","Busted Crown"],"picked":"Ring of the Serpent"}],"items_purged_floors":[22],"is_endless":false,"potions_floor_spawned":[7,8,12,14,18,24,27,31],"ascension_level":0}