{"gold_per_floor":[15,315,315,331,356,356,380,76,76,102,114,126,154,207,219,330,342,378,390,422,394,506,518,545,568,603,628,640],"floor_reached":28,"playtime":908,"items_purged":["Regret"],"score":388,"play_id":"f2474078-9ce3-4a3d-9dd9-d39e466c3f44","local_time":"20190416190429","is_ascension_mode":true,"campfire_choices":[{"data":"Dash","floor":6,"key":"SMITH"},{"data":"Caltrops","floor":12,"key":"SMITH"},{"floor":15,"key":"REST"},{"data":"Bullet Time","floor":23,"key":"SMITH"}],"neow_cost":"NO_GOLD","seed_source_timestamp":450498760608508,"circlet_count":0,"master_deck":["AscendersBane","Defend_G","Defend_G","Defend_G","Defend_G","Defend_G","Strike_G","Strike_G","Strike_G","Strike_G","Strike_G","Survivor","Neutralize","Quick Slash","Predator","Dash+1","Sucker Punch","Caltrops+1","Sucker Punch","Bullet Time+1","Escape Plan","Dagger Spray","Flying Knee"],"relics":["Ring of the Serpent","FossilizedHelix","Old Coin","Bloody Idol","Juzu Bracelet","MawBank","Bag of Preparation","Tough Bandages","Darkstone Periapt","Pen Nib"],"potions_floor_usage":[21,22,22,25],"damage_taken":[{"damage":0,"enemies":"Jaw Worm","floor":1,"turns":4},{"damage":0,"enemies":"2 Louse","floor":4,"turns":3},{"damage":0,"enemies":"Small Slimes","floor":5,"turns":2},{"damage":0,"enemies":"Red Slaver","floor":7,"turns":3},{"damage":6,"enemies":"3 Louse","floor":13,"turns":3},{"damage":19,"enemies":"Lagavulin","floor":14,"turns":7},{"damage":25,"enemies":"The Guardian","floor":16,"turns":14},{"damage":16,"enemies":"2 Thieves","floor":18,"turns":4},{"damage":0,"enemies":"Chosen","floor":20,"turns":5},{"damage":16,"enemies":"Colosseum Slavers","floor":22,"turns":5},{"damage":24,"enemies":"Colosseum Nobs","floor":22,"turns":5},{"damage":12,"enemies":"Snake Plant","floor":24,"turns":4},{"damage":19,"enemies":"Snecko","floor":25,"turns":5},{"damage":15,"enemies":"Sentry and Sphere","floor":27,"turns":5},{"damage":37,"enemies":"Gremlin Leader","floor":28,"turns":5}],"seed_played":"-6515748034799985846","potions_obtained":[{"floor":1,"key":"Energy Potion"},{"floor":13,"key":"Ancient Potion"},{"floor":21,"key":"Fruit Juice"},{"floor":21,"key":"PowerPotion"},{"floor":24,"key":"Fire Potion"}],"is_trial":false,"path_per_floor":["M","?","?","M","M","R","M","$","T","T","$","R","M","E","R","B",null,"M","?","M","?","?","R","M","M","T","M","E"],"character_chosen":"THE_SILENT","items_purchased":["Caltrops","Juzu Bracelet"],"campfire_rested":1,"item_purchase_floors":[8,8],"current_hp_per_floor":[63,63,46,46,46,46,46,46,46,46,46,46,40,21,42,17,57,41,41,51,61,31,36,34,25,35,30,0],"gold":640,"neow_bonus":"ONE_RARE_RELIC","is_prod":false,"is_daily":false,"chose_seed":false,"campfire_upgraded":3,"win_rate":0,"timestamp":1555452269,"path_taken":["M","?","?","M","M","R","M","$","T","?","$","R","M","E","R","BOSS","M","?","M","?","?","R","M","M","T","M","E"],"build_version":"2019-01-23","purchased_purges":1,"victory":false,"max_hp_per_floor":[70,70,70,70,70,70,70,70,70,70,70,70,70,70,70,70,70,70,70,70,75,75,75,75,75,75,75,75],"card_choices":[{"not_picked":["Tactician","Slice"],"picked":"Quick Slash","floor":1},{"not_picked":["Poisoned Stab","Backflip"],"picked":"Predator","floor":4},{"not_picked":["Dodge and Roll","PiercingWail"],"picked":"Dash","floor":5},{"not_picked":["Calculated Gamble","Slice"],"picked":"Sucker Punch","floor":7},{"not_picked":["Dagger Throw","Outmaneuver","Acrobatics"],"picked":"SKIP","floor":13},{"not_picked":["Predator","Prepared"],"picked":"Sucker Punch","floor":14},{"not_picked":["Unload","Corpse Explosion"],"picked":"Bullet Time","floor":16},{"not_picked":["Sucker Punch","Flying Knee"],"picked":"Escape Plan","floor":18},{"not_picked":["Distraction","Prepared","Dagger Throw"],"picked":"SKIP","floor":20},{"not_picked":["Quick Slash","Cloak And Dagger"],"picked":"Dagger Spray","floor":22},{"not_picked":["Poisoned Stab","Riddle With Holes+1"],"picked":"Flying Knee","floor":24},{"not_picked":["Outmaneuver","Blade Dance","Sucker Punch"],"picked":"SKIP","floor":25},{"not_picked":["Finisher","Quick Slash","Concentrate"],"picked":"SKIP","floor":27}],"player_experience":1135522,"relics_obtained":[{"floor":10,"key":"MawBank"},{"floor":14,"key":"Bag of Preparation"},{"floor":22,"key":"Tough Bandages"},{"floor":22,"key":"Darkstone Periapt"},{"floor":26,"key":"Pen Nib"}],"event_choices":[{"damage_healed":0,"gold_gain":0,"player_choice":"Box","damage_taken":0,"relics_obtained":["Old Coin"],"max_hp_gain":0,"max_hp_loss":0,"event_name":"Big Fish","floor":2,"gold_loss":0,"cards_obtained":["Regret"]},{"damage_healed":0,"gold_gain":0,"player_choice":"Take Damage","damage_taken":17,"relics_obtained":["Golden Idol"],"max_hp_gain":0,"max_hp_loss":0,"event_name":"Golden Idol","floor":3,"gold_loss":0},{"damage_healed":0,"gold_gain":0,"player_choice":"Gave Idol","damage_taken":0,"relics_obtained":["Bloody Idol"],"max_hp_gain":0,"max_hp_loss":0,"event_name":"Forgotten Altar","floor":19,"relics_lost":["Golden Idol"],"gold_loss":0},{"damage_healed":0,"gold_gain":0,"player_choice":"Bought 3 Potions","damage_taken":0,"max_hp_gain":0,"max_hp_loss":0,"event_name":"The Woman in Blue","floor":21,"gold_loss":0},{"damage_healed":0,"gold_gain":0,"player_choice":"Fight","damage_taken":0,"max_hp_gain":0,"max_hp_loss":0,"event_name":"Colosseum","floor":22,"gold_loss":0},{"damage_healed":0,"gold_gain":0,"player_choice":"Fought Nobs","damage_taken":0,"max_hp_gain":0,"max_hp_loss":0,"event_name":"Colosseum","floor":22,"gold_loss":0}],"is_beta":false,"boss_relics":[{"not_picked":["White Beast Statue","Philosopher\u0027s Stone"],"picked":"Ring of the Serpent"}],"items_purged_floors":[8],"is_endless":false,"potions_floor_spawned":[1,13,14,18,22,24],"killed_by":"Gremlin Leader","ascension_level":13}