{"gold_per_floor":[360,8,8,8,21,21,41,41,64,87,87,112,79,102,102,195,195,195,105,105,105,105,105,105,105],"floor_reached":25,"playtime":863,"items_purged":[],"score":366,"play_id":"f8b8d354-8aa0-400b-b335-9c992bec4f22","local_time":"20190411141919","is_ascension_mode":true,"campfire_choices":[{"data":"Noxious Fumes","floor":6,"key":"SMITH"},{"data":"Neutralize","floor":8,"key":"SMITH"},{"data":"Crippling Poison","floor":11,"key":"SMITH"},{"data":"Burst","floor":15,"key":"SMITH"},{"floor":23,"key":"REST"}],"neow_cost":"PERCENT_DAMAGE","seed_source_timestamp":1403210378580,"circlet_count":0,"master_deck":["AscendersBane","Defend_G","Defend_G","Defend_G","Defend_G","Defend_G","Strike_G","Strike_G","Strike_G","Strike_G+1","Strike_G","Survivor+1","Neutralize+1","Crippling Poison+1","Escape Plan+1","Well Laid Plans","Noxious Fumes+1","Dodge and Roll","Burst+1","Heel Hook","Corpse Explosion","Dash+1","Burst","Blur+1"],"relics":["Ring of the Snake","Lee\u0027s Waffle","Golden Idol","Strawberry","Ectoplasm"],"potions_floor_usage":[16,20,25,25],"damage_taken":[{"damage":0,"enemies":"Jaw Worm","floor":1,"turns":7},{"damage":3,"enemies":"2 Louse","floor":5,"turns":2},{"damage":5,"enemies":"Small Slimes","floor":7,"turns":4},{"damage":7,"enemies":"Exordium Thugs","floor":10,"turns":4},{"damage":0,"enemies":"Looter","floor":12,"turns":4},{"damage":0,"enemies":"Exordium Wildlife","floor":14,"turns":3},{"damage":18,"enemies":"Hexaghost","floor":16,"turns":9},{"damage":11,"enemies":"Spheric Guardian","floor":18,"turns":5},{"damage":0,"enemies":"3 Byrds","floor":20,"turns":2},{"damage":23,"enemies":"Snake Plant","floor":21,"turns":6},{"damage":13,"enemies":"Centurion and Healer","floor":22,"turns":6},{"damage":17,"enemies":"Shelled Parasite and Fungi","floor":24,"turns":3},{"damage":39,"enemies":"Gremlin Leader","floor":25,"turns":4}],"seed_played":"-1130349377537048750","potions_obtained":[{"floor":1,"key":"SteroidPotion"},{"floor":14,"key":"Block Potion"},{"floor":16,"key":"LiquidBronze"},{"floor":24,"key":"Poison Potion"}],"is_trial":false,"path_per_floor":["M","$","?","?","M","R","M","R","T","M","R","M","?","M","R","B",null,"M","?","M","M","M","R","M","E"],"character_chosen":"THE_SILENT","items_purchased":["Lee\u0027s Waffle","Escape Plan","Well Laid Plans"],"campfire_rested":1,"item_purchase_floors":[2,2,2],"current_hp_per_floor":[45,77,62,62,59,59,54,54,61,54,54,54,54,54,54,36,72,61,61,61,38,25,50,33,0],"gold":105,"neow_bonus":"TWO_FIFTY_GOLD","is_prod":false,"is_daily":false,"chose_seed":false,"campfire_upgraded":4,"win_rate":0,"timestamp":1555003159,"path_taken":["M","$","?","?","?","R","M","R","T","M","R","M","?","M","R","BOSS","M","?","M","?","M","R","M","E"],"build_version":"2019-01-23","purchased_purges":0,"victory":false,"max_hp_per_floor":[70,77,77,77,77,77,77,77,84,84,84,84,84,84,84,84,84,84,84,84,84,84,84,84,84],"card_choices":[{"not_picked":["Bane","Leg Sweep"],"picked":"Crippling Poison","floor":1},{"not_picked":["Dagger Spray","Flying Knee"],"picked":"Noxious Fumes","floor":5},{"not_picked":["Finisher","Underhanded Strike","Concentrate"],"picked":"SKIP","floor":7},{"not_picked":["Sucker Punch","Blade Dance"],"picked":"Dodge and Roll","floor":10},{"not_picked":["Leg Sweep","Dagger Spray"],"picked":"Burst","floor":12},{"not_picked":["Expertise","Outmaneuver"],"picked":"Heel Hook","floor":14},{"not_picked":["Tools of the Trade","After Image"],"picked":"Corpse Explosion","floor":16},{"not_picked":["Dodge and Roll","Dagger Spray+1"],"picked":"Dash+1","floor":18},{"not_picked":["Dagger Throw","Sucker Punch"],"picked":"Burst","floor":20},{"not_picked":["Acrobatics","Cloak And Dagger","Crippling Poison"],"picked":"SKIP","floor":21},{"not_picked":["Backflip","Quick Slash","Slice"],"picked":"SKIP","floor":22},{"not_picked":["Eviscerate+1","Calculated Gamble"],"picked":"Blur+1","floor":24}],"player_experience":1075467,"relics_obtained":[{"floor":9,"key":"Strawberry"}],"event_choices":[{"damage_healed":0,"gold_gain":0,"player_choice":"Entered Light","damage_taken":15,"max_hp_gain":0,"max_hp_loss":0,"event_name":"Shining Light","floor":3,"gold_loss":0,"cards_upgraded":["Escape Plan","Strike_G"]},{"damage_healed":0,"gold_gain":0,"player_choice":"Take Wound","damage_taken":0,"relics_obtained":["Golden Idol"],"max_hp_gain":0,"max_hp_loss":0,"event_name":"Golden Idol","floor":4,"gold_loss":0,"cards_obtained":["Injury"]},{"damage_healed":0,"gold_gain":0,"player_choice":"Left Gold","damage_taken":0,"max_hp_gain":0,"max_hp_loss":0,"event_name":"World of Goop","floor":13,"gold_loss":33},{"cards_removed":["Injury"],"damage_healed":0,"gold_gain":0,"player_choice":"Upgrade and Remove","damage_taken":0,"max_hp_gain":0,"max_hp_loss":0,"event_name":"Designer","floor":19,"gold_loss":90,"cards_upgraded":["Survivor"]}],"is_beta":false,"boss_relics":[{"not_picked":["White Beast Statue","Empty Cage"],"picked":"Ectoplasm"}],"items_purged_floors":[],"is_endless":false,"potions_floor_spawned":[1,14,16,18,24],"killed_by":"Gremlin Leader","ascension_level":13}