{"gold_per_floor":[114,114,129,45,57,84,84,25,109,109,123,123,182,192,192,270,270,280,295,314,314,324,324,354,354,354,354,54,54,84,99,99,170,170,186,186,200,200,214,214,247,46,69,98,112,112,128,144,144,144],"floor_reached":50,"playtime":1486,"items_purged":[],"score":1049,"play_id":"249b47ce-b92b-4e9f-9257-55f1a00cdd45","local_time":"20190420204310","is_ascension_mode":true,"campfire_choices":[{"floor":7,"key":"REST"},{"data":"Havoc","floor":12,"key":"SMITH"},{"floor":15,"key":"REST"},{"data":"Havoc","floor":23,"key":"SMITH"},{"floor":25,"key":"REST"},{"floor":27,"key":"REST"},{"data":"Heavy Blade","floor":29,"key":"SMITH"},{"data":"Feel No Pain","floor":32,"key":"SMITH"},{"floor":40,"key":"REST"},{"floor":46,"key":"RECALL"},{"floor":49,"key":"REST"}],"neow_cost":"TEN_PERCENT_HP_LOSS","seed_source_timestamp":801412227204009,"circlet_count":0,"master_deck":["AscendersBane","Strike_R","Strike_R","Strike_R","Strike_R","Defend_R","Defend_R","Defend_R","Defend_R","Bash","Immolate","Havoc+1","Seeing Red","Feel No Pain+1","Inflame","Headbutt","Havoc+1","Spot Weakness+1","Anger","Flame Barrier+1","Impervious+1","Carnage","Demon Form","Heavy Blade+1","Armaments+1","Twin Strike","Battle Trance+1","Limit Break+1","Sever Soul","Battle Trance+1","Metallicize+1","Heavy Blade","Seeing Red+1"],"relics":["Burning Blood","FaceOfCleric","Bronze Scales","Tiny Chest","Toxic Egg 2","Pen Nib","Busted Crown","Frozen Egg 2","Sling","Meat on the Bone","Sozu","Gambling Chip","Lantern","Orichalcum","Oddly Smooth Stone"],"potions_floor_usage":[13,33,33],"damage_taken":[{"damage":2,"enemies":"2 Louse","floor":1,"turns":2},{"damage":6,"enemies":"Cultist","floor":3,"turns":3},{"damage":12,"enemies":"Jaw Worm","floor":5,"turns":2},{"damage":49,"enemies":"Gremlin Nob","floor":6,"turns":5},{"damage":0,"enemies":"3 Louse","floor":11,"turns":1},{"damage":22,"enemies":"Lagavulin Event","floor":13,"turns":5},{"damage":7,"enemies":"Large Slime","floor":14,"turns":4},{"damage":41,"enemies":"The Guardian","floor":16,"turns":8},{"damage":10,"enemies":"3 Byrds","floor":18,"turns":2},{"damage":1,"enemies":"Spheric Guardian","floor":19,"turns":5},{"damage":10,"enemies":"Centurion and Healer","floor":20,"turns":6},{"damage":15,"enemies":"Snecko","floor":22,"turns":6},{"damage":44,"enemies":"Book of Stabbing","floor":24,"turns":5},{"damage":13,"enemies":"Slavers","floor":30,"turns":4},{"damage":24,"enemies":"Snake Plant","floor":31,"turns":4},{"damage":27,"enemies":"Collector","floor":33,"turns":7},{"damage":11,"enemies":"Orb Walker","floor":35,"turns":2},{"damage":16,"enemies":"3 Darklings","floor":37,"turns":4},{"damage":23,"enemies":"Writhing Mass","floor":39,"turns":5},{"damage":34,"enemies":"Reptomancer","floor":41,"turns":5},{"damage":4,"enemies":"Giant Head","floor":44,"turns":5},{"damage":14,"enemies":"4 Shapes","floor":45,"turns":5},{"damage":36,"enemies":"Spire Growth","floor":47,"turns":5},{"damage":5,"enemies":"Jaw Worm Horde","floor":48,"turns":3},{"damage":96,"enemies":"Time Eater","floor":50,"turns":8}],"seed_played":"-7716951624317231134","potions_obtained":[{"floor":3,"key":"SneckoOil"},{"floor":6,"key":"Block Potion"},{"floor":14,"key":"FearPotion"},{"floor":30,"key":"SteroidPotion"},{"floor":33,"key":"Energy Potion"}],"is_trial":false,"path_per_floor":["M","?","M","$","M","E","R","$","T","T","M","R","?","M","R","B",null,"M","M","M","?","M","R","E","R","T","R","$","R","E","M","R","B",null,"M","T","M","?","M","R","E","$","T","E","M","R","M","M","R","B"],"character_chosen":"IRONCLAD","items_purchased":["Feel No Pain","Havoc","Sling","Armaments+1","Twin Strike","Battle Trance+1","Metallicize+1","Heavy Blade"],"campfire_rested":6,"item_purchase_floors":[4,8,28,28,28,42,42,42],"current_hp_per_floor":[68,68,69,69,64,22,43,43,43,43,50,50,35,35,57,23,62,59,65,62,62,54,54,17,41,41,65,65,65,59,54,54,46,74,70,70,61,61,57,82,55,55,55,58,63,63,46,60,87,0],"gold":144,"neow_bonus":"THREE_RARE_CARDS","is_prod":false,"is_daily":false,"chose_seed":false,"campfire_upgraded":4,"win_rate":0,"timestamp":1555803790,"path_taken":["M","?","M","?","M","E","R","$","T","?","M","R","?","M","R","BOSS","M","M","M","?","M","R","E","R","T","R","$","R","E","M","R","BOSS","M","?","M","?","M","R","E","$","T","E","M","R","?","M","R","BOSS"],"build_version":"2019-01-23","purchased_purges":0,"victory":false,"max_hp_per_floor":[68,68,69,69,70,71,71,71,71,71,72,72,73,74,74,75,75,76,77,78,78,79,79,80,80,80,80,80,80,81,82,82,83,83,84,84,85,85,86,86,87,87,87,88,89,89,90,91,91,91],"card_choices":[{"not_picked":["Brutality","Impervious"],"picked":"Immolate","floor":0},{"not_picked":["True Grit","Shrug It Off"],"picked":"Havoc","floor":1},{"not_picked":["Headbutt","Heavy Blade"],"picked":"Seeing Red","floor":3},{"not_picked":["Armaments","Power Through"],"picked":"Inflame","floor":5},{"not_picked":["Wild Strike","Power Through"],"picked":"Headbutt","floor":6},{"not_picked":["Evolve","Intimidate+1"],"picked":"Spot Weakness+1","floor":11},{"not_picked":["Body Slam","Clash"],"picked":"Anger","floor":13},{"not_picked":["Clothesline","Berserk"],"picked":"Flame Barrier+1","floor":14},{"not_picked":["Brutality","Immolate"],"picked":"Impervious+1","floor":16},{"not_picked":[],"picked":"Carnage","floor":18},{"not_picked":["Perfected Strike"],"picked":"SKIP","floor":19},{"not_picked":["Fire Breathing"],"picked":"SKIP","floor":20},{"not_picked":["Dual Wield+1"],"picked":"SKIP","floor":22},{"not_picked":[],"picked":"Heavy Blade","floor":24},{"not_picked":[],"picked":"Battle Trance+1","floor":30},{"not_picked":["Pommel Strike"],"picked":"SKIP","floor":31},{"not_picked":[],"picked":"Limit Break+1","floor":33},{"not_picked":[],"picked":"Sever Soul","floor":35},{"not_picked":["Rampage"],"picked":"SKIP","floor":37},{"not_picked":["Twin Strike"],"picked":"SKIP","floor":39},{"not_picked":["Dropkick"],"picked":"SKIP","floor":41},{"not_picked":["Body Slam"],"picked":"SKIP","floor":44},{"not_picked":[],"picked":"Seeing Red+1","floor":45},{"not_picked":["Perfected Strike"],"picked":"SKIP","floor":47},{"not_picked":["Perfected Strike"],"picked":"SKIP","floor":48}],"player_experience":1168170,"relics_obtained":[{"floor":6,"key":"Bronze Scales"},{"floor":9,"key":"Tiny Chest"},{"floor":10,"key":"Toxic Egg 2"},{"floor":13,"key":"Pen Nib"},{"floor":24,"key":"Frozen Egg 2"},{"floor":30,"key":"Meat on the Bone"},{"floor":36,"key":"Gambling Chip"},{"floor":41,"key":"Lantern"},{"floor":43,"key":"Orichalcum"},{"floor":44,"key":"Oddly Smooth Stone"}],"event_choices":[{"damage_healed":0,"gold_gain":0,"player_choice":"Trade","damage_taken":0,"relics_obtained":["FaceOfCleric"],"max_hp_gain":0,"max_hp_loss":0,"event_name":"FaceTrader","floor":2,"gold_loss":0},{"damage_healed":0,"gold_gain":0,"player_choice":"Searched \u00272\u0027 times","damage_taken":0,"max_hp_gain":0,"max_hp_loss":0,"event_name":"Dead Adventurer","floor":13,"gold_loss":0},{"damage_healed":0,"gold_gain":0,"player_choice":"1 cards matched","damage_taken":0,"max_hp_gain":0,"max_hp_loss":0,"event_name":"Match and Keep!","floor":21,"gold_loss":0,"cards_obtained":["Demon Form"]},{"cards_removed":["Strike_R"],"damage_healed":0,"gold_gain":0,"player_choice":"Purged","damage_taken":0,"max_hp_gain":0,"max_hp_loss":0,"event_name":"Purifier","floor":38,"gold_loss":0}],"is_beta":false,"boss_relics":[{"not_picked":["Calling Bell","Pandora\u0027s Box"],"picked":"Busted Crown"},{"not_picked":["Velvet Choker","Runic Cube"],"picked":"Sozu"}],"items_purged_floors":[],"is_endless":false,"potions_floor_spawned":[3,6,11,14,20,22,30,31,33,39,41,45,47],"killed_by":"Time Eater","ascension_level":17}