{"gold_per_floor":[114,128,141,41,41,67,67,95,122,122,132,149,162,178,178,178],"floor_reached":16,"playtime":748,"items_purged":["Strike_G"],"score":188,"play_id":"941a0abd-cc89-4998-bae9-d32622e162a3","local_time":"20190419235515","is_ascension_mode":true,"campfire_choices":[{"data":"Blade Dance","floor":7,"key":"SMITH"},{"floor":15,"key":"REST"}],"neow_cost":"TEN_PERCENT_HP_LOSS","seed_source_timestamp":727315988780312,"circlet_count":0,"master_deck":["AscendersBane","Defend_G","Defend_G","Defend_G","Defend_G","Defend_G","Strike_G","Strike_G","Strike_G","Strike_G","Survivor","Neutralize","Die Die Die","PiercingWail","Finisher","Blade Dance+1","Blade Dance","Deadly Poison","Cloak And Dagger","Slice","Cloak And Dagger","Cloak And Dagger","Backflip"],"relics":["Ring of the Snake","Dream Catcher","Vajra","Lantern"],"potions_floor_usage":[8,16],"damage_taken":[{"damage":2,"enemies":"Cultist","floor":1,"turns":4},{"damage":0,"enemies":"2 Louse","floor":2,"turns":2},{"damage":0,"enemies":"Small Slimes","floor":3,"turns":2},{"damage":17,"enemies":"3 Sentries","floor":6,"turns":8},{"damage":35,"enemies":"Lagavulin","floor":8,"turns":6},{"damage":2,"enemies":"Exordium Thugs","floor":11,"turns":4},{"damage":2,"enemies":"3 Louse","floor":12,"turns":4},{"damage":0,"enemies":"2 Fungi Beasts","floor":13,"turns":3},{"damage":0,"enemies":"Lots of Slimes","floor":14,"turns":1},{"damage":27,"enemies":"Hexaghost","floor":16,"turns":9}],"seed_played":"3610738463441878224","potions_obtained":[{"floor":2,"key":"Ancient Potion"},{"floor":3,"key":"Weak Potion"},{"floor":8,"key":"Explosive Potion"},{"floor":10,"key":"SteroidPotion"}],"is_trial":false,"path_per_floor":["M","M","M","$","?","E","R","E","T","?","M","M","M","M","R","B"],"character_chosen":"THE_SILENT","items_purchased":["Blade Dance"],"campfire_rested":1,"item_purchase_floors":[4],"current_hp_per_floor":[61,61,61,61,61,44,44,9,9,9,7,5,5,5,23,0],"gold":178,"neow_bonus":"THREE_RARE_CARDS","is_prod":false,"is_daily":false,"chose_seed":false,"campfire_upgraded":1,"win_rate":0,"timestamp":1555728915,"path_taken":["M","M","?","$","?","E","R","E","T","?","?","M","M","?","R","BOSS"],"build_version":"2019-01-23","purchased_purges":1,"victory":false,"max_hp_per_floor":[63,63,63,63,63,63,63,63,63,63,63,63,63,63,63,63],"card_choices":[{"not_picked":["Phantasmal Killer","Doppelganger"],"picked":"Die Die Die","floor":0},{"not_picked":["Underhanded Strike","Cloak And Dagger"],"picked":"PiercingWail","floor":1},{"not_picked":["Blade Dance","Setup"],"picked":"Finisher","floor":2},{"not_picked":["Deadly Poison","Dodge and Roll"],"picked":"Blade Dance","floor":3},{"not_picked":["Wraith Form v2","Distraction"],"picked":"Deadly Poison","floor":6},{"not_picked":["Blur","Eviscerate"],"picked":"Cloak And Dagger","floor":8},{"not_picked":["Quick Slash","Flying Knee"],"picked":"Slice","floor":11},{"not_picked":["Slice","Choke"],"picked":"Cloak And Dagger","floor":12},{"not_picked":["Slice","Sucker Punch"],"picked":"Cloak And Dagger","floor":13},{"not_picked":["Acrobatics","PiercingWail"],"picked":"Backflip","floor":14}],"player_experience":1153938,"relics_obtained":[{"floor":6,"key":"Dream Catcher"},{"floor":8,"key":"Vajra"},{"floor":9,"key":"Lantern"}],"event_choices":[{"damage_healed":0,"gold_gain":0,"player_choice":"Ignored","damage_taken":0,"max_hp_gain":0,"max_hp_loss":0,"event_name":"Liars Game","floor":5,"gold_loss":0},{"damage_healed":0,"gold_gain":0,"player_choice":"Got Potions","damage_taken":0,"max_hp_gain":0,"max_hp_loss":0,"event_name":"Lab","floor":10,"gold_loss":0}],"is_beta":false,"boss_relics":[],"items_purged_floors":[4],"is_endless":false,"potions_floor_spawned":[2,3,8,12,14],"killed_by":"Hexaghost","ascension_level":13}