{"path_per_floor":["M","M","?","M","?","R","M","R","T","M","$","?","R","M","R","B",null,"M","?","M","?","?","R","M","E","T","M","M","E","M","E","R","B",null,"M","$","?","M","M","R","?","M","T","R","?","$","M","T","R","B"],"character_chosen":"DEFECT","items_purchased":["Apotheosis","Bottled Lightning","Defragment","Conserve Battery","Stack","Beam Cell"],"gold_per_floor":[112,130,130,149,149,149,167,167,167,184,8,8,8,22,22,117,117,132,132,151,151,151,151,171,203,203,218,230,263,275,305,305,403,403,414,42,42,53,69,69,69,81,81,81,81,6,23,23,23,23],"floor_reached":51,"campfire_rested":6,"playtime":2775,"item_purchase_floors":[11,36,36,36,46,46],"current_hp_per_floor":[60,58,58,56,49,71,64,64,64,58,58,58,75,70,70,34,75,74,85,85,85,85,85,82,81,81,83,85,75,70,35,66,37,105,102,102,89,61,56,87,87,72,72,103,93,93,84,84,105,13],"items_purged":[],"gold":23,"score":781,"play_id":"f39bbd55-36b0-45f3-8594-02ecc4953c82","local_time":"20180603024537","is_prod":false,"is_daily":false,"chose_seed":false,"is_ascension_mode":true,"campfire_upgraded":3,"win_rate":0.0,"timestamp":1528004737,"campfire_choices":[{"floor":6,"key":"REST"},{"data":"Biased Cognition","floor":8,"key":"SMITH"},{"floor":13,"key":"REST"},{"data":"Doom and Gloom","floor":15,"key":"SMITH"},{"data":"Redo","floor":23,"key":"SMITH"},{"floor":32,"key":"REST"},{"floor":40,"key":"REST"},{"floor":44,"key":"REST"},{"floor":49,"key":"REST"}],"path_taken":["M","M","?","?","?","R","M","R","T","M","$","?","R","M","R","BOSS","M","?","?","?","?","R","M","E","T","M","M","E","M","E","R","BOSS","M","$","?","M","M","R","?","M","T","R","?","?","M","?","R","BOSS"],"build_version":"2018-05-31","seed_source_timestamp":1135667120111852,"purchased_purges":0,"victory":true,"master_deck":["Strike_B+1","Strike_B+1","Strike_B+1","Strike_B+1","Defend_B+1","Defend_B+1","Defend_B+1","Defend_B+1","Zap","Dualcast","Biased Cognition+1","Go for the Eyes","Melter","Leap","Ball Lightning","Doom and Gloom+1","Apotheosis+1","Rainbow","Redo+1","Loop","Skim","Beam Cell+1","Redo+1","Cold Snap+1","Electrodynamics","Hologram+1","Defragment","Conserve Battery","Madness","Madness","Sweeping Beam","Streamline+1","Zap","Go for the Eyes","Conserve Battery+1","Secret Weapon","Magnetism","Flash of Steel","Stack","Beam Cell","Loop+1"],"max_hp_per_floor":[75,75,75,75,75,75,75,75,75,75,75,75,75,75,75,75,75,75,85,85,85,85,85,85,99,99,101,103,105,105,105,105,105,105,105,105,105,105,105,105,105,105,105,105,105,105,105,105,105,105],"relics":["Cracked Core","Kunai","Anchor","Sozu","Mango","Singing Bowl","Art of War","Boot","Runic Dome","Bottled Lightning","Mercury Hourglass","Toxic Egg 2"],"card_choices":[{"not_picked":["Hologram","Defragment"],"picked":"Go for the Eyes","floor":1},{"not_picked":["Cold Snap","Barrage"],"picked":"Melter","floor":2},{"not_picked":["Coolheaded","Compile Driver"],"picked":"Leap","floor":4},{"not_picked":["Aggregate","Coolheaded"],"picked":"Ball Lightning","floor":7},{"not_picked":["Hologram","Coolheaded"],"picked":"Doom and Gloom","floor":10},{"not_picked":["Reinforced Body","Chill"],"picked":"Multi-Cast","floor":14},{"not_picked":["Buffer","Reboot"],"picked":"Rainbow","floor":16},{"not_picked":["Coolheaded","Darkness"],"picked":"Redo","floor":18},{"not_picked":["Genetic Algorithm","Conserve Battery"],"picked":"Loop","floor":20},{"not_picked":["Genetic Algorithm","Barrage"],"picked":"Skim","floor":24},{"not_picked":["Hologram","Biased Cognition"],"picked":"Beam Cell+1","floor":25},{"not_picked":["Genetic Algorithm","Steam Power","Gash+1"],"picked":"Singing Bowl","floor":27},{"not_picked":["Redo","Barrage","Steam"],"picked":"Singing Bowl","floor":28},{"not_picked":["Fusion","Consume","Rainbow"],"picked":"Singing Bowl","floor":29},{"not_picked":["Cold Snap","Gash"],"picked":"Redo+1","floor":30},{"not_picked":["Coolheaded+1","Sweeping Beam"],"picked":"Cold Snap+1","floor":31},{"not_picked":["Thunder Strike","Machine Learning"],"picked":"Electrodynamics","floor":33},{"not_picked":["Tempest","Redo+1"],"picked":"Hologram+1","floor":35},{"not_picked":["Lockon","Loop+1"],"picked":"Sweeping Beam","floor":38},{"not_picked":["Leap+1","Gash"],"picked":"Streamline+1","floor":39},{"not_picked":["Go for the Eyes","Consume"],"picked":"Conserve Battery+1","floor":42},{"not_picked":["Purity","Apotheosis"],"picked":"Secret Weapon","floor":45},{"not_picked":["Trip","Flash of Steel"],"picked":"Magnetism","floor":45},{"not_picked":["Secret Weapon","Thinking Ahead"],"picked":"Flash of Steel","floor":45},{"not_picked":["Leap+1","Stack"],"picked":"Loop+1","floor":47}],"player_experience":266466,"potions_floor_usage":[25,33],"damage_taken":[{"damage":15,"enemies":"Small Slimes","floor":1,"turns":2},{"damage":2,"enemies":"2 Louse","floor":2,"turns":3},{"damage":2,"enemies":"Cultist","floor":4,"turns":3},{"damage":7,"enemies":"Blue Slaver","floor":7,"turns":3},{"damage":6,"enemies":"Large Slime","floor":10,"turns":3},{"damage":5,"enemies":"Gremlin Gang","floor":14,"turns":3},{"damage":36,"enemies":"Hexaghost","floor":16,"turns":7},{"damage":1,"enemies":"Shell Parasite","floor":18,"turns":3},{"damage":0,"enemies":"Chosen","floor":20,"turns":3},{"damage":3,"enemies":"Snake Plant","floor":24,"turns":3},{"damage":15,"enemies":"Slavers","floor":25,"turns":4},{"damage":0,"enemies":"Snecko","floor":27,"turns":3},{"damage":0,"enemies":"Centurion and Healer","floor":28,"turns":4},{"damage":12,"enemies":"Book of Stabbing","floor":29,"turns":5},{"damage":5,"enemies":"Snake Plant","floor":30,"turns":3},{"damage":35,"enemies":"Slavers","floor":31,"turns":5},{"damage":29,"enemies":"Automaton","floor":33,"turns":9},{"damage":3,"enemies":"Orb Walker","floor":35,"turns":3},{"damage":28,"enemies":"3 Darklings","floor":38,"turns":4},{"damage":5,"enemies":"4 Shapes","floor":39,"turns":5},{"damage":15,"enemies":"Sphere and 2 Shapes","floor":42,"turns":4},{"damage":9,"enemies":"Maw","floor":47,"turns":6},{"damage":92,"enemies":"Donu and Deca","floor":50,"turns":8}],"relics_obtained":[{"floor":9,"key":"Anchor"},{"floor":25,"key":"Mango"},{"floor":26,"key":"Singing Bowl"},{"floor":29,"key":"Art of War"},{"floor":31,"key":"Boot"},{"floor":43,"key":"Mercury Hourglass"},{"floor":48,"key":"Toxic Egg 2"}],"event_choices":[{"event_name":"Big Fish","player_choice":"Box","floor":3,"damage_taken":0},{"event_name":"Golden Wing","player_choice":"Card Removal","floor":5,"damage_taken":0},{"event_name":"Upgrade Shrine","player_choice":"Upgraded","floor":12,"damage_taken":0},{"event_name":"Bonfire Elementals","player_choice":"RARE","floor":19,"damage_taken":0},{"event_name":"Beggar","player_choice":"Ignored","floor":21,"damage_taken":0},{"event_name":"Back to Basics","player_choice":"Simplicity","floor":22,"damage_taken":0},{"event_name":"Winding Halls","player_choice":"Embrace Madness","floor":37,"damage_taken":0},{"event_name":"Match and Keep!","player_choice":"2 cards matched","floor":41,"damage_taken":0},{"event_name":"SensoryStone","player_choice":"Memory 3","floor":45,"damage_taken":0}],"boss_relics":[{"not_picked":["Runic Pyramid","Orrery"],"picked":"Sozu"},{"not_picked":["Pandora\u0027s Box","Eternal Feather"],"picked":"Runic Dome"}],"items_purged_floors":[],"potions_floor_spawned":[7,16,25,27,29,30,33,38,39,47],"seed_played":"-3231059827216973040","ascension_level":1,"potions_obtained":[{"floor":7,"key":"FearPotion"},{"floor":16,"key":"PowerPotion"}],"is_trial":false}