{"gold_per_floor":[114,114,139,139,159,159,192,205,205,22,22,35,106,106,106,196,196,217,50,70,85,85,85,85],"floor_reached":24,"playtime":707,"items_purged":[],"score":333,"play_id":"525819a1-d882-4885-a2ce-da9c96517a39","local_time":"20190420000717","is_ascension_mode":true,"campfire_choices":[{"data":"Gash","floor":6,"key":"SMITH"},{"floor":11,"key":"REST"},{"floor":15,"key":"REST"},{"floor":23,"key":"REST"}],"neow_cost":"NONE","seed_source_timestamp":728078314774024,"circlet_count":0,"master_deck":["AscendersBane","Zap","Dualcast","Compile Driver","FTL","Gash+1","Loop","Hologram","Static Discharge","Leap","Decay","Electrodynamics","Gash","Skim","Capacitor","Meteor Strike","Static Discharge","Streamline","Hello World","Aggregate","Steam","Hologram","Capacitor","Loop"],"relics":["Cracked Core","NeowsBlessing","Bloody Idol","Mercury Hourglass","The Courier","DataDisk","Ornamental Fan","Pandora\u0027s Box","PreservedInsect"],"potions_floor_usage":[7,21,24],"damage_taken":[{"damage":0,"enemies":"Small Slimes","floor":1,"turns":1},{"damage":0,"enemies":"2 Louse","floor":3,"turns":1},{"damage":0,"enemies":"Cultist","floor":5,"turns":1},{"damage":8,"enemies":"Gremlin Nob","floor":7,"turns":3},{"damage":6,"enemies":"Exordium Thugs","floor":8,"turns":3},{"damage":18,"enemies":"Large Slime","floor":12,"turns":4},{"damage":53,"enemies":"Slime Boss","floor":16,"turns":7},{"damage":17,"enemies":"Chosen","floor":18,"turns":4},{"damage":0,"enemies":"3 Byrds","floor":20,"turns":2},{"damage":31,"enemies":"Snake Plant","floor":21,"turns":4},{"damage":44,"enemies":"Book of Stabbing","floor":24,"turns":3}],"seed_played":"8869890097312776188","potions_obtained":[{"floor":1,"key":"Weak Potion"},{"floor":5,"key":"FocusPotion"},{"floor":8,"key":"LiquidBronze"},{"floor":16,"key":"Swift Potion"}],"is_trial":false,"path_per_floor":["M","?","M","?","M","R","E","M","T","$","R","M","T","?","R","B",null,"M","$","M","M","?","R","E"],"character_chosen":"DEFECT","items_purchased":["DataDisk","Hologram","Static Discharge","PreservedInsect","Hologram"],"campfire_rested":3,"item_purchase_floors":[10,10,10,19,19],"current_hp_per_floor":[64,47,47,47,47,47,39,33,33,33,54,36,36,36,57,4,54,37,37,37,6,6,27,0],"gold":85,"neow_bonus":"THREE_ENEMY_KILL","is_prod":false,"is_daily":false,"chose_seed":false,"campfire_upgraded":1,"win_rate":0,"timestamp":1555729637,"path_taken":["M","?","M","?","?","R","E","M","T","$","R","M","?","?","R","BOSS","M","?","M","M","?","R","E"],"build_version":"2019-01-23","purchased_purges":0,"victory":false,"max_hp_per_floor":[71,71,71,71,71,71,71,71,71,71,71,71,71,71,71,71,71,71,71,71,71,71,71,71],"card_choices":[{"not_picked":["Scrape","Recycle"],"picked":"Compile Driver","floor":1},{"not_picked":["Stack","Conserve Battery"],"picked":"FTL","floor":3},{"not_picked":["Rebound","Compile Driver"],"picked":"Gash","floor":5},{"not_picked":["Fusion","Reinforced Body"],"picked":"Loop","floor":7},{"not_picked":["Streamline","Turbo","Hello World"],"picked":"SKIP","floor":8},{"not_picked":["Barrage","Stack"],"picked":"Leap","floor":12},{"not_picked":["Core Surge","Biased Cognition"],"picked":"Electrodynamics","floor":16},{"not_picked":["Barrage","Force Field"],"picked":"Steam","floor":18},{"not_picked":["Skim","Barrage"],"picked":"Capacitor","floor":20},{"not_picked":["BootSequence","Cold Snap"],"picked":"Loop","floor":21}],"player_experience":1154686,"relics_obtained":[{"floor":7,"key":"The Courier"},{"floor":13,"key":"Ornamental Fan"}],"event_choices":[{"damage_healed":0,"gold_gain":0,"player_choice":"Take Damage","damage_taken":17,"relics_obtained":["Golden Idol"],"max_hp_gain":0,"max_hp_loss":0,"event_name":"Golden Idol","floor":2,"gold_loss":0},{"damage_healed":0,"gold_gain":0,"player_choice":"Gave Potion","damage_taken":0,"relics_obtained":["Mercury Hourglass"],"max_hp_gain":0,"max_hp_loss":0,"event_name":"WeMeetAgain","floor":4,"gold_loss":0},{"damage_healed":0,"gold_gain":0,"player_choice":"Cursed","damage_taken":0,"max_hp_gain":0,"max_hp_loss":0,"event_name":"Wheel of Change","floor":14,"gold_loss":0,"cards_obtained":["Decay"]},{"damage_healed":0,"gold_gain":0,"player_choice":"Gave Idol","damage_taken":0,"relics_obtained":["Bloody Idol"],"max_hp_gain":0,"max_hp_loss":0,"event_name":"Forgotten Altar","floor":22,"relics_lost":["Golden Idol"],"gold_loss":0}],"is_beta":false,"boss_relics":[{"not_picked":["Velvet Choker","White Beast Statue"],"picked":"Pandora\u0027s Box"}],"items_purged_floors":[],"is_endless":false,"potions_floor_spawned":[1,5,8,16,18],"killed_by":"Book of Stabbing","ascension_level":14}