{"gold_per_floor":[117,130,130,130,145,145,185,185,185,229,229,305,2,33,33,161,161,180,54,54,67,67,106,122,122,176,190,190,224,242,273,273,401,401,415,415,19,19,352,352,352,387,387,387,420,18,45,58,58,58,58,58,7,32,32],"floor_reached":56,"playtime":2717,"items_purged":["Strike_R","Defend_R"],"score":1565,"play_id":"f70aaf57-657f-42cd-87a3-180f39a36767","local_time":"20190305164228","is_ascension_mode":true,"campfire_choices":[{"data":"Inflame","floor":6,"key":"SMITH"},{"data":"Heavy Blade","floor":8,"key":"SMITH"},{"data":"1","floor":15,"key":"LIFT"},{"data":"2","floor":25,"key":"LIFT"},{"data":"3","floor":28,"key":"LIFT"},{"data":"Inflame","floor":32,"key":"SMITH"},{"floor":41,"key":"RECALL"},{"data":"Metallicize","floor":44,"key":"SMITH"},{"data":"Uppercut","floor":49,"key":"SMITH"},{"data":"Pommel Strike","floor":52,"key":"SMITH"}],"neow_cost":"NONE","seed_source_timestamp":349071348420180,"circlet_count":0,"master_deck":["Strike_R","Strike_R","Defend_R","Defend_R","Bash","Thunderclap","Inflame+1","Clash","Heavy Blade+1","Inflame+1","Warcry+1","Offering+1","True Grit+1","Headbutt","Intimidate+1","Immolate","Shrug It Off+1","Clash+1","Inflame+1","Iron Wave+1","Reaper","Armaments+1","Impatience+1","Metallicize+1","Flame Barrier+1","Pommel Strike+1","Uppercut+1","Burning Pact+1","Disarm+1","Iron Wave+1"],"relics":["Burning Blood","Lantern","Vajra","Omamori","Matryoshka","Red Skull","Girya","Toxic Egg 2","Dodecahedron","Philosopher\u0027s Stone","StoneCalendar","Bag of Preparation","Sundial","PreservedInsect","Runic Dome","Bronze Scales","Happy Flower","Bird Faced Urn","Torii","Pantograph","Centennial Puzzle","Ornamental Fan","Blue Candle"],"potions_floor_usage":[7,7,18,18,24,24,31,42,55,55,55],"damage_taken":[{"damage":6,"enemies":"Small Slimes","floor":1,"turns":3},{"damage":4,"enemies":"2 Louse","floor":2,"turns":3},{"damage":1,"enemies":"Jaw Worm","floor":5,"turns":3},{"damage":0,"enemies":"Lagavulin","floor":7,"turns":2},{"damage":17,"enemies":"3 Sentries","floor":10,"turns":5},{"damage":18,"enemies":"Lagavulin Event","floor":12,"turns":3},{"damage":0,"enemies":"Gremlin Nob","floor":14,"turns":1},{"damage":22,"enemies":"Hexaghost","floor":16,"turns":6},{"damage":6,"enemies":"3 Byrds","floor":18,"turns":3},{"damage":2,"enemies":"Spheric Guardian","floor":21,"turns":3},{"damage":6,"enemies":"Gremlin Leader","floor":23,"turns":2},{"damage":6,"enemies":"Shelled Parasite and Fungi","floor":24,"turns":4},{"damage":6,"enemies":"Centurion and Healer","floor":27,"turns":2},{"damage":6,"enemies":"Slavers","floor":29,"turns":2},{"damage":0,"enemies":"Snake Plant","floor":30,"turns":2},{"damage":0,"enemies":"Book of Stabbing","floor":31,"turns":3},{"damage":15,"enemies":"Automaton","floor":33,"turns":5},{"damage":0,"enemies":"Orb Walker","floor":35,"turns":1},{"damage":14,"enemies":"Nemesis","floor":42,"turns":3},{"damage":0,"enemies":"Reptomancer","floor":45,"turns":2},{"damage":6,"enemies":"Giant Head","floor":47,"turns":3},{"damage":0,"enemies":"3 Shapes","floor":48,"turns":2},{"damage":27,"enemies":"Donu and Deca","floor":50,"turns":5},{"damage":6,"enemies":"Shield and Spear","floor":54,"turns":2},{"damage":50,"enemies":"The Heart","floor":55,"turns":7}],"seed_played":"6127653791084278680","potions_obtained":[{"floor":1,"key":"SteroidPotion"},{"floor":2,"key":"AttackPotion"},{"floor":7,"key":"LiquidBronze"},{"floor":10,"key":"Swift Potion"},{"floor":16,"key":"Block Potion"},{"floor":23,"key":"GamblersBrew"},{"floor":24,"key":"FearPotion"},{"floor":27,"key":"LiquidBronze"},{"floor":31,"key":"EssenceOfSteel"},{"floor":33,"key":"Swift Potion"},{"floor":42,"key":"Block Potion"},{"floor":54,"key":"Dexterity Potion"}],"is_trial":false,"path_per_floor":["M","M","?","?","M","R","E","R","T","E","?","?","$","E","R","B",null,"M","$","?","M","?","E","M","R","T","M","R","E","M","E","R","B",null,"M","?","$","?","?","?","R","E","T","R","E","$","E","M","R","B",null,"R","$","E","B",null],"character_chosen":"IRONCLAD","items_purchased":["Toxic Egg 2","Warcry+1","Headbutt","Impatience+1","Metallicize","Flame Barrier+1","Dexterity Potion","Pantograph","Centennial Puzzle","FearPotion"],"campfire_rested":0,"item_purchase_floors":[13,13,19,37,37,37,37,46,46,53],"current_hp_per_floor":[80,80,60,27,32,32,38,38,38,27,47,35,35,41,41,25,80,80,80,80,80,80,80,80,80,80,80,80,80,80,80,80,71,80,80,80,80,80,80,80,80,72,72,72,80,80,80,80,80,60,80,80,80,80,63],"gold":32,"neow_bonus":"RANDOM_COMMON_RELIC","is_prod":false,"is_daily":false,"chose_seed":false,"campfire_upgraded":6,"win_rate":0,"timestamp":1551822148,"path_taken":["M","M","?","?","M","R","E","R","T","E","?","?","$","E","R","BOSS","M","$","?","M","?","E","M","R","T","M","R","E","M","E","R","BOSS","M","?","$","?","?","?","R","E","T","R","E","?","E","?","R","BOSS","R","$","E","BOSS"],"build_version":"2019-02-06","purchased_purges":2,"victory":true,"max_hp_per_floor":[80,80,80,80,80,80,80,80,80,80,80,80,80,80,80,80,80,80,80,80,80,80,80,80,80,80,80,80,80,80,80,80,80,80,80,80,80,80,80,80,80,80,80,80,80,80,80,80,80,80,80,80,80,80,80],"card_choices":[{"not_picked":["Corruption","Warcry"],"picked":"Thunderclap","floor":1},{"not_picked":["Sword Boomerang","Twin Strike"],"picked":"Inflame","floor":2},{"not_picked":["Fire Breathing","Pommel Strike"],"picked":"Clash","floor":5},{"not_picked":["Thunderclap","Body Slam"],"picked":"Heavy Blade","floor":7},{"not_picked":["Body Slam","Juggernaut"],"picked":"Inflame","floor":10},{"not_picked":["Wild Strike","Cleave","Thunderclap"],"picked":"SKIP","floor":14},{"not_picked":["Fiend Fire","Impervious+1"],"picked":"Offering+1","floor":16},{"not_picked":["Heavy Blade","Havoc+1"],"picked":"True Grit+1","floor":18},{"not_picked":["Wild Strike","Reckless Charge","Rupture"],"picked":"SKIP","floor":21},{"not_picked":["Brutality","Flex+1","Blood for Blood+1"],"picked":"SKIP","floor":23},{"not_picked":["Heavy Blade","Cleave"],"picked":"Clash+1","floor":24},{"not_picked":["Power Through+1","Clothesline"],"picked":"Inflame+1","floor":27},{"not_picked":["Headbutt","Spot Weakness+1","Barricade"],"picked":"SKIP","floor":29},{"not_picked":["Spot Weakness+1","Carnage","Perfected Strike"],"picked":"SKIP","floor":30},{"not_picked":["Rampage","Pommel Strike"],"picked":"Iron Wave+1","floor":31},{"not_picked":["Limit Break+1","Fiend Fire"],"picked":"Reaper","floor":33},{"not_picked":["Perfected Strike","Infernal Blade+1"],"picked":"Armaments+1","floor":35},{"not_picked":["Dropkick","Clash+1"],"picked":"Pommel Strike","floor":42},{"not_picked":["Sever Soul","Pommel Strike+1"],"picked":"Uppercut","floor":45},{"not_picked":["Spot Weakness+1","Inflame"],"picked":"Burning Pact+1","floor":47},{"not_picked":["Intimidate+1","Burning Pact+1"],"picked":"Disarm+1","floor":48},{"not_picked":["Headbutt+1","Intimidate+1"],"picked":"Iron Wave+1","floor":54}],"player_experience":4811500,"relics_obtained":[{"floor":7,"key":"Omamori"},{"floor":9,"key":"Matryoshka"},{"floor":10,"key":"Red Skull"},{"floor":12,"key":"Girya"},{"floor":14,"key":"Dodecahedron"},{"floor":23,"key":"StoneCalendar"},{"floor":26,"key":"Bag of Preparation"},{"floor":29,"key":"Sundial"},{"floor":31,"key":"PreservedInsect"},{"floor":42,"key":"Bronze Scales"},{"floor":43,"key":"Happy Flower"},{"floor":43,"key":"Bird Faced Urn"},{"floor":45,"key":"Torii"},{"floor":47,"key":"Ornamental Fan"},{"floor":54,"key":"Blue Candle"}],"event_choices":[{"damage_healed":0,"gold_gain":0,"player_choice":"Take Damage","damage_taken":20,"relics_obtained":["Golden Idol"],"max_hp_gain":0,"max_hp_loss":0,"event_name":"Golden Idol","floor":3,"gold_loss":0},{"damage_healed":0,"gold_gain":0,"player_choice":"Success","damage_taken":33,"relics_obtained":["Vajra"],"max_hp_gain":0,"max_hp_loss":0,"event_name":"Scrap Ooze","floor":4,"gold_loss":0},{"damage_healed":20,"gold_gain":0,"player_choice":"Healed and dodged fight","damage_taken":0,"max_hp_gain":0,"max_hp_loss":0,"event_name":"Mushrooms","floor":11,"gold_loss":0,"cards_obtained":["Parasite"]},{"damage_healed":0,"gold_gain":0,"player_choice":"Searched \u00272\u0027 times","damage_taken":0,"max_hp_gain":0,"max_hp_loss":0,"event_name":"Dead Adventurer","floor":12,"gold_loss":0},{"damage_healed":0,"gold_gain":0,"cards_transformed":["Strike_R","Strike_R"],"player_choice":"Became Test Subject","damage_taken":0,"max_hp_gain":0,"max_hp_loss":0,"event_name":"Drug Dealer","floor":20,"gold_loss":0,"cards_obtained":["Intimidate","Immolate"]},{"damage_healed":0,"gold_gain":0,"player_choice":"Read","damage_taken":0,"max_hp_gain":0,"max_hp_loss":0,"event_name":"The Library","floor":22,"gold_loss":0,"cards_obtained":["Shrug It Off"]},{"damage_healed":0,"gold_gain":0,"player_choice":"Ignored","damage_taken":0,"max_hp_gain":0,"max_hp_loss":0,"event_name":"Tomb of Lord Red Mask","floor":36,"gold_loss":0},{"cards_removed":["Defend_R"],"damage_healed":0,"gold_gain":0,"player_choice":"Removed Skill","damage_taken":0,"max_hp_gain":0,"max_hp_loss":0,"event_name":"Falling","floor":38,"gold_loss":0},{"damage_healed":0,"gold_gain":333,"player_choice":"Gave Idol","damage_taken":0,"max_hp_gain":0,"max_hp_loss":0,"event_name":"The Moai Head","floor":39,"relics_lost":["Golden Idol"],"gold_loss":0},{"damage_healed":20,"gold_gain":0,"player_choice":"Writhe","damage_taken":0,"max_hp_gain":0,"max_hp_loss":0,"event_name":"Winding Halls","floor":40,"gold_loss":0,"cards_obtained":["Writhe"]}],"is_beta":true,"boss_relics":[{"not_picked":["White Beast Statue","Astrolabe"],"picked":"Philosopher\u0027s Stone"},{"not_picked":["Runic Cube","Snecko Eye"],"picked":"Runic Dome"}],"items_purged_floors":[19,37],"is_endless":false,"potions_floor_spawned":[1,2,7,10,16,23,24,27,31,33,42,48,54],"ascension_level":1}