{"gold_per_floor":[114,65,65,83,95,127,141,141,141,141,200,158,192,205,205,303,303,322,67,67,84,46,46,58,58],"floor_reached":25,"playtime":1188,"items_purged":[],"score":282,"play_id":"8a8d3408-abc4-4027-b817-fcb0599c35d9","local_time":"20190415165429","is_ascension_mode":true,"campfire_choices":[{"data":"Infernal Blade","floor":8,"key":"SMITH"},{"floor":15,"key":"REST"},{"floor":23,"key":"REST"}],"neow_cost":"NONE","seed_source_timestamp":266083943347300,"circlet_count":0,"master_deck":["Strike_R","Strike_R","Strike_R","Strike_R","Strike_R","Defend_R","Defend_R","Defend_R","Defend_R","Armaments","Anger","Seeing Red","Heavy Blade","Iron Wave","Body Slam","Infernal Blade+1","Body Slam","Perfected Strike","Battle Trance","Inflame","Warcry+1","Thunderclap","Ghostly Armor"],"relics":["Burning Blood","NeowsBlessing","Boot","Bottled Lightning","Incense Burner","Singing Bowl","Orrery","Pear"],"potions_floor_usage":[13,16,16,25],"damage_taken":[{"damage":0,"enemies":"Jaw Worm","floor":1,"turns":1},{"damage":0,"enemies":"Small Slimes","floor":4,"turns":2},{"damage":0,"enemies":"Cultist","floor":5,"turns":1},{"damage":29,"enemies":"3 Sentries","floor":6,"turns":10},{"damage":1,"enemies":"Looter","floor":7,"turns":3},{"damage":25,"enemies":"3 Sentries","floor":11,"turns":10},{"damage":25,"enemies":"Gremlin Nob","floor":13,"turns":4},{"damage":4,"enemies":"Red Slaver","floor":14,"turns":3},{"damage":44,"enemies":"Hexaghost","floor":16,"turns":14},{"damage":1,"enemies":"Spheric Guardian","floor":18,"turns":4},{"damage":35,"enemies":"Shell Parasite","floor":21,"turns":6},{"damage":28,"enemies":"Snake Plant","floor":24,"turns":4},{"damage":79,"enemies":"Gremlin Leader","floor":25,"turns":7}],"seed_played":"-7891098366697823860","potions_obtained":[{"floor":7,"key":"SkillPotion"},{"floor":11,"key":"SkillPotion"},{"floor":13,"key":"SkillPotion"},{"floor":16,"key":"BloodPotion"},{"floor":18,"key":"Dexterity Potion"},{"floor":21,"key":"Energy Potion"}],"is_trial":false,"path_per_floor":["M","$","?","M","M","E","M","R","T","?","?","?","E","M","R","B",null,"M","$","?","M","$","R","M","E"],"character_chosen":"IRONCLAD","items_purchased":["Anger","Pear","Ghostly Armor"],"campfire_rested":2,"item_purchase_floors":[2,19,22],"current_hp_per_floor":[80,80,80,80,80,57,62,62,62,67,48,48,31,33,59,23,95,95,105,84,55,55,88,68,0],"gold":58,"neow_bonus":"THREE_ENEMY_KILL","is_prod":false,"is_daily":false,"chose_seed":false,"campfire_upgraded":1,"win_rate":0,"timestamp":1555361669,"path_taken":["M","$","?","M","M","E","M","R","T","?","?","?","E","M","R","BOSS","M","$","?","M","$","R","M","E"],"build_version":"2019-01-23","purchased_purges":0,"victory":false,"max_hp_per_floor":[80,80,80,80,80,80,80,80,80,85,85,85,87,87,87,89,95,95,105,110,110,110,110,112,112],"card_choices":[{"not_picked":["Anger","Entrench"],"picked":"Armaments","floor":1},{"not_picked":["Sword Boomerang","Dropkick"],"picked":"Heavy Blade","floor":4},{"not_picked":["Shockwave","Second Wind"],"picked":"Iron Wave","floor":5},{"not_picked":["Exhume","Clash"],"picked":"Body Slam","floor":6},{"not_picked":["Clash","Carnage"],"picked":"Infernal Blade","floor":7},{"not_picked":["Clash","Burning Pact"],"picked":"Body Slam","floor":11},{"not_picked":["Sever Soul","Offering","Intimidate"],"picked":"Singing Bowl","floor":13},{"not_picked":["Reckless Charge","Twin Strike"],"picked":"Perfected Strike","floor":14},{"not_picked":["Immolate","Berserk","Fiend Fire"],"picked":"Singing Bowl","floor":16},{"not_picked":["Warcry","Cleave","Iron Wave"],"picked":"Singing Bowl","floor":17},{"not_picked":["Sword Boomerang","Clothesline"],"picked":"Battle Trance","floor":17},{"not_picked":["True Grit","Warcry"],"picked":"Inflame","floor":17},{"not_picked":["True Grit","Body Slam","Cleave"],"picked":"Singing Bowl","floor":17},{"not_picked":["Clothesline","Reckless Charge","Warcry"],"picked":"Singing Bowl","floor":17},{"not_picked":["Clash","Pummel"],"picked":"Warcry+1","floor":18},{"not_picked":["True Grit+1","Corruption+1"],"picked":"Thunderclap","floor":21},{"not_picked":["Anger","Havoc","Body Slam"],"picked":"Singing Bowl","floor":24}],"player_experience":74082,"relics_obtained":[{"floor":6,"key":"Boot"},{"floor":9,"key":"Bottled Lightning"},{"floor":11,"key":"Incense Burner"},{"floor":13,"key":"Singing Bowl"}],"event_choices":[{"damage_healed":0,"gold_gain":0,"cards_transformed":["Bash"],"player_choice":"Change","damage_taken":0,"max_hp_gain":0,"max_hp_loss":0,"event_name":"Living Wall","floor":3,"gold_loss":0,"cards_obtained":["Seeing Red"]},{"damage_healed":0,"gold_gain":0,"player_choice":"Donut","damage_taken":0,"max_hp_gain":5,"max_hp_loss":0,"event_name":"Big Fish","floor":10,"gold_loss":0},{"damage_healed":0,"gold_gain":0,"player_choice":"Searched \u00271\u0027 times","damage_taken":0,"max_hp_gain":0,"max_hp_loss":0,"event_name":"Dead Adventurer","floor":11,"gold_loss":0},{"damage_healed":0,"gold_gain":0,"player_choice":"Left Gold","damage_taken":0,"max_hp_gain":0,"max_hp_loss":0,"event_name":"World of Goop","floor":12,"gold_loss":42},{"damage_healed":0,"gold_gain":0,"player_choice":"Shed Blood","damage_taken":26,"max_hp_gain":5,"max_hp_loss":0,"event_name":"Forgotten Altar","floor":20,"gold_loss":0}],"is_beta":false,"boss_relics":[{"not_picked":["Empty Cage","White Beast Statue"],"picked":"Orrery"}],"items_purged_floors":[],"is_endless":false,"potions_floor_spawned":[7,11,13,16,18,21],"killed_by":"Gremlin Leader","ascension_level":2}