{"gold_per_floor":[114,189,189,189,203,242,320,320,320,0,14,14,52,65,65,155,218,238,238,4,4,19,60,60,99,99,99,122,122,122,137,137,230,230,251,26,26,51,75,116,116,149,149,170,170,170],"floor_reached":46,"playtime":2130,"items_purged":["Strike_G"],"score":972,"play_id":"6922a826-771a-4521-9d08-82285754281e","local_time":"20190408221134","is_ascension_mode":true,"campfire_choices":[{"data":"Blade Dance","floor":8,"key":"SMITH"},{"data":"Footwork","floor":12,"key":"SMITH"},{"data":"Infinite Blades","floor":15,"key":"SMITH"},{"data":"Adrenaline","floor":24,"key":"SMITH"},{"data":"After Image","floor":27,"key":"SMITH"},{"data":"Accuracy","floor":30,"key":"SMITH"},{"data":"Noxious Fumes","floor":32,"key":"SMITH"},{"data":"A Thousand Cuts","floor":41,"key":"SMITH"}],"neow_cost":"NONE","seed_source_timestamp":640263836041913,"circlet_count":0,"master_deck":["AscendersBane","Defend_G+1","Defend_G+1","Defend_G+1","Defend_G+1","Defend_G+1","Strike_G+1","Strike_G+1","Strike_G+1","Survivor","Neutralize+1","Terror+1","Injury","Blade Dance+1","Dagger Spray","Footwork+1","Infinite Blades+1","Noxious Fumes+1","Adrenaline+1","Dodge and Roll","Mayhem+1","Well Laid Plans","After Image+1","Blur","Accuracy+1","Blind","A Thousand Cuts+1","Cloak And Dagger+1","Cloak And Dagger","Finisher","Dash"],"relics":["Ring of the Snake","NeowsBlessing","Golden Idol","Bird Faced Urn","Singing Bowl","Ginger","Sling","Gambling Chip","Tiny House","Tough Bandages","Bottled Tornado","WristBlade","The Courier","Frozen Egg 2","Shuriken"],"potions_floor_usage":[13,16,46],"damage_taken":[{"damage":0,"enemies":"2 Louse","floor":1,"turns":1},{"damage":0,"enemies":"Jaw Worm","floor":5,"turns":1},{"damage":0,"enemies":"3 Sentries","floor":6,"turns":1},{"damage":0,"enemies":"Cultist","floor":11,"turns":3},{"damage":5,"enemies":"Gremlin Nob","floor":13,"turns":3},{"damage":21,"enemies":"Gremlin Gang","floor":14,"turns":5},{"damage":2,"enemies":"Slime Boss","floor":16,"turns":9},{"damage":0,"enemies":"3 Byrds","floor":18,"turns":5},{"damage":11,"enemies":"2 Thieves","floor":22,"turns":4},{"damage":30,"enemies":"Gremlin Leader","floor":23,"turns":7},{"damage":20,"enemies":"Book of Stabbing","floor":25,"turns":6},{"damage":17,"enemies":"3 Cultists","floor":28,"turns":6},{"damage":5,"enemies":"Snake Plant","floor":31,"turns":4},{"damage":18,"enemies":"Collector","floor":33,"turns":14},{"damage":15,"enemies":"Orb Walker","floor":35,"turns":4},{"damage":34,"enemies":"3 Darklings","floor":38,"turns":4},{"damage":3,"enemies":"Maw","floor":39,"turns":7},{"damage":0,"enemies":"Giant Head","floor":40,"turns":6},{"damage":23,"enemies":"Nemesis","floor":42,"turns":9},{"damage":37,"enemies":"Sphere and 2 Shapes","floor":44,"turns":6},{"damage":78,"enemies":"Transient","floor":46,"turns":4}],"seed_played":"7839507368307684825","potions_obtained":[{"floor":5,"key":"SteroidPotion"},{"floor":6,"key":"GhostInAJar"},{"floor":17,"key":"SpeedPotion"},{"floor":33,"key":"EntropicBrew"}],"is_trial":false,"path_per_floor":["M","?","?","?","M","E","T","R","T","$","M","R","E","M","R","B",null,"M","?","$","?","M","E","R","E","T","R","M","?","R","M","R","B",null,"M","$","?","M","M","E","R","E","T","M","?","M"],"character_chosen":"THE_SILENT","items_purchased":["Footwork","Sling","Mayhem","Well Laid Plans","Cloak And Dagger","Mayhem"],"campfire_rested":0,"item_purchase_floors":[10,10,20,20,36,36],"current_hp_per_floor":[63,52,52,52,52,52,52,52,52,52,56,56,51,34,34,38,69,77,77,77,77,72,54,54,48,48,48,43,27,27,38,38,34,71,64,64,93,65,78,94,94,82,82,61,61,0],"gold":170,"neow_bonus":"THREE_ENEMY_KILL","is_prod":false,"is_daily":false,"chose_seed":false,"campfire_upgraded":8,"win_rate":0,"timestamp":1554772294,"path_taken":["M","?","?","?","?","E","?","R","T","$","M","R","E","M","R","BOSS","M","?","$","?","?","E","R","E","T","R","?","?","R","?","R","BOSS","M","$","?","?","M","E","R","E","T","M","?","M"],"build_version":"2019-01-23","purchased_purges":1,"victory":false,"max_hp_per_floor":[70,70,70,70,70,70,70,70,70,70,72,72,72,72,72,72,77,79,79,79,79,79,79,79,81,81,81,81,81,81,83,83,83,83,83,83,93,93,95,95,95,97,97,99,99,99],"card_choices":[{"not_picked":["Slice","Expertise"],"picked":"Terror","floor":1},{"not_picked":["Deadly Poison","Poisoned Stab"],"picked":"Blade Dance","floor":5},{"not_picked":["Dagger Throw","Calculated Gamble"],"picked":"Dagger Spray","floor":6},{"not_picked":["Flechettes","Deflect","Deadly Poison"],"picked":"Singing Bowl","floor":11},{"not_picked":["Die Die Die","Outmaneuver"],"picked":"Infinite Blades","floor":13},{"not_picked":["Dagger Throw","Acrobatics"],"picked":"Noxious Fumes","floor":14},{"not_picked":["Malaise","Storm of Steel"],"picked":"Adrenaline","floor":16},{"not_picked":["Dagger Throw","Blur"],"picked":"Dodge and Roll","floor":17},{"not_picked":["Acrobatics","Dagger Throw","Underhanded Strike"],"picked":"Singing Bowl","floor":18},{"not_picked":["All Out Attack","Poisoned Stab+1"],"picked":"After Image","floor":22},{"not_picked":["Bouncing Flask","Prepared"],"picked":"Blur","floor":23},{"not_picked":["Deflect","Quick Slash","Underhanded Strike"],"picked":"Singing Bowl","floor":25},{"not_picked":["Slice","Acrobatics"],"picked":"Accuracy","floor":28},{"not_picked":["Outmaneuver","Deadly Poison","Poisoned Stab"],"picked":"Singing Bowl","floor":31},{"not_picked":["Corpse Explosion","Tools of the Trade"],"picked":"A Thousand Cuts","floor":33},{"not_picked":["PiercingWail","Prepared"],"picked":"Cloak And Dagger+1","floor":35},{"not_picked":["Sucker Punch+1","Blade Dance"],"picked":"Finisher","floor":38},{"not_picked":["Crippling Poison","Dodge and Roll","Underhanded Strike"],"picked":"Singing Bowl","floor":39},{"not_picked":["Blade Dance","Night Terror"],"picked":"Dash","floor":40},{"not_picked":["Dodge and Roll","Deadly Poison","Infinite Blades"],"picked":"Singing Bowl","floor":42},{"not_picked":["Bane","Flying Knee","Blade Dance"],"picked":"Singing Bowl","floor":44}],"player_experience":1052012,"relics_obtained":[{"floor":6,"key":"Bird Faced Urn"},{"floor":7,"key":"Singing Bowl"},{"floor":9,"key":"Ginger"},{"floor":13,"key":"Gambling Chip"},{"floor":23,"key":"Tough Bandages"},{"floor":25,"key":"Bottled Tornado"},{"floor":40,"key":"The Courier"},{"floor":42,"key":"Frozen Egg 2"},{"floor":43,"key":"Shuriken"}],"event_choices":[{"damage_healed":0,"gold_gain":75,"player_choice":"Gather Gold","damage_taken":11,"max_hp_gain":0,"max_hp_loss":0,"event_name":"World of Goop","floor":2,"gold_loss":0},{"damage_healed":0,"gold_gain":0,"player_choice":"Take Wound","damage_taken":0,"relics_obtained":["Golden Idol"],"max_hp_gain":0,"max_hp_loss":0,"event_name":"Golden Idol","floor":3,"gold_loss":0,"cards_obtained":["Injury"]},{"damage_healed":0,"gold_gain":0,"player_choice":"Grow","damage_taken":0,"max_hp_gain":0,"max_hp_loss":0,"event_name":"Living Wall","floor":4,"gold_loss":0,"cards_upgraded":["Terror"]},{"damage_healed":0,"gold_gain":0,"player_choice":"Simplicity","damage_taken":0,"max_hp_gain":0,"max_hp_loss":0,"event_name":"Back to Basics","floor":19,"gold_loss":0,"cards_upgraded":["Defend_G","Defend_G","Defend_G","Defend_G","Defend_G","Strike_G","Strike_G","Strike_G","Strike_G"]},{"damage_healed":0,"gold_gain":0,"player_choice":"Forge","damage_taken":0,"max_hp_gain":0,"max_hp_loss":0,"event_name":"Accursed Blacksmith","floor":21,"gold_loss":0,"cards_upgraded":["Mayhem"]},{"damage_healed":0,"gold_gain":0,"player_choice":"CARD ","damage_taken":16,"max_hp_gain":0,"max_hp_loss":0,"event_name":"Knowing Skull","floor":29,"potions_obtained":[],"gold_loss":0,"cards_obtained":["Blind"]},{"cards_removed":["Mayhem"],"damage_healed":19,"gold_gain":0,"player_choice":"Offered Rare","damage_taken":0,"max_hp_gain":10,"max_hp_loss":0,"event_name":"Bonfire Elementals","floor":37,"gold_loss":0},{"cards_removed":["Strike_G"],"damage_healed":0,"gold_gain":0,"player_choice":"Removed Attack","damage_taken":0,"max_hp_gain":0,"max_hp_loss":0,"event_name":"Falling","floor":45,"gold_loss":0}],"is_beta":false,"boss_relics":[{"not_picked":["Ring of the Serpent","Cursed Key"],"picked":"Tiny House"},{"not_picked":["Busted Crown","Sozu"],"picked":"WristBlade"}],"items_purged_floors":[10],"is_endless":false,"potions_floor_spawned":[5,6,11,33,38,40],"killed_by":"Transient","ascension_level":13}