{"gold_per_floor":[119,119,6,17,17,42,42,69,96,96,6,6,23,41,41,137,137,154,165,27,27,45,73,73,130,156,156,175,175,175,185,185,185],"floor_reached":33,"playtime":1427,"items_purged":["Pain"],"score":442,"play_id":"46e88a19-1944-4877-bb68-3b87e7d97ed5","local_time":"20181221011550","is_ascension_mode":true,"campfire_choices":[{"data":"Crippling Poison","floor":10,"key":"SMITH"},{"data":"Impatience","floor":12,"key":"SMITH"},{"data":"Backstab","floor":15,"key":"SMITH"},{"floor":24,"key":"REST"},{"floor":27,"key":"REST"},{"data":"Corpse Explosion","floor":32,"key":"SMITH"}],"neow_cost":"NONE","seed_source_timestamp":698329690153973,"circlet_count":0,"master_deck":["Defend_G","Defend_G","Defend_G","Defend_G","Defend_G","Strike_G+1","Strike_G","Strike_G","Strike_G","Strike_G+1","Survivor","Neutralize","Crippling Poison+1","Backstab+1","Outmaneuver","All Out Attack","Infinite Blades","Impatience+1","Outmaneuver","Dash","Doppelganger","Backflip+1","Finisher+1","Unload","Escape Plan","Backstab+1","Corpse Explosion+1","Backstab+1","Dagger Spray+1"],"relics":["Ring of the Snake","NeowsBlessing","WarpedTongs","Whetstone","Centennial Puzzle","Bag of Marbles","Runic Pyramid","Smiling Mask","Tiny Chest","Anchor"],"potions_floor_usage":[8,23,25,33],"damage_taken":[{"damage":0,"enemies":"2 Louse","floor":1,"turns":1},{"damage":0,"enemies":"Cultist","floor":4,"turns":1},{"damage":0,"enemies":"3 Sentries","floor":6,"turns":1},{"damage":9,"enemies":"Gremlin Nob","floor":8,"turns":4},{"damage":0,"enemies":"Jaw Worm","floor":13,"turns":1},{"damage":8,"enemies":"Looter","floor":14,"turns":2},{"damage":0,"enemies":"Slime Boss","floor":16,"turns":8},{"damage":22,"enemies":"2 Thieves","floor":18,"turns":3},{"damage":18,"enemies":"Spheric Guardian","floor":19,"turns":5},{"damage":7,"enemies":"Snecko","floor":22,"turns":4},{"damage":3,"enemies":"Gremlin Leader","floor":23,"turns":5},{"damage":42,"enemies":"Book of Stabbing","floor":25,"turns":5},{"damage":0,"enemies":"Snake Plant","floor":28,"turns":2},{"damage":0,"enemies":"3 Cultists","floor":31,"turns":3},{"damage":67,"enemies":"Champ","floor":33,"turns":7}],"seed_played":"3552479532504989120","potions_obtained":[{"floor":4,"key":"Block Potion"},{"floor":7,"key":"PowerPotion"},{"floor":7,"key":"Regen Potion"},{"floor":8,"key":"Block Potion"},{"floor":25,"key":"Ancient Potion"}],"is_trial":false,"path_per_floor":["M","?","$","M","?","E","?","E","T","R","$","R","M","M","R","B",null,"M","M","$","?","M","E","R","E","T","R","M","?","?","M","R","B"],"character_chosen":"THE_SILENT","items_purchased":["Backstab","Impatience","Unload"],"campfire_rested":2,"item_purchase_floors":[3,11,20],"current_hp_per_floor":[70,70,70,70,70,70,70,61,61,61,61,61,61,53,53,53,70,48,30,30,30,23,34,55,13,13,34,34,57,57,57,57,0],"gold":185,"neow_bonus":"THREE_ENEMY_KILL","is_prod":false,"is_daily":false,"chose_seed":false,"campfire_upgraded":4,"win_rate":0,"timestamp":1545365750,"path_taken":["M","?","$","?","?","E","?","E","T","R","$","R","M","M","R","BOSS","M","?","$","?","M","E","R","E","T","R","M","?","?","M","R","BOSS"],"build_version":"2018-12-13","purchased_purges":1,"victory":false,"max_hp_per_floor":[70,70,70,70,70,70,70,70,70,70,70,70,70,70,70,70,70,70,70,70,70,70,70,70,70,70,70,70,70,70,70,70,70],"card_choices":[{"not_picked":["Dodge and Roll","Catalyst"],"picked":"Crippling Poison","floor":1},{"not_picked":["Heel Hook","Sucker Punch"],"picked":"Outmaneuver","floor":4},{"not_picked":["Backflip","Leg Sweep"],"picked":"All Out Attack","floor":6},{"not_picked":["Blade Dance","Accuracy"],"picked":"Infinite Blades","floor":8},{"not_picked":["Deadly Poison","Bane"],"picked":"Outmaneuver","floor":13},{"not_picked":["Terror","Heel Hook"],"picked":"Dash","floor":14},{"not_picked":["Burst","Malaise"],"picked":"Doppelganger","floor":16},{"not_picked":["Skewer","Slice"],"picked":"Backflip+1","floor":18},{"not_picked":["Masterful Stab","Blade Dance"],"picked":"Finisher+1","floor":19},{"not_picked":["Acrobatics","Leg Sweep"],"picked":"Escape Plan","floor":22},{"not_picked":["Poisoned Stab","PiercingWail+1"],"picked":"Backstab+1","floor":23},{"not_picked":["Deadly Poison","Venomology"],"picked":"Corpse Explosion","floor":25},{"not_picked":["Eviscerate+1","Deflect"],"picked":"Backstab+1","floor":28},{"not_picked":["Underhanded Strike","Deadly Poison"],"picked":"Dagger Spray+1","floor":31}],"player_experience":515732,"relics_obtained":[{"floor":6,"key":"Whetstone"},{"floor":8,"key":"Centennial Puzzle"},{"floor":9,"key":"Bag of Marbles"},{"floor":23,"key":"Smiling Mask"},{"floor":25,"key":"Tiny Chest"},{"floor":26,"key":"Anchor"}],"event_choices":[{"damage_healed":0,"gold_gain":0,"player_choice":"Rummage","damage_taken":0,"relics_obtained":["WarpedTongs"],"max_hp_gain":0,"max_hp_loss":0,"event_name":"Accursed Blacksmith","floor":2,"gold_loss":0,"cards_obtained":["Pain"]},{"damage_healed":0,"gold_gain":0,"player_choice":"Leave","damage_taken":0,"max_hp_gain":0,"max_hp_loss":0,"event_name":"The Cleric","floor":5,"gold_loss":0},{"damage_healed":0,"gold_gain":0,"player_choice":"Got Potions","damage_taken":0,"max_hp_gain":0,"max_hp_loss":0,"event_name":"Lab","floor":7,"gold_loss":0},{"damage_healed":0,"gold_gain":0,"player_choice":"Ignored","damage_taken":0,"max_hp_gain":0,"max_hp_loss":0,"event_name":"Vampires","floor":21,"gold_loss":0},{"damage_healed":23,"gold_gain":0,"player_choice":"Heal","damage_taken":0,"max_hp_gain":0,"max_hp_loss":0,"event_name":"The Library","floor":29,"gold_loss":0},{"damage_healed":0,"gold_gain":0,"player_choice":"Ignored","damage_taken":0,"max_hp_gain":0,"max_hp_loss":0,"event_name":"Ghosts","floor":30,"gold_loss":0}],"is_beta":false,"boss_relics":[{"not_picked":["Velvet Choker","White Beast Statue"],"picked":"Runic Pyramid"}],"items_purged_floors":[3],"is_endless":false,"potions_floor_spawned":[4,8,14,16,19,25],"killed_by":"Champ","ascension_level":4}