{"gold_per_floor":[114,38,38,38,38,68,68,101,101,101,126,103,130,141,141,244,244,230,230,230,230,230,230,257,257,282,282,299,309,309,321,321,426,426,443,457,457,33,133,161,161,161],"floor_reached":42,"playtime":1828,"items_purged":[],"score":683,"play_id":"33a967d7-b5b3-4da1-b3f9-b89c840bdd43","local_time":"20181231213514","is_ascension_mode":true,"campfire_choices":[{"data":"Flex","floor":7,"key":"SMITH"},{"data":"Armaments","floor":15,"key":"SMITH"},{"data":"Spot Weakness","floor":23,"key":"SMITH"},{"floor":25,"key":"REST"},{"data":"1","floor":27,"key":"LIFT"},{"floor":32,"key":"REST"},{"floor":41,"key":"REST"}],"neow_cost":"NONE","seed_source_timestamp":866880949196286,"circlet_count":0,"master_deck":["Strike_R+1","Strike_R+1","Strike_R+1","Strike_R+1","Strike_R+1","Defend_R+1","Defend_R+1","Defend_R+1","Defend_R+1","Bash","Shrug It Off","Spot Weakness+1","Flex+1","Headbutt","Armaments","Flex","Armaments+1","Exhume","Havoc+1","Clash","Feel No Pain+1","Whirlwind+1","Fire Breathing+1","Impervious","Heavy Blade","Combust","Demon Form","Power Through","Spot Weakness+1","Intimidate+1"],"relics":["Burning Blood","NeowsBlessing","Boot","Bag of Marbles","Paper Frog","StoneCalendar","Omamori","Gambling Chip","Cursed Key","Nilry\u0027s Codex","Vajra","Girya","Smiling Mask","Mark of Pain","Bottled Flame","Magic Flower","Happy Flower"],"potions_floor_usage":[13,24,24,33,42],"damage_taken":[{"damage":0,"enemies":"2 Louse","floor":1,"turns":1},{"damage":0,"enemies":"3 Sentries","floor":6,"turns":2},{"damage":0,"enemies":"Lagavulin","floor":8,"turns":1},{"damage":8,"enemies":"Gremlin Nob","floor":13,"turns":3},{"damage":0,"enemies":"Jaw Worm","floor":14,"turns":3},{"damage":67,"enemies":"Hexaghost","floor":16,"turns":11},{"damage":27,"enemies":"2 Thieves","floor":18,"turns":4},{"damage":49,"enemies":"Gremlin Leader","floor":24,"turns":7},{"damage":9,"enemies":"3 Byrds","floor":28,"turns":6},{"damage":9,"enemies":"3 Cultists","floor":29,"turns":5},{"damage":22,"enemies":"Shelled Parasite and Fungi","floor":31,"turns":4},{"damage":18,"enemies":"Champ","floor":33,"turns":9},{"damage":8,"enemies":"3 Darklings","floor":35,"turns":5},{"damage":18,"enemies":"3 Shapes","floor":36,"turns":2},{"damage":0,"enemies":"Mind Bloom Boss Battle","floor":39,"turns":3},{"damage":45,"enemies":"Reptomancer","floor":40,"turns":7},{"damage":74,"enemies":"Giant Head","floor":42,"turns":7}],"seed_played":"8205475745243296865","potions_obtained":[{"floor":6,"key":"Swift Potion"},{"floor":14,"key":"GamblersBrew"},{"floor":16,"key":"GamblersBrew"},{"floor":18,"key":"EssenceOfSteel"},{"floor":29,"key":"Weak Potion"},{"floor":39,"key":"Poison Potion"}],"is_trial":false,"path_per_floor":["M","$","?","$","?","E","R","E","T","?","T","$","E","M","R","B",null,"M","?","?","?","?","R","E","R","T","R","M","M","?","M","R","B",null,"M","M","?","$","?","E","R","E"],"character_chosen":"IRONCLAD","items_purchased":["Spot Weakness","Armaments","Demon Form","Power Through","Bottled Flame"],"campfire_rested":3,"item_purchase_floors":[2,12,38,38,38],"current_hp_per_floor":[78,78,75,75,75,80,80,80,80,80,80,80,78,80,80,19,65,44,28,54,54,54,54,11,35,35,35,32,29,29,13,37,25,66,64,52,52,52,58,22,46,0],"gold":161,"neow_bonus":"THREE_ENEMY_KILL","is_prod":false,"is_daily":false,"chose_seed":false,"campfire_upgraded":3,"win_rate":0,"timestamp":1546302914,"path_taken":["M","$","?","$","?","E","R","E","T","?","?","$","E","?","R","BOSS","M","?","?","?","?","R","E","R","T","R","M","M","?","M","R","BOSS","M","M","?","$","?","E","R","E"],"build_version":"2018-12-20","purchased_purges":0,"victory":false,"max_hp_per_floor":[80,80,80,80,80,80,80,80,80,80,80,80,80,80,80,80,80,80,80,80,80,80,80,80,80,80,80,80,80,80,80,80,80,80,80,80,80,80,80,80,80,80],"card_choices":[{"not_picked":["Perfected Strike","Headbutt"],"picked":"Shrug It Off","floor":1},{"not_picked":["Barricade","Thunderclap"],"picked":"Flex","floor":6},{"not_picked":["Reckless Charge","Juggernaut"],"picked":"Headbutt","floor":8},{"not_picked":["Thunderclap","Shrug It Off"],"picked":"Flex","floor":13},{"not_picked":["Clothesline","True Grit"],"picked":"Armaments","floor":14},{"not_picked":["Feed","Brutality"],"picked":"Exhume","floor":16},{"not_picked":["Clothesline","True Grit"],"picked":"Havoc+1","floor":18},{"not_picked":["Searing Blow+1","Rupture"],"picked":"Clash","floor":24},{"not_picked":["Dual Wield+1","Uppercut"],"picked":"Feel No Pain+1","floor":28},{"not_picked":["Flex","Armaments"],"picked":"Whirlwind+1","floor":29},{"not_picked":["Flame Barrier","Heavy Blade+1"],"picked":"Fire Breathing+1","floor":31},{"not_picked":["Reaper","Immolate"],"picked":"Impervious","floor":33},{"not_picked":["Pommel Strike","Burning Pact"],"picked":"Heavy Blade","floor":35},{"not_picked":["Clash","Perfected Strike"],"picked":"Combust","floor":36},{"not_picked":["Uppercut","Shrug It Off+1"],"picked":"Spot Weakness+1","floor":39},{"not_picked":["Reckless Charge","Cleave"],"picked":"Intimidate+1","floor":40}],"player_experience":592397,"relics_obtained":[{"floor":6,"key":"Bag of Marbles"},{"floor":8,"key":"Paper Frog"},{"floor":9,"key":"StoneCalendar"},{"floor":11,"key":"Omamori"},{"floor":13,"key":"Gambling Chip"},{"floor":19,"key":"Nilry\u0027s Codex"},{"floor":24,"key":"Girya"},{"floor":26,"key":"Smiling Mask"},{"floor":39,"key":"Magic Flower"},{"floor":40,"key":"Happy Flower"}],"event_choices":[{"damage_healed":0,"gold_gain":0,"player_choice":"Success","damage_taken":3,"relics_obtained":["Boot"],"max_hp_gain":0,"max_hp_loss":0,"event_name":"Scrap Ooze","floor":3,"gold_loss":0},{"damage_healed":0,"gold_gain":0,"player_choice":"Ignored","damage_taken":0,"max_hp_gain":0,"max_hp_loss":0,"event_name":"Golden Wing","floor":5,"gold_loss":0},{"damage_healed":0,"gold_gain":0,"player_choice":"Leave","damage_taken":0,"max_hp_gain":0,"max_hp_loss":0,"event_name":"The Cleric","floor":10,"gold_loss":0},{"damage_healed":0,"gold_gain":0,"player_choice":"Obtained Book","damage_taken":16,"max_hp_gain":0,"max_hp_loss":0,"event_name":"Cursed Tome","floor":19,"gold_loss":0},{"damage_healed":26,"gold_gain":0,"player_choice":"Heal","damage_taken":0,"max_hp_gain":0,"max_hp_loss":0,"event_name":"The Library","floor":20,"gold_loss":0},{"damage_healed":0,"gold_gain":0,"player_choice":"Simplicity","damage_taken":0,"max_hp_gain":0,"max_hp_loss":0,"event_name":"Back to Basics","floor":21,"gold_loss":0,"cards_upgraded":["Strike_R","Strike_R","Strike_R","Strike_R","Strike_R","Defend_R","Defend_R","Defend_R","Defend_R"]},{"damage_healed":0,"gold_gain":0,"player_choice":"Opened","damage_taken":0,"relics_obtained":["Vajra"],"max_hp_gain":0,"max_hp_loss":0,"event_name":"The Mausoleum","floor":22,"gold_loss":0},{"damage_healed":0,"gold_gain":0,"player_choice":"Ignored","damage_taken":0,"max_hp_gain":0,"max_hp_loss":0,"event_name":"Purifier","floor":30,"gold_loss":0},{"damage_healed":0,"gold_gain":0,"player_choice":"Ignored","damage_taken":0,"max_hp_gain":0,"max_hp_loss":0,"event_name":"Tomb of Lord Red Mask","floor":37,"gold_loss":0},{"damage_healed":0,"gold_gain":0,"player_choice":"Fight","damage_taken":0,"max_hp_gain":0,"max_hp_loss":0,"event_name":"MindBloom","floor":39,"gold_loss":0}],"is_beta":false,"boss_relics":[{"not_picked":["White Beast Statue","Pandora\u0027s Box"],"picked":"Cursed Key"},{"not_picked":["Philosopher\u0027s Stone","Astrolabe"],"picked":"Mark of Pain"}],"items_purged_floors":[],"is_endless":false,"potions_floor_spawned":[6,14,16,18,29,39],"killed_by":"Giant Head","ascension_level":7}