{"gold_per_floor":[110,121,139,239,252,252,262,262,262,295,307,335,347,388,400,487,499,464,40,58,58,70,70],"floor_reached":23,"playtime":836,"items_purged":["Strike_R"],"score":386,"play_id":"3c26e65a-4cd8-4289-99ea-b10011ae19a7","local_time":"20190506165842","is_ascension_mode":true,"campfire_choices":[{"data":"Armaments","floor":6,"key":"SMITH"},{"data":"Rage","floor":8,"key":"SMITH"},{"data":"Spot Weakness","floor":11,"key":"SMITH"},{"data":"Bash","floor":13,"key":"SMITH"},{"data":"Body Slam","floor":15,"key":"SMITH"}],"neow_cost":"NONE","seed_source_timestamp":147547317493000,"circlet_count":0,"master_deck":["AscendersBane","Strike_R","Defend_R","Defend_R","Defend_R","Defend_R","Bash+1","Headbutt","Clothesline","Rage+1","Flex","Armaments+1","Twin Strike","Thunderclap","Body Slam+1","Demon Form","Havoc+1","Spot Weakness+1","Berserk+1","Shockwave+1","Dropkick","Headbutt","Armaments+1"],"relics":["Burning Blood","Self Forming Clay","MawBank","Turnip","Astrolabe","Mummified Hand"],"potions_floor_usage":[14,16,16],"damage_taken":[{"damage":7,"enemies":"Cultist","floor":1,"turns":4},{"damage":7,"enemies":"Jaw Worm","floor":2,"turns":3},{"damage":6,"enemies":"2 Louse","floor":3,"turns":2},{"damage":9,"enemies":"2 Fungi Beasts","floor":5,"turns":4},{"damage":10,"enemies":"Large Slime","floor":7,"turns":6},{"damage":34,"enemies":"Gremlin Nob","floor":10,"turns":5},{"damage":3,"enemies":"Blue Slaver","floor":12,"turns":3},{"damage":31,"enemies":"Lagavulin","floor":14,"turns":8},{"damage":16,"enemies":"Hexaghost","floor":16,"turns":8},{"damage":25,"enemies":"2 Thieves","floor":18,"turns":5},{"damage":17,"enemies":"Chosen","floor":20,"turns":5},{"damage":42,"enemies":"Sentry and Sphere","floor":22,"turns":9},{"damage":40,"enemies":"Gremlin Leader","floor":23,"turns":4}],"seed_played":"7800761099637603037","potions_obtained":[{"floor":1,"key":"PowerPotion"},{"floor":3,"key":"EssenceOfSteel"},{"floor":5,"key":"Dexterity Potion"},{"floor":12,"key":"Regen Potion"},{"floor":14,"key":"Swift Potion"},{"floor":20,"key":"Dexterity Potion"}],"is_trial":false,"path_per_floor":["M","M","M","?","M","R","M","R","T","E","R","M","R","E","R","B",null,"M","$","M","?","M","E"],"character_chosen":"IRONCLAD","items_purchased":["Mummified Hand","Dropkick"],"campfire_rested":0,"item_purchase_floors":[19,19],"current_hp_per_floor":[67,66,66,66,63,63,59,59,59,31,31,34,34,24,24,14,60,41,41,30,75,39,0],"gold":70,"neow_bonus":"THREE_CARDS","is_prod":false,"is_daily":false,"chose_seed":false,"campfire_upgraded":5,"win_rate":0,"timestamp":1557154722,"path_taken":["M","M","M","?","M","R","?","R","T","E","R","M","R","E","R","BOSS","M","$","M","?","?","E"],"build_version":"2019-01-23","purchased_purges":1,"victory":false,"max_hp_per_floor":[75,75,75,75,75,75,75,75,75,75,75,75,75,75,75,75,75,75,75,75,75,75,75],"card_choices":[{"not_picked":["Clash","Pommel Strike"],"picked":"Headbutt","floor":0},{"not_picked":["Combust","Corruption"],"picked":"Clothesline","floor":1},{"not_picked":["Clash","Headbutt"],"picked":"Rage","floor":2},{"not_picked":["Intimidate","Reckless Charge"],"picked":"Flex","floor":3},{"not_picked":["Clothesline","Clash"],"picked":"Armaments","floor":5},{"not_picked":["Heavy Blade","Wild Strike"],"picked":"Twin Strike","floor":7},{"not_picked":["Dual Wield","Fiend Fire"],"picked":"Spot Weakness","floor":10},{"not_picked":["Feel No Pain","Anger"],"picked":"Thunderclap","floor":12},{"not_picked":["Headbutt","Clothesline"],"picked":"Body Slam","floor":14},{"not_picked":["Dark Embrace","Feed"],"picked":"Demon Form","floor":16},{"not_picked":["Ghostly Armor","Heavy Blade"],"picked":"Shockwave+1","floor":18},{"not_picked":["Pommel Strike","Combust+1"],"picked":"Headbutt","floor":20},{"not_picked":["Evolve","Warcry"],"picked":"Armaments+1","floor":22}],"player_experience":664044,"relics_obtained":[{"floor":9,"key":"Self Forming Clay"},{"floor":10,"key":"MawBank"},{"floor":14,"key":"Turnip"}],"event_choices":[{"damage_healed":0,"gold_gain":100,"player_choice":"Gold","damage_taken":0,"max_hp_gain":0,"max_hp_loss":0,"event_name":"Wheel of Change","floor":4,"gold_loss":0},{"cards_removed":["Spot Weakness"],"damage_healed":45,"gold_gain":0,"player_choice":"Offered Uncommon","damage_taken":0,"max_hp_gain":0,"max_hp_loss":0,"event_name":"Bonfire Elementals","floor":21,"gold_loss":0}],"is_beta":false,"boss_relics":[{"not_picked":["Fusion Hammer","Orrery"],"picked":"Astrolabe"}],"items_purged_floors":[19],"is_endless":false,"potions_floor_spawned":[1,3,5,12,14,20],"killed_by":"Gremlin Leader","ascension_level":18}