{"gold_per_floor":[110,110,110,110,122,122,150,150,201,233,233,267,267,18,18,113,113,132,143,155,2,14,14,39,91,91,117,217,217,166,181,181,280,280,290,302,302,354,80,80,111,125,125,125,225,225,241,256,256,256,256,256,43,77,77],"floor_reached":56,"playtime":1532,"items_purged":[],"score":1533,"play_id":"b2bd777f-2fde-430f-9be9-41805f44b9fb","local_time":"20190426123844","is_ascension_mode":true,"campfire_choices":[{"data":"Spot Weakness","floor":6,"key":"SMITH"},{"data":"Sword Boomerang","floor":8,"key":"SMITH"},{"floor":15,"key":"REST"},{"data":"Immolate","floor":23,"key":"SMITH"},{"data":"Heavy Blade","floor":32,"key":"SMITH"},{"floor":40,"key":"RECALL"},{"floor":46,"key":"REST"},{"floor":49,"key":"REST"},{"floor":52,"key":"REST"}],"neow_cost":"NONE","seed_source_timestamp":1200783722613900,"circlet_count":0,"master_deck":["Strike_R","Strike_R","Strike_R","Strike_R","Strike_R+1","Defend_R","Defend_R","Defend_R","Defend_R","Bash","Thunderclap+1","Spot Weakness+1","Sword Boomerang+1","Whirlwind+1","Twin Strike","Immolate+1","Ghostly Armor+1","Disarm+1","Intimidate+1","Iron Wave+1","Rage+1","Heavy Blade+1","Body Slam+1","Limit Break+1","Thunderclap+1","Flex+1","Infernal Blade+1","Sword Boomerang+1","Infernal Blade+1","Pummel+1","Heavy Blade+1","Spot Weakness+1"],"relics":["Black Blood","NeowsBlessing","Lantern","Matryoshka","Letter Opener","Pen Nib","Anchor","Juzu Bracelet","Toxic Egg 2","Brimstone","Bag of Preparation","Vajra","Whetstone","Happy Flower","Centennial Puzzle","StoneCalendar","Meat on the Bone","Fusion Hammer","Calipers","Chemical X","Oddly Smooth Stone","Molten Egg 2","Thread and Needle","Bag of Marbles","Gambling Chip"],"potions_floor_usage":[10,12,16,24,24,55,55],"damage_taken":[{"damage":0,"enemies":"2 Louse","floor":1,"turns":1},{"damage":0,"enemies":"Jaw Worm","floor":5,"turns":1},{"damage":0,"enemies":"3 Sentries","floor":7,"turns":2},{"damage":45,"enemies":"Lagavulin","floor":10,"turns":6},{"damage":16,"enemies":"Gremlin Nob","floor":12,"turns":3},{"damage":32,"enemies":"The Guardian","floor":16,"turns":5},{"damage":0,"enemies":"Chosen","floor":18,"turns":3},{"damage":4,"enemies":"3 Byrds","floor":19,"turns":3},{"damage":2,"enemies":"Centurion and Healer","floor":20,"turns":3},{"damage":0,"enemies":"Cultist and Chosen","floor":22,"turns":2},{"damage":16,"enemies":"Book of Stabbing","floor":24,"turns":4},{"damage":0,"enemies":"Slavers","floor":27,"turns":1},{"damage":0,"enemies":"Colosseum Slavers","floor":28,"turns":2},{"damage":0,"enemies":"Colosseum Nobs","floor":28,"turns":2},{"damage":0,"enemies":"Snake Plant","floor":31,"turns":2},{"damage":3,"enemies":"Collector","floor":33,"turns":5},{"damage":0,"enemies":"3 Shapes","floor":35,"turns":1},{"damage":0,"enemies":"3 Darklings","floor":36,"turns":2},{"damage":0,"enemies":"2 Orb Walkers","floor":38,"turns":1},{"damage":0,"enemies":"Reptomancer","floor":41,"turns":2},{"damage":0,"enemies":"Spire Growth","floor":42,"turns":1},{"damage":0,"enemies":"Mind Bloom Boss Battle","floor":45,"turns":2},{"damage":0,"enemies":"Transient","floor":47,"turns":5},{"damage":6,"enemies":"4 Shapes","floor":48,"turns":1},{"damage":32,"enemies":"Time Eater","floor":50,"turns":5},{"damage":0,"enemies":"Shield and Spear","floor":54,"turns":2},{"damage":69,"enemies":"The Heart","floor":55,"turns":5}],"seed_played":"852584989250313480","potions_obtained":[{"floor":5,"key":"LiquidBronze"},{"floor":7,"key":"Ancient Potion"},{"floor":10,"key":"FearPotion"},{"floor":20,"key":"SpeedPotion"},{"floor":22,"key":"SpeedPotion"},{"floor":27,"key":"FairyPotion"},{"floor":31,"key":"Dexterity Potion"},{"floor":36,"key":"PowerPotion"},{"floor":38,"key":"BloodPotion"},{"floor":48,"key":"SteroidPotion"}],"is_trial":false,"path_per_floor":["M","?","?","T","M","R","E","R","T","E","?","E","?","$","R","B",null,"M","M","M","$","M","R","E","T","T","E","?","?","$","M","R","B",null,"M","M","?","?","$","R","E","M","T","?","?","R","M","M","R","B",null,"R","$","E","B",null],"character_chosen":"IRONCLAD","items_purchased":["Brimstone","SteroidPotion","Bag of Preparation","Heavy Blade","Chemical X","Infernal Blade+1","Bag of Marbles","Spot Weakness+1"],"campfire_rested":4,"item_purchase_floors":[14,14,21,30,39,39,53,53],"current_hp_per_floor":[80,80,80,80,80,80,80,80,80,41,41,31,31,31,55,29,80,80,80,80,80,80,80,74,74,74,80,80,80,80,80,80,80,80,80,80,76,76,76,76,76,76,76,76,76,76,76,76,76,54,76,76,76,76,36],"gold":77,"neow_bonus":"THREE_ENEMY_KILL","is_prod":false,"is_daily":false,"chose_seed":false,"campfire_upgraded":4,"win_rate":0,"timestamp":1556296724,"path_taken":["M","?","?","?","M","R","E","R","T","E","?","E","?","$","R","BOSS","M","M","M","$","M","R","E","?","T","E","?","?","$","M","R","BOSS","M","M","?","?","$","R","E","M","T","?","?","R","M","M","R","BOSS","R","$","E","BOSS"],"build_version":"2019-01-23","purchased_purges":0,"victory":true,"max_hp_per_floor":[80,80,80,80,80,80,80,80,80,80,80,80,80,80,80,80,80,80,80,80,80,80,80,80,80,80,80,80,80,80,80,80,80,80,80,80,76,76,76,76,76,76,76,76,76,76,76,76,76,76,76,76,76,76,76],"card_choices":[{"not_picked":["Armaments","Wild Strike"],"picked":"Thunderclap","floor":1},{"not_picked":["Headbutt","Warcry"],"picked":"Spot Weakness","floor":5},{"not_picked":["Clothesline","Havoc"],"picked":"Sword Boomerang","floor":7},{"not_picked":["Intimidate","Uppercut"],"picked":"Whirlwind","floor":10},{"not_picked":["Anger","Offering"],"picked":"Twin Strike","floor":12},{"not_picked":["Dark Embrace","Juggernaut"],"picked":"Immolate","floor":16},{"not_picked":["Twin Strike","Clothesline"],"picked":"Ghostly Armor+1","floor":18},{"not_picked":["Clash+1","Iron Wave"],"picked":"Disarm+1","floor":19},{"not_picked":["Iron Wave","Thunderclap"],"picked":"Intimidate+1","floor":20},{"not_picked":["Inflame","Armaments+1","Havoc+1"],"picked":"SKIP","floor":22},{"not_picked":["Evolve","Warcry+1"],"picked":"Iron Wave+1","floor":24},{"not_picked":["Flex+1","Fire Breathing+1"],"picked":"Rage+1","floor":27},{"not_picked":["Thunderclap","Hemokinesis"],"picked":"Body Slam+1","floor":31},{"not_picked":["Berserk","Feed"],"picked":"Limit Break+1","floor":33},{"not_picked":["Twin Strike+1","Flame Barrier+1"],"picked":"Thunderclap+1","floor":35},{"not_picked":["Headbutt","Feel No Pain+1","Flame Barrier+1"],"picked":"SKIP","floor":36},{"not_picked":["Havoc+1","Body Slam"],"picked":"Flex+1","floor":38},{"not_picked":["Inflame","Armaments+1"],"picked":"Sword Boomerang+1","floor":41},{"not_picked":["Disarm+1","Armaments+1","Warcry+1"],"picked":"SKIP","floor":42},{"not_picked":["True Grit+1","Shrug It Off+1"],"picked":"Infernal Blade+1","floor":45},{"not_picked":["Bloodletting+1","Sword Boomerang+1"],"picked":"Pummel+1","floor":47},{"not_picked":["Dark Embrace","True Grit+1"],"picked":"Heavy Blade+1","floor":48},{"not_picked":["Combust+1","Reckless Charge+1","Rampage+1"],"picked":"SKIP","floor":54}],"player_experience":118223,"relics_obtained":[{"floor":4,"key":"Lantern"},{"floor":7,"key":"Matryoshka"},{"floor":9,"key":"Letter Opener"},{"floor":9,"key":"Pen Nib"},{"floor":10,"key":"Anchor"},{"floor":12,"key":"Toxic Egg 2"},{"floor":24,"key":"Vajra"},{"floor":25,"key":"Whetstone"},{"floor":25,"key":"Happy Flower"},{"floor":27,"key":"Centennial Puzzle"},{"floor":28,"key":"StoneCalendar"},{"floor":28,"key":"Meat on the Bone"},{"floor":38,"key":"Calipers"},{"floor":41,"key":"Oddly Smooth Stone"},{"floor":43,"key":"Molten Egg 2"},{"floor":45,"key":"Thread and Needle"},{"floor":54,"key":"Gambling Chip"}],"event_choices":[{"damage_healed":0,"gold_gain":0,"player_choice":"Ignored","damage_taken":0,"max_hp_gain":0,"max_hp_loss":0,"event_name":"Liars Game","floor":2,"gold_loss":0},{"damage_healed":0,"gold_gain":0,"player_choice":"Leave","damage_taken":0,"max_hp_gain":0,"max_hp_loss":0,"event_name":"The Cleric","floor":3,"gold_loss":0},{"damage_healed":0,"gold_gain":0,"player_choice":"Searched \u00271\u0027 times","damage_taken":0,"relics_obtained":["Juzu Bracelet"],"max_hp_gain":0,"max_hp_loss":0,"event_name":"Dead Adventurer","floor":11,"gold_loss":0},{"damage_healed":0,"gold_gain":0,"player_choice":"Forge","damage_taken":0,"max_hp_gain":0,"max_hp_loss":0,"event_name":"Accursed Blacksmith","floor":13,"gold_loss":0,"cards_upgraded":["Whirlwind"]},{"damage_healed":0,"gold_gain":0,"player_choice":"Fight","damage_taken":0,"max_hp_gain":0,"max_hp_loss":0,"event_name":"Colosseum","floor":28,"gold_loss":0},{"damage_healed":0,"gold_gain":0,"player_choice":"Fought Nobs","damage_taken":0,"max_hp_gain":0,"max_hp_loss":0,"event_name":"Colosseum","floor":28,"gold_loss":0},{"damage_healed":0,"gold_gain":0,"player_choice":"Ignored","damage_taken":0,"max_hp_gain":0,"max_hp_loss":0,"event_name":"Ghosts","floor":29,"gold_loss":0},{"damage_healed":0,"gold_gain":0,"player_choice":"Max HP","damage_taken":0,"max_hp_gain":0,"max_hp_loss":4,"event_name":"Winding Halls","floor":37,"gold_loss":0},{"damage_healed":0,"gold_gain":0,"player_choice":"Fight","damage_taken":0,"max_hp_gain":0,"max_hp_loss":0,"event_name":"Mysterious Sphere","floor":38,"gold_loss":0},{"damage_healed":0,"gold_gain":0,"player_choice":"0 cards matched","damage_taken":0,"max_hp_gain":0,"max_hp_loss":0,"event_name":"Match and Keep!","floor":44,"gold_loss":0,"cards_obtained":[]},{"damage_healed":0,"gold_gain":0,"player_choice":"Fight","damage_taken":0,"max_hp_gain":0,"max_hp_loss":0,"event_name":"MindBloom","floor":45,"gold_loss":0}],"is_beta":false,"boss_relics":[{"not_picked":["Ectoplasm","Coffee Dripper"],"picked":"Black Blood"},{"not_picked":["Runic Dome","White Beast Statue"],"picked":"Fusion Hammer"}],"items_purged_floors":[],"is_endless":false,"potions_floor_spawned":[5,7,10,20,22,27,31,36,38,48],"ascension_level":3}