{"gold_per_floor":[365,365,378,71,89,89,104,135,135,135,168,182,182,182,182,257,257,269,184,212,212,223,223,253,15,15,15,50,50,50,79,79,153,153,171,171,186,86,86,86,117,117,117,148,148,182,72,85,85,85],"floor_reached":51,"playtime":3534,"items_purged":["Strike_B","Strike_B"],"score":1496,"play_id":"c53dd7d1-8c05-4cef-b6c9-dee2bd7a0e25","local_time":"20190214211743","is_ascension_mode":true,"campfire_choices":[{"data":"Apotheosis","floor":6,"key":"SMITH"},{"data":"Machine Learning","floor":13,"key":"SMITH"},{"floor":15,"key":"REST"},{"floor":23,"key":"REST"},{"floor":27,"key":"REST"},{"data":"Coolheaded","floor":30,"key":"SMITH"},{"floor":32,"key":"REST"},{"floor":40,"key":"REST"},{"floor":49,"key":"REST"}],"neow_cost":"TEN_PERCENT_HP_LOSS","seed_source_timestamp":120380662809332,"circlet_count":0,"master_deck":["AscendersBane","Defend_B","Defend_B","Defend_B","Zap","Dualcast","Reinforced Body","Defragment","Apotheosis+1","Coolheaded","Cold Snap","Hologram","Coolheaded+1","Machine Learning+1","Biased Cognition","Ball Lightning","Capacitor","Go for the Eyes","Capacitor","Blizzard","Core Surge","Coolheaded","Flash of Steel+1","Barrage","Glacier+1","Blizzard+1"],"relics":["FrozenCore","StoneCalendar","Incense Burner","FossilizedHelix","Lantern","Red Mask","Omamori","Kunai","Pen Nib","Shuriken","Cursed Key","Bottled Lightning","Mercury Hourglass","Ancient Tea Set"],"potions_floor_usage":[5,11,12,16,20,28,28,31,46,50],"damage_taken":[{"damage":4,"enemies":"Jaw Worm","floor":1,"turns":4},{"damage":5,"enemies":"Small Slimes","floor":3,"turns":3},{"damage":0,"enemies":"2 Louse","floor":5,"turns":1},{"damage":1,"enemies":"Looter","floor":7,"turns":3},{"damage":8,"enemies":"Lagavulin","floor":8,"turns":8},{"damage":21,"enemies":"Gremlin Nob","floor":11,"turns":4},{"damage":0,"enemies":"2 Fungi Beasts","floor":12,"turns":4},{"damage":11,"enemies":"Hexaghost","floor":16,"turns":8},{"damage":16,"enemies":"3 Byrds","floor":18,"turns":7},{"damage":39,"enemies":"Masked Bandits","floor":20,"turns":6},{"damage":0,"enemies":"Chosen","floor":22,"turns":5},{"damage":0,"enemies":"Gremlin Leader","floor":24,"turns":8},{"damage":10,"enemies":"Slavers","floor":28,"turns":7},{"damage":21,"enemies":"Gremlin Leader","floor":31,"turns":5},{"damage":15,"enemies":"Collector","floor":33,"turns":10},{"damage":0,"enemies":"3 Shapes","floor":35,"turns":7},{"damage":0,"enemies":"3 Darklings","floor":37,"turns":5},{"damage":10,"enemies":"Nemesis","floor":41,"turns":7},{"damage":0,"enemies":"Giant Head","floor":44,"turns":7},{"damage":25,"enemies":"Reptomancer","floor":46,"turns":7},{"damage":0,"enemies":"Transient","floor":48,"turns":6},{"damage":8,"enemies":"Donu and Deca","floor":50,"turns":8}],"seed_played":"-739268629314939684","potions_obtained":[{"floor":1,"key":"Explosive Potion"},{"floor":7,"key":"Fruit Juice"},{"floor":11,"key":"SteroidPotion"},{"floor":12,"key":"Poison Potion"},{"floor":24,"key":"Regen Potion"},{"floor":28,"key":"PowerPotion"},{"floor":33,"key":"Fire Potion"},{"floor":37,"key":"Poison Potion"},{"floor":41,"key":"Weak Potion"}],"is_trial":false,"path_per_floor":["M","?","M","$","M","R","M","E","T","?","E","M","R","?","R","B",null,"M","?","?","?","M","R","E","$","T","R","E","$","R","E","R","B",null,"M","?","M","$","?","R","E","$","T","E","?","E","?","M","R","B",null],"character_chosen":"DEFECT","items_purchased":["Apotheosis","Coolheaded","PowerPotion","Blizzard","FocusPotion"],"campfire_rested":6,"item_purchase_floors":[4,4,4,25,25],"current_hp_per_floor":[60,53,48,48,48,48,47,39,39,44,23,28,28,28,50,39,65,49,49,10,25,25,47,47,47,47,69,70,70,70,49,71,56,70,70,70,70,70,60,74,64,64,64,64,64,39,39,39,61,53],"gold":85,"neow_bonus":"TWO_FIFTY_GOLD","is_prod":false,"is_daily":false,"chose_seed":false,"campfire_upgraded":3,"win_rate":0,"timestamp":1550179063,"path_taken":["M","?","M","$","M","R","M","E","T","?","E","M","R","?","R","BOSS","M","?","?","?","M","R","E","$","T","R","E","$","R","E","R","BOSS","M","?","M","$","?","R","E","?","T","E","?","E","?","M","R","BOSS"],"build_version":"2019-02-06","purchased_purges":2,"victory":true,"max_hp_per_floor":[64,64,64,64,64,64,64,64,64,69,69,74,74,74,74,74,74,74,74,74,74,74,74,74,74,74,74,74,74,74,74,74,74,74,74,74,74,74,74,74,74,74,74,74,74,74,74,74,74,74],"card_choices":[{"not_picked":["Scrape","Static Discharge"],"picked":"Reinforced Body","floor":1},{"not_picked":["Streamline","Rebound"],"picked":"Defragment","floor":3},{"not_picked":["Heatsinks","Stack"],"picked":"Streamline","floor":5},{"not_picked":["Sweeping Beam","Compile Driver"],"picked":"Cold Snap","floor":7},{"not_picked":["Undo","Consume"],"picked":"Hologram","floor":8},{"not_picked":["Beam Cell","BootSequence"],"picked":"Coolheaded","floor":11},{"not_picked":["Genetic Algorithm","Sweeping Beam"],"picked":"Machine Learning","floor":12},{"not_picked":["Meteor Strike","Thunder Strike"],"picked":"Biased Cognition","floor":16},{"not_picked":["Cold Snap","Redo"],"picked":"Ball Lightning","floor":18},{"not_picked":["Ball Lightning","Sweeping Beam"],"picked":"Capacitor","floor":20},{"not_picked":["Barrage","Redo"],"picked":"Go for the Eyes","floor":22},{"not_picked":["Conserve Battery","Scrape+1"],"picked":"Capacitor","floor":24},{"not_picked":["Sweeping Beam","Steam","Streamline"],"picked":"SKIP","floor":28},{"not_picked":["Static Discharge+1","Conserve Battery","Reboot"],"picked":"SKIP","floor":31},{"not_picked":["Meteor Strike","Rainbow"],"picked":"Core Surge","floor":33},{"not_picked":["Beam Cell","Rebound+1"],"picked":"Coolheaded","floor":35},{"not_picked":["Rip and Tear","Undo","Creative AI"],"picked":"SKIP","floor":37},{"not_picked":["Sadistic Nature","Good Instincts"],"picked":"Flash of Steel","floor":39},{"not_picked":["FTL","Cold Snap"],"picked":"Barrage","floor":41},{"not_picked":["Genetic Algorithm+1","Redo"],"picked":"Glacier+1","floor":44},{"not_picked":["Steam","Coolheaded","Self Repair"],"picked":"SKIP","floor":46},{"not_picked":["Conserve Battery","Leap"],"picked":"Blizzard+1","floor":48}],"player_experience":909793,"relics_obtained":[{"floor":8,"key":"StoneCalendar"},{"floor":9,"key":"Incense Burner"},{"floor":11,"key":"FossilizedHelix"},{"floor":20,"key":"Red Mask"},{"floor":24,"key":"Omamori"},{"floor":26,"key":"Kunai"},{"floor":28,"key":"Pen Nib"},{"floor":31,"key":"Shuriken"},{"floor":41,"key":"Bottled Lightning"},{"floor":44,"key":"Mercury Hourglass"},{"floor":46,"key":"Ancient Tea Set"}],"event_choices":[{"cards_removed":["Defend_B"],"damage_healed":0,"gold_gain":0,"player_choice":"Card Removal","damage_taken":7,"max_hp_gain":0,"max_hp_loss":0,"event_name":"Golden Wing","floor":2,"gold_loss":0},{"damage_healed":0,"gold_gain":0,"player_choice":"Donut","damage_taken":0,"max_hp_gain":5,"max_hp_loss":0,"event_name":"Big Fish","floor":10,"gold_loss":0},{"cards_removed":["Strike_B"],"damage_healed":0,"gold_gain":0,"player_choice":"Forget","damage_taken":0,"max_hp_gain":0,"max_hp_loss":0,"event_name":"Living Wall","floor":14,"gold_loss":0},{"damage_healed":0,"gold_gain":0,"player_choice":"Obtained Relic","damage_taken":0,"relics_obtained":["Lantern"],"max_hp_gain":0,"max_hp_loss":0,"event_name":"Addict","floor":19,"gold_loss":85},{"damage_healed":0,"gold_gain":0,"player_choice":"Fought Bandits","damage_taken":0,"max_hp_gain":0,"max_hp_loss":0,"event_name":"Masked Bandits","floor":20,"gold_loss":0},{"damage_healed":15,"gold_gain":0,"player_choice":"Heal","damage_taken":0,"max_hp_gain":0,"max_hp_loss":0,"event_name":"The Library","floor":21,"gold_loss":0},{"damage_healed":0,"gold_gain":0,"player_choice":"Ignored","damage_taken":0,"max_hp_gain":0,"max_hp_loss":0,"event_name":"Mysterious Sphere","floor":36,"gold_loss":0},{"damage_healed":0,"gold_gain":0,"player_choice":"Memory 3","damage_taken":10,"max_hp_gain":0,"max_hp_loss":0,"event_name":"SensoryStone","floor":39,"gold_loss":0},{"cards_removed":["Streamline"],"damage_healed":0,"gold_gain":0,"player_choice":"Removed Attack","damage_taken":0,"max_hp_gain":0,"max_hp_loss":0,"event_name":"Falling","floor":45,"gold_loss":0},{"cards_removed":["Strike_B"],"damage_healed":0,"gold_gain":0,"player_choice":"Upgrade and Remove","damage_taken":0,"max_hp_gain":0,"max_hp_loss":0,"event_name":"Designer","floor":47,"gold_loss":110,"cards_upgraded":["Flash of Steel"]}],"is_beta":true,"boss_relics":[{"not_picked":["White Beast Statue","Tiny House"],"picked":"FrozenCore"},{"not_picked":["Lizard Tail","Inserter"],"picked":"Cursed Key"}],"items_purged_floors":[25,38],"is_endless":false,"potions_floor_spawned":[1,7,11,12,24,28,33,37,41],"ascension_level":17}