{"gold_per_floor":[114,128,78,78,7,39,51,51,99,114,127,127,158,8,8,107,107,127,227,237,95,111,111,111,130,157,189,201,113,147,167,167,272,272,287,287,387,403,419,454,454,466,466,466,494,494,510,522,522,522],"floor_reached":50,"playtime":3787,"items_purged":["Defend_B","Injury"],"score":584,"play_id":"8d1c92f1-7f8c-44dc-9ef6-1b9ff05c9dbd","local_time":"20190327211322","is_ascension_mode":false,"campfire_choices":[{"floor":8.0,"key":"REST"},{"data":"Zap","floor":12.0,"key":"SMITH"},{"data":"Darkness","floor":15.0,"key":"SMITH"},{"data":"Conserve Battery","floor":23,"key":"SMITH"},{"floor":28,"key":"REST"},{"data":"Loop","floor":32,"key":"SMITH"},{"floor":41,"key":"REST"},{"data":"Reboot","floor":46,"key":"SMITH"},{"floor":49,"key":"REST"}],"neow_cost":"NONE","seed_source_timestamp":0,"circlet_count":0,"master_deck":["Strike_B+1","Strike_B+1","Defend_B+1","Defend_B+1","Defend_B+1","Zap+1","Dualcast","Sweeping Beam+1","Conserve Battery+1","Hologram","Sweeping Beam","Cold Snap","Cold Snap","All For One+1","BootSequence","Multi-Cast","FTL","Darkness+1","Seek","Go for the Eyes+1","Leap","Blizzard","Loop+1","Doom and Gloom+1","Coolheaded+1","Beam Cell","Leap+1","Genetic Algorithm","Reboot+1","Defragment+1","Blind","Apotheosis","Force Field+1","Conserve Battery+1","Fusion+1","White Noise","Hello World+1","Writhe","Barrage","Self Repair+1","Chaos+1","Stack+1"],"special_seed":0,"relics":["Cracked Core","Orichalcum","Oddly Smooth Stone","Anchor","Nunchaku","Cursed Key","Thread and Needle","Question Card","MawBank","Shuriken","Philosopher\u0027s Stone","StoneCalendar","Dodecahedron","Bronze Scales","Whetstone"],"potions_floor_usage":[],"damage_taken":[{"damage":4.0,"enemies":"2 Louse","floor":1.0,"turns":4.0},{"damage":15.0,"enemies":"Jaw Worm","floor":2.0,"turns":4.0},{"damage":28.0,"enemies":"Gremlin Nob","floor":6.0,"turns":5.0},{"damage":0.0,"enemies":"Cultist","floor":7.0,"turns":3.0},{"damage":0.0,"enemies":"Blue Slaver","floor":10.0,"turns":4.0},{"damage":0.0,"enemies":"Exordium Wildlife","floor":11.0,"turns":6.0},{"damage":7.0,"enemies":"3 Sentries","floor":13.0,"turns":5.0},{"damage":27.0,"enemies":"Slime Boss","floor":16.0,"turns":11.0},{"damage":10.0,"enemies":"Shell Parasite","floor":18.0,"turns":4.0},{"damage":6.0,"enemies":"Colosseum Slavers","floor":19.0,"turns":4.0},{"damage":18.0,"enemies":"Colosseum Nobs","floor":19.0,"turns":4.0},{"damage":0,"enemies":"Spheric Guardian","floor":20,"turns":3},{"damage":24,"enemies":"Snake Plant","floor":22,"turns":5},{"damage":1,"enemies":"Shelled Parasite and Fungi","floor":25,"turns":4},{"damage":0,"enemies":"Chosen and Byrds","floor":27,"turns":4},{"damage":0,"enemies":"Book of Stabbing","floor":30,"turns":4},{"damage":0,"enemies":"Snecko","floor":31,"turns":3},{"damage":30,"enemies":"Automaton","floor":33,"turns":10},{"damage":0,"enemies":"3 Darklings","floor":35,"turns":4},{"damage":19,"enemies":"Mind Bloom Boss Battle","floor":37,"turns":7},{"damage":5,"enemies":"3 Shapes","floor":38,"turns":4},{"damage":5,"enemies":"Spire Growth","floor":39,"turns":5},{"damage":14,"enemies":"Reptomancer","floor":40,"turns":5},{"damage":3,"enemies":"3 Darklings","floor":42,"turns":4},{"damage":17,"enemies":"Nemesis","floor":45,"turns":7},{"damage":0,"enemies":"Writhing Mass","floor":47,"turns":5},{"damage":9,"enemies":"Spire Growth","floor":48,"turns":5},{"damage":54,"enemies":"Donu and Deca","floor":50,"turns":6}],"seed_played":"2247969052789255300","potions_obtained":[{"floor":2.0,"key":"LiquidBronze"},{"floor":6.0,"key":"GamblersBrew"},{"floor":11.0,"key":"LiquidBronze"},{"floor":13.0,"key":"AttackPotion"}],"is_trial":false,"path_per_floor":["M","M","?","?","$","E","M","R","T","M","M","R","E","$","R","B",null,"M","?","M","$","M","R","?","M","T","M","R","$","E","M","R","B",null,"M","?","?","M","M","E","R","M","T","?","E","R","M","M","R","B"],"character_chosen":"DEFECT","items_purchased":["Hologram","Sweeping Beam","FTL","Darkness","Loop"],"campfire_rested":4,"item_purchase_floors":[5,5,14,14,21],"current_hp_per_floor":[71,56,56,41,41,13,13,35,35,35,35,35,28,28,28,1,75,65,41,41,41,17,17,17,16,16,16,38,38,38,38,38,8,75,75,70,51,46,41,27,49,46,46,46,29,29,39,30,52,0],"gold":522,"neow_bonus":"RANDOM_COMMON_RELIC","is_prod":false,"is_daily":false,"chose_seed":false,"campfire_upgraded":5,"win_rate":0.0,"timestamp":1553735602,"path_taken":["M","M","?","?","?","E","?","R","T","M","M","R","E","$","R","BOSS","M","?","M","$","M","R","?","M","T","M","R","?","E","M","R","BOSS","M","?","?","M","M","E","R","M","T","?","E","R","M","M","R","BOSS"],"build_version":"2019-01-23","purchased_purges":2,"victory":false,"max_hp_per_floor":[75,75,75,75,75,75,75,75,75,75,75,75,75,75,75,75,75,75,75,75,75,75,75,75,75,75,75,75,75,75,75,75,75,75,75,75,75,75,75,75,75,75,75,75,75,75,75,75,75,75],"card_choices":[{"not_picked":["Hologram","Gash"],"picked":"Sweeping Beam","floor":1.0},{"not_picked":["Redo","Chaos"],"picked":"Conserve Battery","floor":2.0},{"not_picked":["Ball Lightning","Tempest"],"picked":"Cold Snap","floor":6.0},{"not_picked":["Fusion","Auto Shields"],"picked":"Cold Snap","floor":7.0},{"not_picked":["Genetic Algorithm","Sweeping Beam"],"picked":"All For One","floor":10.0},{"not_picked":["Barrage","Compile Driver"],"picked":"BootSequence","floor":11.0},{"not_picked":["Steam","Aggregate"],"picked":"Multi-Cast","floor":13.0},{"not_picked":["All For One","Amplify"],"picked":"Seek","floor":16.0},{"not_picked":["Leap","Sweeping Beam"],"picked":"Go for the Eyes","floor":18.0},{"not_picked":["Hologram+1","Compile Driver+1"],"picked":"Leap","floor":19.0},{"not_picked":["Fusion","Hello World","Conserve Battery"],"picked":"Blizzard","floor":20},{"not_picked":["Reinforced Body","Steam","Consume"],"picked":"Doom and Gloom+1","floor":22},{"not_picked":["Barrage","Beam Cell","Consume"],"picked":"Coolheaded+1","floor":25},{"not_picked":["Doom and Gloom+1","Reprogram","Heatsinks"],"picked":"Beam Cell","floor":27},{"not_picked":["Creative AI","Cold Snap","Reprogram+1"],"picked":"Leap+1","floor":30},{"not_picked":["Darkness","Stack+1","Melter+1"],"picked":"Genetic Algorithm","floor":31},{"not_picked":["Multi-Cast","Rainbow","Fission"],"picked":"Reboot","floor":33},{"not_picked":["Leap+1","Sweeping Beam+1","Ball Lightning"],"picked":"Defragment+1","floor":35},{"not_picked":["Transmutation","Flash of Steel","Swift Strike"],"picked":"Blind","floor":36},{"not_picked":["Mayhem","Impatience","Finesse"],"picked":"Apotheosis","floor":36},{"not_picked":["Streamline","Compile Driver+1","Cold Snap+1"],"picked":"Force Field+1","floor":37},{"not_picked":["FTL","Steam","Force Field"],"picked":"Conserve Battery+1","floor":38},{"not_picked":["Stack+1","Cold Snap+1","Reboot"],"picked":"Fusion+1","floor":39},{"not_picked":["Glacier","Consume","Compile Driver+1"],"picked":"White Noise","floor":40},{"not_picked":["Static Discharge","Darkness","Gash"],"picked":"Hello World+1","floor":42},{"not_picked":["Beam Cell","Barrage","Compile Driver"],"picked":"Self Repair+1","floor":45},{"not_picked":["Barrage+1","Compile Driver","Lockon+1"],"picked":"Chaos+1","floor":47},{"not_picked":["Steam+1","Sweeping Beam","Glacier"],"picked":"Stack+1","floor":48}],"player_experience":5139,"relics_obtained":[{"floor":6.0,"key":"Oddly Smooth Stone"},{"floor":9.0,"key":"Anchor"},{"floor":13.0,"key":"Nunchaku"},{"floor":19.0,"key":"Thread and Needle"},{"floor":19.0,"key":"Question Card"},{"floor":26,"key":"MawBank"},{"floor":30,"key":"Shuriken"},{"floor":37,"key":"StoneCalendar"},{"floor":40,"key":"Dodecahedron"},{"floor":43,"key":"Bronze Scales"},{"floor":45,"key":"Whetstone"}],"event_choices":[{"cards_removed":["Strike_B"],"damage_healed":0.0,"max_hp_gain":0.0,"max_hp_loss":0.0,"gold_gain":0.0,"event_name":"The Cleric","player_choice":"Card Removal","floor":3.0,"gold_loss":50.0,"damage_taken":0.0},{"damage_healed":0.0,"max_hp_gain":0.0,"max_hp_loss":0.0,"gold_gain":0.0,"event_name":"Shining Light","player_choice":"Entered Light","floor":4.0,"gold_loss":0.0,"damage_taken":15.0,"cards_upgraded":["Sweeping Beam","Defend_B"]},{"damage_healed":0.0,"max_hp_gain":0.0,"max_hp_loss":0.0,"gold_gain":0.0,"event_name":"Colosseum","player_choice":"Fight","floor":19.0,"gold_loss":0.0,"damage_taken":0.0},{"damage_healed":0.0,"max_hp_gain":0.0,"max_hp_loss":0.0,"gold_gain":0.0,"event_name":"Colosseum","player_choice":"Fought Nobs","floor":19.0,"gold_loss":0.0,"damage_taken":0.0},{"damage_healed":0,"gold_gain":0,"player_choice":"Simplicity","damage_taken":0,"max_hp_gain":0,"max_hp_loss":0,"event_name":"Back to Basics","floor":24,"gold_loss":0,"cards_upgraded":["Strike_B","Strike_B","Strike_B","Defend_B","Defend_B"]},{"damage_healed":0,"gold_gain":0,"player_choice":"Memory 2","damage_taken":5,"max_hp_gain":0,"max_hp_loss":0,"event_name":"SensoryStone","floor":36,"gold_loss":0},{"damage_healed":0,"gold_gain":0,"player_choice":"Fight","damage_taken":0,"max_hp_gain":0,"max_hp_loss":0,"event_name":"MindBloom","floor":37,"gold_loss":0},{"damage_healed":0,"gold_gain":0,"cards_transformed":["Strike_B"],"player_choice":"Transformed","damage_taken":0,"max_hp_gain":0,"max_hp_loss":0,"event_name":"Transmorgrifier","floor":44,"gold_loss":0,"cards_obtained":["Barrage"]}],"is_beta":false,"boss_relics":[{"not_picked":["Ectoplasm","Eternal Feather"],"picked":"Cursed Key"},{"not_picked":["Calling Bell","White Beast Statue"],"picked":"Philosopher\u0027s Stone"}],"items_purged_floors":[21,29],"is_endless":false,"potions_floor_spawned":[2,6,11,13,20,25,27,30,33,40,42,45,47],"killed_by":"Donu and Deca","ascension_level":0}