{"gold_per_floor":[114,65,65,83,147,147,182,33,33,33,33,51,74,95,95,95],"floor_reached":16,"playtime":413,"items_purged":["Strike_B"],"score":181,"play_id":"f32415d0-0378-4c85-8ed2-c4244449bbff","local_time":"20190228182740","is_ascension_mode":true,"campfire_choices":[{"data":"Streamline","floor":6,"key":"SMITH"},{"data":"Streamline","floor":11,"key":"SMITH"},{"floor":15,"key":"REST"}],"neow_cost":"NONE","seed_source_timestamp":1227218725043764,"circlet_count":0,"master_deck":["Strike_B","Strike_B","Defend_B","Defend_B","Defend_B","Defend_B","Zap","Dualcast","Barrage","Coolheaded","Streamline+1","Streamline+1","Steam","Capacitor","Auto Shields","Sunder","Steam"],"relics":["Cracked Core","NeowsBlessing","Bottled Flame","Vajra","Golden Idol"],"potions_floor_usage":[16],"damage_taken":[{"damage":0,"enemies":"2 Louse","floor":1,"turns":1},{"damage":0,"enemies":"Cultist","floor":4,"turns":1},{"damage":0,"enemies":"Lagavulin","floor":7,"turns":1},{"damage":7,"enemies":"Jaw Worm","floor":12,"turns":2},{"damage":20,"enemies":"Exordium Wildlife","floor":13,"turns":4},{"damage":6,"enemies":"3 Louse","floor":14,"turns":4},{"damage":55,"enemies":"Slime Boss","floor":16,"turns":9}],"seed_played":"-5317898347111674978","potions_obtained":[{"floor":1,"key":"Regen Potion"},{"floor":13,"key":"Strength Potion"}],"is_trial":false,"path_per_floor":["M","$","?","M","?","R","E","$","T","?","R","M","M","M","R","B"],"character_chosen":"DEFECT","items_purchased":["Coolheaded","Capacitor"],"campfire_rested":1,"item_purchase_floors":[2,8],"current_hp_per_floor":[68,68,68,68,68,68,68,68,68,50,50,43,23,17,39,0],"gold":95,"neow_bonus":"THREE_ENEMY_KILL","is_prod":false,"is_daily":false,"chose_seed":false,"campfire_upgraded":2,"win_rate":0,"timestamp":1551389260,"path_taken":["M","$","?","?","?","R","E","?","T","?","R","M","M","M","R","BOSS"],"build_version":"2019-01-23","purchased_purges":1,"victory":false,"max_hp_per_floor":[75,75,75,75,75,75,75,75,75,75,75,75,75,75,75,75],"card_choices":[{"not_picked":["Rebound","Leap"],"picked":"Barrage","floor":1},{"not_picked":["Go for the Eyes","Reinforced Body"],"picked":"Streamline","floor":4},{"not_picked":["Lockon","Redo"],"picked":"Steam","floor":7},{"not_picked":["Leap","Storm"],"picked":"Auto Shields","floor":12},{"not_picked":["Streamline","Tempest"],"picked":"Sunder","floor":13},{"not_picked":["Rip and Tear","Go for the Eyes"],"picked":"Steam","floor":14}],"player_experience":863176,"relics_obtained":[{"floor":7,"key":"Bottled Flame"},{"floor":9,"key":"Vajra"}],"event_choices":[{"damage_healed":0,"gold_gain":0,"cards_transformed":["Strike_B"],"player_choice":"Transformed","damage_taken":0,"max_hp_gain":0,"max_hp_loss":0,"event_name":"Transmorgrifier","floor":3,"gold_loss":0,"cards_obtained":["Streamline"]},{"damage_healed":0,"gold_gain":64,"player_choice":"Gained Gold","damage_taken":0,"max_hp_gain":0,"max_hp_loss":0,"event_name":"Golden Wing","floor":5,"gold_loss":0},{"damage_healed":0,"gold_gain":0,"player_choice":"Take Damage","damage_taken":18,"relics_obtained":["Golden Idol"],"max_hp_gain":0,"max_hp_loss":0,"event_name":"Golden Idol","floor":10,"gold_loss":0}],"is_beta":false,"boss_relics":[],"items_purged_floors":[8],"is_endless":false,"potions_floor_spawned":[1,13],"killed_by":"Slime Boss","ascension_level":9}