{"gold_per_floor":[109,109,121,136,147,147,72,98,98,131,148,148,181,191,191,262,262,281,281,292,305,230,230,240,50,97,124,124,149,149],"floor_reached":30,"playtime":969,"items_purged":["Strike_R"],"score":629,"play_id":"bc7074a0-b33f-4ddd-8ee4-6f14b8b5a259","local_time":"20190430164437","is_ascension_mode":true,"campfire_choices":[{"data":"Perfected Strike","floor":6,"key":"SMITH"},{"data":"Flame Barrier","floor":12,"key":"SMITH"},{"floor":15,"key":"REST"},{"data":"Anger","floor":23,"key":"SMITH"},{"floor":28,"key":"REST"}],"neow_cost":"NONE","seed_source_timestamp":636043364047400,"circlet_count":0,"master_deck":["AscendersBane","Strike_R","Defend_R","Defend_R","Defend_R","Bash","Pommel Strike","Sword Boomerang","Battle Trance","Perfected Strike+1","Wild Strike","Flame Barrier+1","Headbutt","Combust+1","Reaper","Inflame+1","Anger+1","Immolate","Disarm","Shrug It Off","Headbutt","Exhume","Sword Boomerang"],"special_seed":0,"relics":["Burning Blood","Ancient Tea Set","Frozen Egg 2","Gremlin Horn","Shuriken","Dream Catcher","Philosopher\u0027s Stone","Happy Flower","FossilizedHelix","Peace Pipe"],"potions_floor_usage":[11,20,21,21,29],"damage_taken":[{"damage":5.0,"enemies":"2 Louse","floor":1.0,"turns":3.0},{"damage":1,"enemies":"Cultist","floor":3,"turns":3},{"damage":10,"enemies":"Small Slimes","floor":4,"turns":3},{"damage":19,"enemies":"Exordium Wildlife","floor":5,"turns":6},{"damage":20,"enemies":"Lagavulin","floor":8,"turns":5},{"damage":16,"enemies":"Gremlin Nob","floor":10,"turns":3},{"damage":3,"enemies":"Gremlin Gang","floor":11,"turns":2},{"damage":11,"enemies":"Lagavulin","floor":13,"turns":7},{"damage":13,"enemies":"Blue Slaver","floor":14,"turns":2},{"damage":3,"enemies":"Slime Boss","floor":16,"turns":4},{"damage":10,"enemies":"Chosen","floor":18,"turns":3},{"damage":0,"enemies":"3 Byrds","floor":20,"turns":3},{"damage":24,"enemies":"Centurion and Healer","floor":21,"turns":4},{"damage":21,"enemies":"Snecko","floor":24,"turns":3},{"damage":55,"enemies":"Slavers","floor":27,"turns":5},{"damage":33,"enemies":"Book of Stabbing","floor":29,"turns":5},{"damage":22,"enemies":"Snake Plant","floor":30,"turns":2}],"seed_played":"225557396773088636","potions_obtained":[{"floor":1.0,"key":"Ancient Potion"},{"floor":4,"key":"Explosive Potion"},{"floor":16,"key":"FearPotion"},{"floor":18,"key":"LiquidBronze"},{"floor":20,"key":"SneckoOil"},{"floor":27,"key":"Block Potion"}],"is_trial":false,"path_per_floor":["M","?","M","M","M","R","?","E","T","E","M","R","E","M","R","B",null,"M","?","M","M","?","R","M","$","T","E","R","E","M"],"character_chosen":"IRONCLAD","items_purchased":["Shrug It Off","Headbutt"],"campfire_rested":2,"item_purchase_floors":[25,25],"current_hp_per_floor":[69,69,74,70,57,57,57,43,43,33,36,36,31,24,46,60,71,67,67,73,70,70,70,66,66,66,17,39,20,0],"gold":149,"neow_bonus":"RANDOM_COMMON_RELIC","is_prod":false,"is_daily":false,"chose_seed":false,"campfire_upgraded":3,"win_rate":0,"timestamp":1556635477,"path_taken":["M","?","M","?","M","R","?","E","T","E","M","R","E","M","R","BOSS","M","?","?","M","?","R","M","?","T","E","R","E","M"],"build_version":"2019-01-23","purchased_purges":1,"victory":false,"max_hp_per_floor":[75,75,75,75,75,75,75,75,75,75,75,75,75,75,75,75,75,75,75,75,75,75,75,75,75,75,75,75,75,75],"card_choices":[{"not_picked":["Evolve","Headbutt"],"picked":"Pommel Strike","floor":1.0},{"not_picked":["Headbutt","Pummel"],"picked":"Battle Trance","floor":3},{"not_picked":["Ghostly Armor","Sever Soul"],"picked":"Perfected Strike","floor":4},{"not_picked":["Reckless Charge","Havoc"],"picked":"Wild Strike","floor":5},{"not_picked":["Blood for Blood","Clothesline"],"picked":"Flame Barrier","floor":8},{"not_picked":["Blood for Blood","Heavy Blade"],"picked":"Headbutt","floor":10},{"not_picked":["Clash","Headbutt"],"picked":"Combust+1","floor":11},{"not_picked":["Sentinel","Battle Trance"],"picked":"Reaper","floor":13},{"not_picked":["True Grit","Body Slam"],"picked":"Inflame+1","floor":14},{"not_picked":["Body Slam","Warcry"],"picked":"Anger","floor":15},{"not_picked":["Impervious","Double Tap"],"picked":"Immolate","floor":16},{"not_picked":["Warcry","Flex","Fire Breathing+1"],"picked":"SKIP","floor":18},{"not_picked":["Headbutt","Ghostly Armor","Cleave"],"picked":"SKIP","floor":20},{"not_picked":["Havoc","Blood for Blood","Perfected Strike"],"picked":"SKIP","floor":21},{"not_picked":["Clothesline","Body Slam"],"picked":"Disarm","floor":24},{"not_picked":["Battle Trance","Perfected Strike"],"picked":"Exhume","floor":27},{"not_picked":["Infernal Blade","Clothesline"],"picked":"Sword Boomerang","floor":29}],"player_experience":652329,"relics_obtained":[{"floor":8,"key":"Frozen Egg 2"},{"floor":9,"key":"Gremlin Horn"},{"floor":10,"key":"Shuriken"},{"floor":13,"key":"Dream Catcher"},{"floor":26,"key":"Happy Flower"},{"floor":27,"key":"FossilizedHelix"},{"floor":29,"key":"Peace Pipe"}],"event_choices":[{"damage_healed":0.0,"max_hp_gain":0.0,"max_hp_loss":0.0,"gold_gain":0.0,"cards_transformed":["Strike_R"],"event_name":"Transmorgrifier","player_choice":"Transformed","floor":2.0,"gold_loss":0.0,"damage_taken":0.0,"cards_obtained":["Sword Boomerang"]},{"cards_removed":["Defend_R"],"damage_healed":0,"gold_gain":0,"player_choice":"Card Removal","damage_taken":0,"max_hp_gain":0,"max_hp_loss":0,"event_name":"The Cleric","floor":7,"gold_loss":75},{"cards_removed":["Strike_R"],"damage_healed":0,"gold_gain":0,"player_choice":"Offered Basic","damage_taken":0,"max_hp_gain":0,"max_hp_loss":0,"event_name":"Bonfire Elementals","floor":19,"gold_loss":0},{"cards_removed":["Strike_R"],"damage_healed":0,"gold_gain":0,"player_choice":"Gave Gold","damage_taken":0,"max_hp_gain":0,"max_hp_loss":0,"event_name":"Beggar","floor":22,"gold_loss":75}],"is_beta":false,"boss_relics":[{"not_picked":["Orrery","Empty Cage"],"picked":"Philosopher\u0027s Stone"}],"items_purged_floors":[25],"is_endless":false,"potions_floor_spawned":[1,4,8,10,16,18,20,27],"killed_by":"Snake Plant","ascension_level":17}