{"gold_per_floor":[10,30,105,105,105,138,138,178,232,270,270,289,320,21,21,145,145,164,164,182,4,27,58,82,125,125,48,84,107,107,382,382,506,506,527,527,527,202,218,262,262,295,318,332,30,61,394,404,404,404,404,404,35,63,63],"floor_reached":56,"playtime":3603,"items_purged":["Strike_G","Strike_G","Regret","Decay"],"score":1502,"play_id":"56812f91-f1ed-4b56-8735-960cd8b458ef","local_time":"20190309001612","is_ascension_mode":true,"campfire_choices":[{"data":"Noxious Fumes","floor":7,"key":"SMITH"},{"data":"Neutralize","floor":11,"key":"SMITH"},{"data":"Footwork","floor":15,"key":"SMITH"},{"data":"Noxious Fumes","floor":30,"key":"SMITH"},{"data":"Bouncing Flask","floor":32,"key":"SMITH"},{"floor":41,"key":"REST"},{"floor":49,"key":"RECALL"},{"data":"Discovery","floor":52,"key":"SMITH"}],"neow_cost":"NO_GOLD","seed_source_timestamp":119916748977174,"circlet_count":0,"master_deck":["Defend_G","Defend_G","Defend_G","Defend_G+1","Strike_G+1","Strike_G","Survivor","Neutralize+1","Noxious Fumes+1","Dodge and Roll","Flying Knee+1","Deadly Poison","Footwork+1","Backflip","Noxious Fumes+1","Bouncing Flask+1","Adrenaline","PiercingWail","Cloak And Dagger","PiercingWail","Acrobatics+1","Discovery+1","Acrobatics","Impatience","Predator","Dagger Spray+1","Wraith Form v2","Apotheosis","Footwork","Deflect","Dark Shackles"],"relics":["Ring of the Snake","Bag of Marbles","Meat on the Bone","Potion Belt","Whetstone","Snake Skull","Lantern","Busted Crown","Blood Vial","Vajra","The Specimen","Happy Flower","Cursed Key","Ninja Scroll","Singing Bowl","War Paint","Ancient Tea Set","Art of War"],"potions_floor_usage":[6,8,25,33,40,54,55,55,55,55,55],"damage_taken":[{"damage":0,"enemies":"2 Louse","floor":1,"turns":3},{"damage":0,"enemies":"Jaw Worm","floor":2,"turns":5},{"damage":22,"enemies":"Lagavulin","floor":6,"turns":13},{"damage":12,"enemies":"Gremlin Nob","floor":8,"turns":4},{"damage":14,"enemies":"3 Sentries","floor":10,"turns":7},{"damage":0,"enemies":"Cultist","floor":12,"turns":3},{"damage":0,"enemies":"Lagavulin","floor":13,"turns":7},{"damage":0,"enemies":"Hexaghost","floor":16,"turns":7},{"damage":0,"enemies":"2 Thieves","floor":18,"turns":4},{"damage":0,"enemies":"Chosen","floor":20,"turns":3},{"damage":0,"enemies":"Centurion and Healer","floor":22,"turns":6},{"damage":5,"enemies":"Book of Stabbing","floor":23,"turns":5},{"damage":0,"enemies":"Snake Plant","floor":24,"turns":5},{"damage":5,"enemies":"Slavers","floor":25,"turns":6},{"damage":7,"enemies":"Gremlin Leader","floor":28,"turns":6},{"damage":0,"enemies":"Sentry and Sphere","floor":29,"turns":4},{"damage":0,"enemies":"Collector","floor":33,"turns":6},{"damage":1,"enemies":"Orb Walker","floor":35,"turns":3},{"damage":0,"enemies":"3 Shapes","floor":39,"turns":3},{"damage":19,"enemies":"Reptomancer","floor":40,"turns":6},{"damage":28,"enemies":"Nemesis","floor":42,"turns":7},{"damage":0,"enemies":"Jaw Worm Horde","floor":44,"turns":4},{"damage":0,"enemies":"Reptomancer","floor":46,"turns":5},{"damage":0,"enemies":"4 Shapes","floor":48,"turns":5},{"damage":1,"enemies":"Time Eater","floor":50,"turns":14},{"damage":0,"enemies":"Shield and Spear","floor":54,"turns":6},{"damage":18,"enemies":"The Heart","floor":55,"turns":9}],"seed_played":"279976005867904826","potions_obtained":[{"floor":1,"key":"Swift Potion"},{"floor":5,"key":"FearPotion"},{"floor":5,"key":"Ancient Potion"},{"floor":6,"key":"AttackPotion"},{"floor":10,"key":"Ancient Potion"},{"floor":12,"key":"EssenceOfSteel"},{"floor":18,"key":"Block Potion"},{"floor":24,"key":"LiquidBronze"},{"floor":29,"key":"GamblersBrew"},{"floor":42,"key":"LiquidBronze"},{"floor":44,"key":"LiquidBronze"},{"floor":48,"key":"GamblersBrew"},{"floor":54,"key":"Swift Potion"}],"is_trial":false,"path_per_floor":["M","M","?","?","?","E","R","E","T","E","R","M","E","$","R","B",null,"M","?","M","$","M","E","M","E","T","$","E","M","R","?","R","B",null,"M","?","?","$","M","E","R","E","T","M","$","E","?","M","R","B",null,"R","$","E","B",null],"character_chosen":"THE_SILENT","items_purchased":["Lantern","Bouncing Flask","Blood Vial","Cloak And Dagger","PiercingWail","Acrobatics","Acrobatics","Impatience","Predator","Apotheosis","Footwork","Deflect","Dark Shackles"],"campfire_rested":1,"item_purchase_floors":[14,14,21,21,27,27,38,38,38,45,53,53,53],"current_hp_per_floor":[70,70,59,59,59,37,37,25,25,23,23,35,35,35,35,35,65,65,65,65,65,65,60,62,59,59,59,54,56,56,56,56,58,65,64,54,54,54,56,39,57,45,45,49,49,53,53,57,57,58,70,70,70,72,54],"gold":63,"neow_bonus":"REMOVE_TWO","is_prod":false,"is_daily":false,"chose_seed":false,"campfire_upgraded":6,"win_rate":0,"timestamp":1552108572,"path_taken":["M","M","?","?","?","E","R","E","T","E","R","?","E","$","R","BOSS","M","?","M","$","M","E","M","E","T","?","E","M","R","?","R","BOSS","M","?","?","$","M","E","R","E","T","?","?","E","?","M","R","BOSS","R","$","E","BOSS"],"build_version":"2019-02-06","purchased_purges":4,"victory":true,"max_hp_per_floor":[70,70,70,65,65,65,65,65,65,65,65,65,65,65,65,65,65,65,65,65,65,65,65,65,65,65,65,65,65,65,65,65,65,65,65,65,62,62,62,62,62,64,64,66,66,68,68,70,70,70,70,70,70,72,72],"card_choices":[{"not_picked":["Eviscerate","Cloak And Dagger"],"picked":"Noxious Fumes","floor":1},{"not_picked":["Choke","Setup"],"picked":"Dodge and Roll","floor":2},{"not_picked":["Underhanded Strike","Wraith Form v2"],"picked":"Flying Knee","floor":6},{"not_picked":["Tactician","Skewer"],"picked":"Deadly Poison","floor":8},{"not_picked":["Tactician","Leg Sweep"],"picked":"Footwork","floor":10},{"not_picked":["Sucker Punch","Caltrops"],"picked":"Backflip","floor":12},{"not_picked":["Calculated Gamble","Sucker Punch"],"picked":"Noxious Fumes","floor":13},{"not_picked":["After Image","Doppelganger"],"picked":"Adrenaline","floor":16},{"not_picked":["Dagger Throw"],"picked":"SKIP","floor":18},{"not_picked":[],"picked":"PiercingWail","floor":20},{"not_picked":["Dagger Throw"],"picked":"SKIP","floor":22},{"not_picked":["Blade Dance+1"],"picked":"SKIP","floor":23},{"not_picked":["Terror"],"picked":"SKIP","floor":24},{"not_picked":["Envenom"],"picked":"SKIP","floor":25},{"not_picked":["Dagger Throw"],"picked":"SKIP","floor":28},{"not_picked":["Cloak And Dagger"],"picked":"SKIP","floor":29},{"not_picked":["Blade Dance"],"picked":"SKIP","floor":35},{"not_picked":[],"picked":"Discovery","floor":36},{"not_picked":[],"picked":"Dagger Spray+1","floor":39},{"not_picked":[],"picked":"Wraith Form v2","floor":40},{"not_picked":["Deflect"],"picked":"Singing Bowl","floor":42},{"not_picked":["Bane"],"picked":"Singing Bowl","floor":44},{"not_picked":["Outmaneuver+1"],"picked":"Singing Bowl","floor":46},{"not_picked":["Infinite Blades"],"picked":"Singing Bowl","floor":48},{"not_picked":["Flying Knee+1"],"picked":"Singing Bowl","floor":54}],"player_experience":4866810,"relics_obtained":[{"floor":6,"key":"Bag of Marbles"},{"floor":8,"key":"Meat on the Bone"},{"floor":9,"key":"Potion Belt"},{"floor":10,"key":"Whetstone"},{"floor":13,"key":"Snake Skull"},{"floor":23,"key":"Vajra"},{"floor":25,"key":"The Specimen"},{"floor":28,"key":"Happy Flower"},{"floor":40,"key":"Ninja Scroll"},{"floor":42,"key":"Singing Bowl"},{"floor":43,"key":"War Paint"},{"floor":46,"key":"Ancient Tea Set"},{"floor":54,"key":"Art of War"}],"event_choices":[{"damage_healed":0,"gold_gain":75,"player_choice":"Gather Gold","damage_taken":11,"max_hp_gain":0,"max_hp_loss":0,"event_name":"World of Goop","floor":3,"gold_loss":0},{"damage_healed":0,"gold_gain":0,"player_choice":"Lose Max HP","damage_taken":0,"relics_obtained":["Golden Idol"],"max_hp_gain":0,"max_hp_loss":5,"event_name":"Golden Idol","floor":4,"gold_loss":0},{"damage_healed":0,"gold_gain":0,"player_choice":"Got Potions","damage_taken":0,"max_hp_gain":0,"max_hp_loss":0,"event_name":"Lab","floor":5,"gold_loss":0},{"damage_healed":0,"gold_gain":0,"player_choice":"Ignored","damage_taken":0,"max_hp_gain":0,"max_hp_loss":0,"event_name":"N\u0027loth","floor":19,"gold_loss":0},{"damage_healed":0,"gold_gain":275,"player_choice":"Desecrate","damage_taken":0,"max_hp_gain":0,"max_hp_loss":0,"event_name":"Golden Shrine","floor":31,"gold_loss":0,"cards_obtained":["Regret"]},{"damage_healed":0,"gold_gain":0,"player_choice":"Memory 3","damage_taken":10,"max_hp_gain":0,"max_hp_loss":0,"event_name":"SensoryStone","floor":36,"gold_loss":0},{"damage_healed":0,"gold_gain":0,"player_choice":"Max HP","damage_taken":0,"max_hp_gain":0,"max_hp_loss":3,"event_name":"Winding Halls","floor":37,"gold_loss":0},{"damage_healed":0,"gold_gain":333,"player_choice":"Gave Idol","damage_taken":0,"max_hp_gain":0,"max_hp_loss":0,"event_name":"The Moai Head","floor":47,"relics_lost":["Golden Idol"],"gold_loss":0}],"is_beta":true,"boss_relics":[{"not_picked":["Snecko Eye","Lizard Tail"],"picked":"Busted Crown"},{"not_picked":["Empty Cage","Tiny House"],"picked":"Cursed Key"}],"items_purged_floors":[14,38,45,53],"is_endless":false,"potions_floor_spawned":[1,6,10,12,18,20,23,24,29,42,44,48,54],"ascension_level":1}