{"gold_per_floor":[112,112,287,0,0,0,18,18,18,18,43,43,43,55,55,153,203,220,232,81,98,112,122,122],"floor_reached":24,"playtime":676,"items_purged":["Doubt"],"score":276,"play_id":"1e971a21-bd27-4106-9c77-990a5267559c","local_time":"20190124141504","is_ascension_mode":true,"campfire_choices":[{"floor":6,"key":"DIG"},{"data":"1","floor":8,"key":"LIFT"},{"data":"2","floor":10,"key":"LIFT"},{"data":"3","floor":15,"key":"LIFT"}],"neow_cost":"NONE","seed_source_timestamp":144866830326223,"circlet_count":0,"master_deck":["Defend_G","Defend_G","Defend_G+1","Defend_G","Defend_G","Strike_G","Strike_G","Strike_G","Strike_G","Strike_G","Survivor","Neutralize+1","Deadly Poison","Prepared","Dagger Spray","Dagger Spray","Doppelganger","Cloak And Dagger","Dagger Spray","Infinite Blades+1","Accuracy","PiercingWail+1","Deadly Poison+1","Catalyst+1"],"relics":["Ring of the Snake","NeowsBlessing","Shovel","Girya","Ornamental Fan","FossilizedHelix","Torii","Tiny House"],"potions_floor_usage":[16,18,19,21,23],"damage_taken":[{"damage":0,"enemies":"2 Louse","floor":1,"turns":1},{"damage":0,"enemies":"Small Slimes","floor":7,"turns":1},{"damage":0,"enemies":"Gremlin Nob","floor":11,"turns":1},{"damage":0,"enemies":"Jaw Worm","floor":14,"turns":4},{"damage":30,"enemies":"Slime Boss","floor":16,"turns":8},{"damage":6,"enemies":"Spheric Guardian","floor":18,"turns":4},{"damage":0,"enemies":"3 Byrds","floor":19,"turns":2},{"damage":10,"enemies":"Centurion and Healer","floor":21,"turns":5},{"damage":0,"enemies":"Snecko","floor":22,"turns":5},{"damage":17,"enemies":"Shelled Parasite and Fungi","floor":23,"turns":5},{"damage":36,"enemies":"Slavers","floor":24,"turns":2}],"seed_played":"5745404807651093613","potions_obtained":[{"floor":7,"key":"PowerPotion"},{"floor":11,"key":"Weak Potion"},{"floor":16,"key":"SkillPotion"},{"floor":17,"key":"GamblersBrew"},{"floor":18,"key":"Explosive Potion"},{"floor":19,"key":"SkillPotion"}],"is_trial":false,"path_per_floor":["M","$","?","$","?","R","M","R","T","R","E","T","$","M","R","B",null,"M","M","$","M","M","M","E"],"character_chosen":"THE_SILENT","items_purchased":["Shovel","Accuracy"],"campfire_rested":0,"item_purchase_floors":[4,20],"current_hp_per_floor":[70,70,70,70,70,70,70,70,70,70,70,70,70,70,70,40,68,62,62,62,52,52,35,0],"gold":122,"neow_bonus":"THREE_ENEMY_KILL","is_prod":false,"is_daily":false,"chose_seed":false,"campfire_upgraded":0,"win_rate":0,"timestamp":1548350104,"path_taken":["M","$","?","$","?","R","M","R","T","R","E","?","?","?","R","BOSS","M","M","$","M","M","M","E"],"build_version":"2019-01-23","purchased_purges":1,"victory":false,"max_hp_per_floor":[70,70,70,70,70,70,70,70,70,70,70,70,70,70,70,70,75,75,75,75,75,75,75,75],"card_choices":[{"not_picked":["Acrobatics","Dash"],"picked":"Deadly Poison","floor":1},{"not_picked":["Skewer","Eviscerate"],"picked":"Prepared","floor":7},{"not_picked":["Cloak And Dagger","Terror"],"picked":"Dagger Spray","floor":11},{"not_picked":["Deflect","Backflip"],"picked":"Dagger Spray","floor":14},{"not_picked":["Phantasmal Killer","Malaise"],"picked":"Doppelganger","floor":16},{"not_picked":["Eviscerate","All Out Attack"],"picked":"Cloak And Dagger","floor":17},{"not_picked":["Footwork","Tactician"],"picked":"Dagger Spray","floor":18},{"not_picked":["Sucker Punch+1","Poisoned Stab"],"picked":"Infinite Blades+1","floor":19},{"not_picked":["Flying Knee","Distraction"],"picked":"PiercingWail+1","floor":21},{"not_picked":["Deflect+1","Bane+1"],"picked":"Deadly Poison+1","floor":22},{"not_picked":["Backstab","Caltrops+1"],"picked":"Catalyst+1","floor":23}],"player_experience":674357,"relics_obtained":[{"floor":6,"key":"Girya"},{"floor":9,"key":"Ornamental Fan"},{"floor":11,"key":"FossilizedHelix"},{"floor":12,"key":"Torii"}],"event_choices":[{"damage_healed":0,"gold_gain":175,"player_choice":"AGREE","damage_taken":0,"max_hp_gain":0,"max_hp_loss":0,"event_name":"Liars Game","floor":3,"gold_loss":0,"cards_obtained":["Doubt"]},{"damage_healed":0,"gold_gain":0,"player_choice":"Grow","damage_taken":0,"max_hp_gain":0,"max_hp_loss":0,"event_name":"Living Wall","floor":5,"gold_loss":0,"cards_upgraded":["Neutralize"]}],"is_beta":false,"boss_relics":[{"not_picked":["Astrolabe","Coffee Dripper"],"picked":"Tiny House"}],"items_purged_floors":[20],"is_endless":false,"potions_floor_spawned":[7,11,16,18,19],"killed_by":"Slavers","ascension_level":5}