{"gold_per_floor":[118,118,135,151,151,151,180,149,175,175,175,209,209,233,233,362,362,382,397,397,397,416,416,449,449,449,449,460,471,489,269,269,269],"floor_reached":33,"playtime":1597,"items_purged":[],"score":341,"play_id":"2cb69136-faaa-4268-ba4a-62c9bb4af5b7","local_time":"20190510112519","is_ascension_mode":true,"campfire_choices":[{"data":"Neutralize","floor":6.0,"key":"SMITH"},{"floor":13.0,"key":"REST"},{"floor":15.0,"key":"REST"},{"data":"Backstab","floor":23,"key":"SMITH"},{"data":"Tools of the Trade","floor":25,"key":"SMITH"},{"data":"Deflect","floor":27,"key":"SMITH"},{"floor":32,"key":"RECALL"}],"neow_cost":"NONE","seed_source_timestamp":0,"circlet_count":0,"master_deck":["Defend_G","Defend_G","Defend_G","Defend_G","Defend_G","Survivor","Neutralize+1","Backstab+1","Quick Slash","Dagger Throw","Injury","Poisoned Stab","Prepared","Tools of the Trade+1","Blade Dance+1","Deflect","Bite","Bite","Bite","Bite","Bite","Underhanded Strike","Deflect+1","Slice+1","Deflect+1","Footwork"],"special_seed":0,"relics":["Ring of the Snake","NeowsBlessing","PreservedInsect","Art of War","Bloody Idol","Bronze Scales","StoneCalendar","Eternal Feather","Regal Pillow","Strawberry"],"potions_floor_usage":[30],"damage_taken":[{"damage":0.0,"enemies":"Small Slimes","floor":1.0,"turns":1.0},{"damage":0.0,"enemies":"2 Louse","floor":3.0,"turns":1.0},{"damage":0.0,"enemies":"Cultist","floor":4.0,"turns":1.0},{"damage":41.0,"enemies":"Gremlin Nob","floor":7.0,"turns":6.0},{"damage":21.0,"enemies":"Lagavulin","floor":12.0,"turns":6.0},{"damage":4.0,"enemies":"Large Slime","floor":14.0,"turns":5.0},{"damage":25.0,"enemies":"Hexaghost","floor":16.0,"turns":9.0},{"damage":17.0,"enemies":"3 Byrds","floor":18.0,"turns":3.0},{"damage":14,"enemies":"Shell Parasite","floor":19,"turns":6},{"damage":24,"enemies":"Centurion and Healer","floor":22,"turns":7},{"damage":32,"enemies":"Book of Stabbing","floor":24,"turns":5},{"damage":24,"enemies":"Cultist and Chosen","floor":28,"turns":7},{"damage":39,"enemies":"Sentry and Sphere","floor":29,"turns":6},{"damage":8,"enemies":"Centurion and Healer","floor":30,"turns":7},{"damage":59,"enemies":"Collector","floor":33,"turns":6}],"seed_played":"8990081619024358000","potions_obtained":[{"floor":7.0,"key":"AttackPotion"},{"floor":14.0,"key":"Dexterity Potion"},{"floor":18,"key":"SteroidPotion"},{"floor":24,"key":"Swift Potion"}],"is_trial":false,"path_per_floor":["M","?","M","M","?","R","E","?","T","?","T","E","R","M","R","B",null,"M","M","?","?","M","R","E","R","T","R","M","M","M","$","R","B"],"character_chosen":"THE_SILENT","items_purchased":["Strawberry","Footwork"],"campfire_rested":2,"item_purchase_floors":[31,31],"current_hp_per_floor":[70,75,75,75,75,75,34,34,34,34,34,13,35,31,53,28,75,58,44,44,44,35,47,24,36,36,48,40,14,23,30,45,0],"gold":269,"neow_bonus":"THREE_ENEMY_KILL","is_prod":false,"is_daily":false,"chose_seed":false,"campfire_upgraded":4,"win_rate":0,"timestamp":1557501919,"path_taken":["M","?","M","M","?","R","E","?","T","?","?","E","R","M","R","BOSS","M","?","?","?","M","R","E","R","T","R","M","M","M","$","R","BOSS"],"build_version":"2019-01-23","purchased_purges":0,"victory":false,"max_hp_per_floor":[70,75,75,75,75,75,75,75,75,75,75,75,75,75,75,75,75,75,75,75,52,52,52,52,52,52,52,52,52,52,59,59,59],"card_choices":[{"not_picked":["Deflect","Underhanded Strike"],"picked":"Backstab","floor":1.0},{"not_picked":["Endless Agony","Infinite Blades"],"picked":"Quick Slash","floor":3.0},{"not_picked":["Setup","Quick Slash","Expertise"],"picked":"SKIP","floor":4.0},{"not_picked":["All Out Attack","PiercingWail"],"picked":"Dagger Throw","floor":7.0},{"not_picked":["Venomology","Sucker Punch"],"picked":"Poisoned Stab","floor":12.0},{"not_picked":["Flechettes","Outmaneuver"],"picked":"Prepared","floor":14.0},{"not_picked":["Phantasmal Killer","Night Terror"],"picked":"Tools of the Trade","floor":16.0},{"not_picked":["Bane+1","Dagger Spray+1"],"picked":"Blade Dance+1","floor":18},{"not_picked":["Dagger Spray","Slice"],"picked":"Deflect","floor":19},{"not_picked":["Envenom","Dagger Spray"],"picked":"Underhanded Strike","floor":22},{"not_picked":["Distraction","Wraith Form v2"],"picked":"Deflect","floor":24},{"not_picked":["Concentrate+1","Dagger Spray"],"picked":"Slice+1","floor":28},{"not_picked":["Outmaneuver","Dagger Throw"],"picked":"Deflect+1","floor":29},{"not_picked":["Slice","Setup","Blade Dance"],"picked":"SKIP","floor":30}],"player_experience":169967,"relics_obtained":[{"floor":7.0,"key":"PreservedInsect"},{"floor":9.0,"key":"Art of War"},{"floor":11.0,"key":"Bronze Scales"},{"floor":12.0,"key":"StoneCalendar"},{"floor":24,"key":"Regal Pillow"}],"event_choices":[{"damage_healed":0.0,"max_hp_gain":5.0,"max_hp_loss":0.0,"gold_gain":0.0,"event_name":"Big Fish","player_choice":"Donut","floor":2.0,"gold_loss":0.0,"damage_taken":0.0},{"damage_healed":0.0,"max_hp_gain":0.0,"max_hp_loss":0.0,"gold_gain":0.0,"event_name":"Liars Game","player_choice":"Ignored","floor":5.0,"gold_loss":0.0,"damage_taken":0.0},{"damage_healed":0.0,"max_hp_gain":0.0,"max_hp_loss":0.0,"gold_gain":0.0,"event_name":"World of Goop","player_choice":"Left Gold","floor":8.0,"gold_loss":31.0,"damage_taken":0.0},{"damage_healed":0.0,"max_hp_gain":0.0,"max_hp_loss":0.0,"gold_gain":0.0,"event_name":"Golden Idol","player_choice":"Take Wound","floor":10.0,"gold_loss":0.0,"damage_taken":0.0,"relics_obtained":["Golden Idol"],"cards_obtained":["Injury"]},{"damage_healed":0,"gold_gain":0,"player_choice":"Gave Idol","damage_taken":0,"relics_obtained":["Bloody Idol"],"max_hp_gain":0,"max_hp_loss":0,"event_name":"Forgotten Altar","floor":20,"relics_lost":["Golden Idol"],"gold_loss":0},{"damage_healed":0,"gold_gain":0,"player_choice":"Became a vampire","damage_taken":0,"max_hp_gain":0,"max_hp_loss":23,"event_name":"Vampires","floor":21,"gold_loss":0,"cards_obtained":["Bite","Bite","Bite","Bite","Bite"]}],"is_beta":false,"boss_relics":[{"not_picked":["Astrolabe","Orrery"],"picked":"Eternal Feather"}],"items_purged_floors":[],"is_endless":false,"potions_floor_spawned":[7,14,18,24,29],"killed_by":"Collector","ascension_level":3}