{"gold_per_floor":[116,116,135,151,151,151,167,185,185,224,242,262,262],"floor_reached":13,"playtime":730,"items_purged":[],"score":116,"play_id":"aef6966a-9d6a-4b16-a1b2-b8797db2cf7d","local_time":"20181228144839","is_ascension_mode":true,"campfire_choices":[{"data":"Violence","floor":6,"key":"SMITH"}],"neow_cost":"CURSE","seed_source_timestamp":584368120361075,"circlet_count":0,"master_deck":["Strike_R","Strike_R","Strike_R","Strike_R","Strike_R","Defend_R","Defend_R","Defend_R","Defend_R","Bash","Forethought","Violence+1","Writhe","Dual Wield","Evolve","Shrug It Off","Infernal Blade","Shrug It Off","Twin Strike","Iron Wave","Armaments"],"relics":["Burning Blood","Golden Idol","GremlinMask","Lantern","PreservedInsect"],"potions_floor_usage":[10,11,11],"damage_taken":[{"damage":12,"enemies":"2 Louse","floor":1,"turns":3},{"damage":9,"enemies":"Small Slimes","floor":3,"turns":5},{"damage":6,"enemies":"Cultist","floor":4,"turns":4},{"damage":18,"enemies":"Looter","floor":7,"turns":5},{"damage":12,"enemies":"3 Louse","floor":8,"turns":4},{"damage":57,"enemies":"Lagavulin","floor":10,"turns":8},{"damage":4,"enemies":"Gremlin Gang","floor":11,"turns":4},{"damage":7,"enemies":"Looter","floor":12,"turns":3},{"damage":17,"enemies":"3 Sentries","floor":13,"turns":3}],"seed_played":"2610449300804162878","potions_obtained":[{"floor":3,"key":"EssenceOfSteel"},{"floor":4,"key":"AttackPotion"},{"floor":8,"key":"FairyPotion"},{"floor":10,"key":"Fire Potion"}],"is_trial":false,"path_per_floor":["M","?","M","M","?","R","M","M","T","E","M","M","E"],"character_chosen":"IRONCLAD","items_purchased":[],"campfire_rested":0,"item_purchase_floors":[],"current_hp_per_floor":[66,66,63,63,63,63,51,45,45,13,15,14,0],"gold":262,"neow_bonus":"RANDOM_COLORLESS_2","is_prod":false,"is_daily":false,"chose_seed":false,"campfire_upgraded":1,"win_rate":0,"timestamp":1546019319,"path_taken":["M","?","M","M","?","R","M","M","T","E","?","M","E"],"build_version":"2018-12-20","purchased_purges":0,"victory":false,"max_hp_per_floor":[80,74,74,74,74,74,74,74,74,74,74,74,74],"card_choices":[{"not_picked":["Corruption","Searing Blow"],"picked":"Dual Wield","floor":1},{"not_picked":["Cleave","Thunderclap"],"picked":"Evolve","floor":3},{"not_picked":["Headbutt","True Grit"],"picked":"Shrug It Off","floor":4},{"not_picked":["Flame Barrier","Anger"],"picked":"Infernal Blade","floor":7},{"not_picked":["Sword Boomerang","Power Through"],"picked":"Shrug It Off","floor":8},{"not_picked":["Berserk","Heavy Blade"],"picked":"Twin Strike","floor":10},{"not_picked":["Warcry","Combust"],"picked":"Iron Wave","floor":11},{"not_picked":["Perfected Strike","Combust"],"picked":"Armaments","floor":12}],"player_experience":553326,"relics_obtained":[{"floor":9,"key":"Lantern"},{"floor":10,"key":"PreservedInsect"}],"event_choices":[{"damage_healed":0,"gold_gain":0,"player_choice":"Lose Max HP","damage_taken":0,"relics_obtained":["Golden Idol"],"max_hp_gain":0,"max_hp_loss":6,"event_name":"Golden Idol","floor":2,"gold_loss":0},{"damage_healed":0,"gold_gain":0,"player_choice":"Trade","damage_taken":0,"relics_obtained":["GremlinMask"],"max_hp_gain":0,"max_hp_loss":0,"event_name":"FaceTrader","floor":5,"gold_loss":0}],"is_beta":false,"boss_relics":[],"items_purged_floors":[],"is_endless":false,"potions_floor_spawned":[3,4,8,10],"killed_by":"3 Sentries","ascension_level":6}