{"gold_per_floor":[115,40,5,5,21,54,54,54,111,111,111,121,121,121,121,197,197,207,219,134,152,152,152,182,199,272,288,303,303,303,318,318,318],"floor_reached":33,"playtime":1511,"items_purged":["Decay"],"score":502,"play_id":"66222a75-5b2e-40bd-8aa2-b6953b7a41e5","local_time":"20190513111215","is_ascension_mode":true,"campfire_choices":[{"data":"Thunder Strike","floor":8,"key":"SMITH"},{"data":"Zap","floor":10,"key":"SMITH"},{"data":"Chill","floor":13,"key":"SMITH"},{"data":"Hologram","floor":15,"key":"SMITH"},{"floor":23,"key":"REST"},{"floor":29,"key":"REST"},{"floor":32,"key":"REST"}],"neow_cost":"CURSE","seed_source_timestamp":2754551719128320,"circlet_count":0,"master_deck":["AscendersBane","Strike_B","Strike_B","Strike_B","Defend_B","Defend_B","Defend_B","Defend_B","Zap+1","Dualcast","Thunder Strike+1","Cold Snap","Darkness","Hologram+1","Chill+1","Thunder Strike","Hologram","Static Discharge","Consume+1","Hologram","Self Repair","Ball Lightning","Hologram"],"relics":["Cracked Core","Pantograph","Tiny Chest","Bag of Marbles","Snecko Eye","The Courier","Emotion Chip","Pen Nib","Bottled Lightning","Enchiridion"],"potions_floor_usage":[27,33],"damage_taken":[{"damage":8,"enemies":"Jaw Worm","floor":1,"turns":4},{"damage":6,"enemies":"Small Slimes","floor":5,"turns":4},{"damage":32,"enemies":"Gremlin Nob","floor":6,"turns":4},{"damage":3,"enemies":"Cultist","floor":12,"turns":4},{"damage":56,"enemies":"Hexaghost","floor":16,"turns":12},{"damage":12,"enemies":"Shell Parasite","floor":18,"turns":5},{"damage":6,"enemies":"Chosen","floor":19,"turns":6},{"damage":31,"enemies":"Snecko","floor":21,"turns":6},{"damage":2,"enemies":"Gremlin Leader","floor":24,"turns":6},{"damage":11,"enemies":"Centurion and Healer","floor":25,"turns":4},{"damage":8,"enemies":"Shelled Parasite and Fungi","floor":27,"turns":5},{"damage":12,"enemies":"Chosen and Byrds","floor":28,"turns":3},{"damage":2,"enemies":"Cultist and Chosen","floor":31,"turns":2},{"damage":69,"enemies":"Champ","floor":33,"turns":7}],"seed_played":"2141279811731946220","potions_obtained":[{"floor":16,"key":"Ancient Potion"},{"floor":24,"key":"Explosive Potion"},{"floor":25,"key":"Regen Potion"},{"floor":27,"key":"Energy Potion"}],"is_trial":false,"path_per_floor":["M","$","?","?","M","E","$","R","T","R","?","M","R","T","R","B",null,"M","M","?","M","T","R","E","M","T","M","M","R","?","M","R","B"],"character_chosen":"DEFECT","items_purchased":[],"campfire_rested":3,"item_purchase_floors":[],"current_hp_per_floor":[56,56,71,71,65,33,33,33,33,33,38,35,35,35,35,4,58,46,40,40,9,9,31,29,18,18,22,17,39,18,16,38,0],"gold":318,"neow_bonus":"THREE_RARE_CARDS","is_prod":false,"is_daily":false,"chose_seed":false,"campfire_upgraded":4,"win_rate":0,"timestamp":1557756735,"path_taken":["M","$","?","?","?","E","$","R","T","R","?","M","R","?","R","BOSS","M","M","?","M","?","R","E","M","T","M","?","R","?","M","R","BOSS"],"build_version":"2019-01-23","purchased_purges":1,"victory":false,"max_hp_per_floor":[71,71,71,71,71,71,71,71,71,71,76,76,76,76,76,76,76,76,76,76,76,76,76,76,76,76,76,76,76,76,76,76,76],"card_choices":[{"not_picked":["Seek","Machine Learning"],"picked":"Thunder Strike","floor":0},{"not_picked":["Chaos","Compile Driver"],"picked":"Cold Snap","floor":1},{"not_picked":["Coolheaded","Beam Cell"],"picked":"Hologram","floor":5},{"not_picked":["Beam Cell","Stack","Lockon"],"picked":"SKIP","floor":6},{"not_picked":["Heatsinks","Redo"],"picked":"Chill","floor":12},{"not_picked":["Meteor Strike","Seek"],"picked":"Thunder Strike","floor":16},{"not_picked":["White Noise","Sweeping Beam+1"],"picked":"Hologram","floor":18},{"not_picked":["Rip and Tear","Barrage"],"picked":"Static Discharge","floor":19},{"not_picked":["Ball Lightning","Go for the Eyes"],"picked":"Consume+1","floor":21},{"not_picked":["Hello World","Turbo"],"picked":"Hologram","floor":24},{"not_picked":["Beam Cell","Stack","Redo"],"picked":"SKIP","floor":25},{"not_picked":["Stack+1","Creative AI"],"picked":"Self Repair","floor":27},{"not_picked":["Storm","Steam"],"picked":"Ball Lightning","floor":28},{"not_picked":["Streamline+1","Leap"],"picked":"Hologram","floor":31}],"player_experience":1336512,"relics_obtained":[{"floor":6,"key":"Pantograph"},{"floor":9,"key":"Tiny Chest"},{"floor":14,"key":"Bag of Marbles"},{"floor":22,"key":"Emotion Chip"},{"floor":24,"key":"Pen Nib"},{"floor":26,"key":"Bottled Lightning"},{"floor":30,"key":"Enchiridion"}],"event_choices":[{"damage_healed":17,"gold_gain":0,"player_choice":"Healed","damage_taken":0,"max_hp_gain":0,"max_hp_loss":0,"event_name":"The Cleric","floor":3,"gold_loss":35},{"damage_healed":0,"gold_gain":0,"cards_transformed":["Strike_B"],"player_choice":"Transformed","damage_taken":0,"max_hp_gain":0,"max_hp_loss":0,"event_name":"Transmorgrifier","floor":4,"gold_loss":0,"cards_obtained":["Darkness"]},{"damage_healed":0,"gold_gain":0,"player_choice":"Donut","damage_taken":0,"max_hp_gain":5,"max_hp_loss":0,"event_name":"Big Fish","floor":11,"gold_loss":0},{"damage_healed":0,"gold_gain":0,"player_choice":"Obtained Relic","damage_taken":0,"relics_obtained":["The Courier"],"max_hp_gain":0,"max_hp_loss":0,"event_name":"Addict","floor":20,"gold_loss":85},{"damage_healed":0,"gold_gain":0,"player_choice":"Obtained Book","damage_taken":21,"max_hp_gain":0,"max_hp_loss":0,"event_name":"Cursed Tome","floor":30,"gold_loss":0}],"is_beta":false,"boss_relics":[{"not_picked":["Lizard Tail","Ectoplasm"],"picked":"Snecko Eye"}],"items_purged_floors":[2],"is_endless":false,"potions_floor_spawned":[16,24,25,27,28],"killed_by":"Champ","ascension_level":16}