{"gold_per_floor":[116,116,136,136,15,42,62,10,10,10,27,62,62,79,79,180,180,195,120,136,149,175,209,209,308,308,336,336,360,36,56,56,161,161,181,230,452,462,562,562,137,151,198,20,53,53,86,96,96,96,96,96,19,45,45],"floor_reached":55,"playtime":2766,"items_purged":[],"score":948,"play_id":"72d91dab-fd73-4d2d-8c62-b38933d8ffab","local_time":"20190417134927","is_ascension_mode":true,"campfire_choices":[{"data":"1","floor":10.0,"key":"LIFT"},{"floor":13.0,"key":"REST"},{"data":"2","floor":15.0,"key":"LIFT"},{"floor":24.0,"key":"REST"},{"data":"3","floor":32,"key":"LIFT"},{"floor":40,"key":"RECALL"},{"floor":49,"key":"REST"},{"data":"Heavy Blade","floor":52,"key":"SMITH"}],"neow_cost":"NONE","seed_source_timestamp":0,"circlet_count":0,"master_deck":["Strike_R","Strike_R","Strike_R","Strike_R","Strike_R","Defend_R","Defend_R","Defend_R","Defend_R","Heavy Blade","Armaments","Fire Breathing","Pommel Strike","Sentinel","Thunderclap","Heavy Blade+1","Double Tap","Body Slam","Ghostly Armor","Flex+1","Intimidate","Pain","Seeing Red","Injury","Second Wind","Reaper","Infernal Blade","True Grit+1","Rupture","Flex","Burning Pact+1","Regret","Flex","Body Slam+1","Feel No Pain","Heavy Blade+1"],"special_seed":0,"relics":["Black Blood","NeowsBlessing","Girya","Darkstone Periapt","Du-Vu Doll","Bag of Preparation","Cursed Key","Red Mask","Centennial Puzzle","Paper Frog","Thread and Needle","Charon\u0027s Ashes","Mango","Turnip","Membership Card","Kunai","Blood Vial","Juzu Bracelet","Magic Flower","Potion Belt","Lantern","Red Skull","Bronze Scales"],"potions_floor_usage":[33,36,45,47],"damage_taken":[{"damage":0.0,"enemies":"Jaw Worm","floor":1.0,"turns":1.0},{"damage":0.0,"enemies":"Cultist","floor":3.0,"turns":1.0},{"damage":0.0,"enemies":"3 Sentries","floor":6.0,"turns":2.0},{"damage":6.0,"enemies":"Small Slimes","floor":7.0,"turns":4.0},{"damage":11.0,"enemies":"Blue Slaver","floor":11.0,"turns":4.0},{"damage":42.0,"enemies":"Lagavulin","floor":12.0,"turns":9.0},{"damage":2.0,"enemies":"3 Louse","floor":14.0,"turns":3.0},{"damage":43.0,"enemies":"The Guardian","floor":16.0,"turns":13.0},{"damage":25.0,"enemies":"3 Byrds","floor":18.0,"turns":4.0},{"damage":0.0,"enemies":"Spheric Guardian","floor":20.0,"turns":2.0},{"damage":21.0,"enemies":"3 Cultists","floor":21.0,"turns":5.0},{"damage":24.0,"enemies":"Masked Bandits","floor":22.0,"turns":4.0},{"damage":24.0,"enemies":"Book of Stabbing","floor":23.0,"turns":4.0},{"damage":2,"enemies":"Gremlin Leader","floor":27,"turns":3},{"damage":6,"enemies":"Sentry and Sphere","floor":31,"turns":3},{"damage":41,"enemies":"Collector","floor":33,"turns":5},{"damage":2,"enemies":"3 Shapes","floor":35,"turns":3},{"damage":17,"enemies":"2 Orb Walkers","floor":36,"turns":4},{"damage":18,"enemies":"3 Darklings","floor":38,"turns":3},{"damage":7,"enemies":"Mind Bloom Boss Battle","floor":39,"turns":5},{"damage":72,"enemies":"Writhing Mass","floor":42,"turns":6},{"damage":40,"enemies":"Nemesis","floor":45,"turns":5},{"damage":23,"enemies":"Reptomancer","floor":47,"turns":3},{"damage":0,"enemies":"Spire Growth","floor":48,"turns":2},{"damage":106,"enemies":"Donu and Deca","floor":50,"turns":9},{"damage":32,"enemies":"Shield and Spear","floor":54,"turns":6},{"damage":124,"enemies":"The Heart","floor":55,"turns":5}],"seed_played":"8819105646256367520","potions_obtained":[{"floor":1.0,"key":"Block Potion"},{"floor":6.0,"key":"Swift Potion"},{"floor":11.0,"key":"GamblersBrew"},{"floor":14.0,"key":"FearPotion"},{"floor":16.0,"key":"BloodPotion"},{"floor":20.0,"key":"Strength Potion"},{"floor":22.0,"key":"Energy Potion"},{"floor":27,"key":"Strength Potion"},{"floor":35,"key":"GamblersBrew"},{"floor":36,"key":"FearPotion"}],"is_trial":false,"path_per_floor":["M","?","M","?","$","E","M","?","T","R","M","E","R","M","R","B",null,"M","?","M","M","?","E","R","?","T","E","?","T","$","M","R","B",null,"M","?","?","M","?","R","$","M","T","$","E","$","E","M","R","B",null,"R","$","E","B"],"character_chosen":"IRONCLAD","items_purchased":["Armaments","Fire Breathing","Charon\u0027s Ashes","Second Wind","Flex","Membership Card","Kunai","Blood Vial","Magic Flower","Flex","Red Skull"],"campfire_rested":3,"item_purchase_floors":[5,5,30,30,41,41,41,41,44,44,53],"current_hp_per_floor":[80,80,80,85,85,85,85,85,85,85,80,44,69,73,73,36,85,73,73,79,64,46,28,53,53,59,63,91,97,97,97,97,62,97,97,104,104,105,108,108,108,48,54,54,34,34,29,73,108,58,117,117,117,100,0],"gold":45,"neow_bonus":"THREE_ENEMY_KILL","is_prod":false,"is_daily":false,"chose_seed":false,"campfire_upgraded":1,"win_rate":0,"timestamp":1555523367,"path_taken":["M","?","M","?","$","E","M","?","T","R","?","E","R","M","R","BOSS","M","?","M","M","?","E","R","?","T","E","?","?","$","M","R","BOSS","M","?","?","M","?","R","$","M","T","$","E","$","E","M","R","BOSS","R","$","E","BOSS"],"build_version":"2019-01-23","purchased_purges":0,"victory":false,"max_hp_per_floor":[80,80,80,85,85,85,85,85,85,85,85,85,85,85,85,85,85,85,85,85,85,85,85,85,85,91,91,91,97,97,97,97,97,97,97,111,111,111,111,111,111,111,117,117,117,117,117,117,117,117,117,117,117,117,117],"card_choices":[{"not_picked":["Combust","Rupture","True Grit"],"picked":"SKIP","floor":1.0},{"not_picked":["True Grit","Perfected Strike"],"picked":"Heavy Blade","floor":3.0},{"not_picked":["Searing Blow","Rupture"],"picked":"Pommel Strike","floor":6.0},{"not_picked":["Combust","Flame Barrier"],"picked":"Sentinel","floor":7.0},{"not_picked":["Wild Strike","Dual Wield"],"picked":"Thunderclap","floor":11.0},{"not_picked":["Dual Wield","Wild Strike","Fire Breathing"],"picked":"SKIP","floor":12.0},{"not_picked":["Clash","Cleave"],"picked":"Heavy Blade","floor":14.0},{"not_picked":["Juggernaut","Brutality"],"picked":"Double Tap","floor":16.0},{"not_picked":["Wild Strike","Havoc"],"picked":"Body Slam","floor":18.0},{"not_picked":["Dual Wield","Warcry+1","Wild Strike"],"picked":"SKIP","floor":20.0},{"not_picked":["Dual Wield+1","Combust"],"picked":"Ghostly Armor","floor":21.0},{"not_picked":["Uppercut+1","Infernal Blade"],"picked":"Flex+1","floor":22.0},{"not_picked":["Blood for Blood","Dual Wield+1"],"picked":"Intimidate","floor":23.0},{"not_picked":["Headbutt+1","True Grit"],"picked":"Seeing Red","floor":27},{"not_picked":["Perfected Strike","Havoc","Clothesline"],"picked":"SKIP","floor":31},{"not_picked":["Feed","Bludgeon"],"picked":"Reaper","floor":33},{"not_picked":["Reckless Charge","Cleave"],"picked":"Infernal Blade","floor":35},{"not_picked":["Clash+1","Flame Barrier+1"],"picked":"True Grit+1","floor":38},{"not_picked":["Reckless Charge+1","Iron Wave+1"],"picked":"Rupture","floor":39},{"not_picked":["Armaments","Metallicize"],"picked":"Burning Pact+1","floor":42},{"not_picked":["Wild Strike","Sword Boomerang+1"],"picked":"Body Slam+1","floor":45},{"not_picked":["Whirlwind","Body Slam+1"],"picked":"Feel No Pain","floor":47},{"not_picked":["Rampage","Immolate","Havoc+1"],"picked":"SKIP","floor":48},{"not_picked":["Pommel Strike","Clash+1"],"picked":"Heavy Blade+1","floor":54}],"player_experience":86301,"relics_obtained":[{"floor":6.0,"key":"Girya"},{"floor":9.0,"key":"Du-Vu Doll"},{"floor":12.0,"key":"Bag of Preparation"},{"floor":22.0,"key":"Red Mask"},{"floor":23.0,"key":"Centennial Puzzle"},{"floor":26,"key":"Paper Frog"},{"floor":27,"key":"Thread and Needle"},{"floor":36,"key":"Mango"},{"floor":39,"key":"Turnip"},{"floor":43,"key":"Juzu Bracelet"},{"floor":45,"key":"Potion Belt"},{"floor":47,"key":"Lantern"},{"floor":54,"key":"Bronze Scales"}],"event_choices":[{"damage_healed":0.0,"max_hp_gain":0.0,"max_hp_loss":0.0,"gold_gain":0.0,"cards_transformed":["Bash"],"event_name":"Living Wall","player_choice":"Change","floor":2.0,"gold_loss":0.0,"damage_taken":0.0,"cards_obtained":["Brutality"]},{"damage_healed":0.0,"max_hp_gain":5.0,"max_hp_loss":0.0,"gold_gain":0.0,"event_name":"Big Fish","player_choice":"Donut","floor":4.0,"gold_loss":0.0,"damage_taken":0.0},{"damage_healed":0.0,"max_hp_gain":0.0,"max_hp_loss":0.0,"gold_gain":0.0,"event_name":"WeMeetAgain","player_choice":"Paid Gold","floor":8.0,"gold_loss":52.0,"damage_taken":0.0,"relics_obtained":["Darkstone Periapt"]},{"cards_removed":["Brutality"],"damage_healed":0.0,"max_hp_gain":0.0,"max_hp_loss":0.0,"gold_gain":0.0,"event_name":"Beggar","player_choice":"Gave Gold","floor":19.0,"gold_loss":75.0,"damage_taken":0.0},{"damage_healed":0.0,"max_hp_gain":0.0,"max_hp_loss":0.0,"gold_gain":0.0,"event_name":"Masked Bandits","player_choice":"Fought Bandits","floor":22.0,"gold_loss":0.0,"damage_taken":0.0},{"damage_healed":0.0,"max_hp_gain":0.0,"max_hp_loss":0.0,"gold_gain":99.0,"event_name":"Nest","player_choice":"Stole From Cult","floor":25.0,"gold_loss":0.0,"damage_taken":0.0},{"damage_healed":30,"gold_gain":0,"player_choice":"Heal","damage_taken":0,"max_hp_gain":0,"max_hp_loss":0,"event_name":"The Library","floor":28,"gold_loss":0},{"damage_healed":0,"gold_gain":0,"player_choice":"Fight","damage_taken":0,"max_hp_gain":0,"max_hp_loss":0,"event_name":"Mysterious Sphere","floor":36,"gold_loss":0},{"damage_healed":0,"gold_gain":222,"player_choice":"Wore Mask","damage_taken":0,"max_hp_gain":0,"max_hp_loss":0,"event_name":"Tomb of Lord Red Mask","floor":37,"gold_loss":0},{"damage_healed":0,"gold_gain":0,"player_choice":"Fight","damage_taken":0,"max_hp_gain":0,"max_hp_loss":0,"event_name":"MindBloom","floor":39,"gold_loss":0}],"is_beta":false,"boss_relics":[{"not_picked":["Coffee Dripper","Runic Dome"],"picked":"Cursed Key"},{"not_picked":["Tiny House","Runic Cube"],"picked":"Black Blood"}],"items_purged_floors":[],"is_endless":false,"potions_floor_spawned":[1,6,11,14,16,20,22,27,35,36],"killed_by":"The Heart","ascension_level":2}