{"gold_per_floor":[112,112,112,112,137,137,177,177,177,201,239,254,294,309,309,429,429,444,457,71,170,190,225,225,265,577,589,601,637,693,630,642,782,794,825,851,886,898,934,946,998,1010,1022,1058,1070,280,301,340,340,340,340,340,27,71,71],"floor_reached":56,"playtime":4878,"items_purged":["Decay","Defend_G"],"score":1542,"play_id":"0feecc54-1b08-4937-b06f-cd6f5a73ecb3","local_time":"20190410054428","is_ascension_mode":true,"campfire_choices":[{"data":"Infinite Blades","floor":6,"key":"SMITH"},{"floor":8,"key":"REST"},{"data":"Neutralize","floor":15,"key":"SMITH"},{"data":"After Image","floor":24,"key":"SMITH"},{"data":"Well Laid Plans","floor":28,"key":"SMITH"},{"data":"Choke","floor":32,"key":"SMITH"},{"floor":40,"key":"RECALL"},{"data":"Apotheosis","floor":45,"key":"SMITH"},{"data":"Envenom","floor":49,"key":"SMITH"},{"data":"Adrenaline","floor":52,"key":"SMITH"}],"neow_cost":"NONE","seed_source_timestamp":2540742769959000,"circlet_count":0,"master_deck":["Defend_G+1","Defend_G","Survivor","Neutralize+1","Infinite Blades+1","Escape Plan","After Image+1","Backflip","Cloak And Dagger","Dagger Spray","Cloak And Dagger","PiercingWail","Adrenaline+1","Acrobatics+1","Riddle With Holes+1","Blur","Cloak And Dagger+1","Dagger Spray","Well Laid Plans+1","Bite","Bite","Bite","Bite","Bite","Choke+1","Envenom+1","Cloak And Dagger","Flechettes","Noxious Fumes+1","Finesse","Apotheosis+1","Finesse","Leg Sweep+1","Dagger Throw+1","Catalyst+1","Footwork+1","Dash","Dodge and Roll","A Thousand Cuts+1","Well Laid Plans+1","Acrobatics"],"relics":["Ring of the Snake","Golden Idol","Incense Burner","Juzu Bracelet","Dodecahedron","Strawberry","Philosopher\u0027s Stone","Omamori","Happy Flower","MawBank","Old Coin","Blood Vial","Cursed Key","Dream Catcher","Frozen Egg 2","Thread and Needle","War Paint","Pantograph","Calipers"],"potions_floor_usage":[13,13,14,23,23,25,55,55,55],"damage_taken":[{"damage":0,"enemies":"2 Louse","floor":1,"turns":3},{"damage":3,"enemies":"Cultist","floor":5,"turns":3},{"damage":48,"enemies":"Lagavulin","floor":7,"turns":13},{"damage":0,"enemies":"Jaw Worm","floor":10,"turns":4},{"damage":31,"enemies":"Gremlin Nob","floor":11,"turns":6},{"damage":0,"enemies":"Exordium Wildlife","floor":12,"turns":7},{"damage":6,"enemies":"Lagavulin","floor":13,"turns":8},{"damage":0,"enemies":"2 Fungi Beasts","floor":14,"turns":8},{"damage":8,"enemies":"Slime Boss","floor":16,"turns":16},{"damage":0,"enemies":"3 Byrds","floor":18,"turns":6},{"damage":5,"enemies":"Chosen","floor":19,"turns":6},{"damage":0,"enemies":"Snecko","floor":22,"turns":6},{"damage":10,"enemies":"Slavers","floor":23,"turns":10},{"damage":7,"enemies":"Gremlin Leader","floor":25,"turns":9},{"damage":13,"enemies":"Centurion and Healer","floor":29,"turns":7},{"damage":0,"enemies":"Book of Stabbing","floor":30,"turns":7},{"damage":0,"enemies":"Champ","floor":33,"turns":10},{"damage":0,"enemies":"3 Shapes","floor":35,"turns":3},{"damage":0,"enemies":"Orb Walker","floor":36,"turns":3},{"damage":11,"enemies":"Sphere and 2 Shapes","floor":37,"turns":6},{"damage":0,"enemies":"4 Shapes","floor":39,"turns":6},{"damage":0,"enemies":"Giant Head","floor":41,"turns":8},{"damage":0,"enemies":"Maw","floor":44,"turns":7},{"damage":0,"enemies":"Sphere and 2 Shapes","floor":47,"turns":5},{"damage":0,"enemies":"Reptomancer","floor":48,"turns":6},{"damage":15,"enemies":"Time Eater","floor":50,"turns":11},{"damage":0,"enemies":"Shield and Spear","floor":54,"turns":6},{"damage":26,"enemies":"The Heart","floor":55,"turns":10}],"seed_played":"-857240010914007203","potions_obtained":[{"floor":7,"key":"Fire Potion"},{"floor":12,"key":"SpeedPotion"},{"floor":13,"key":"Swift Potion"},{"floor":22,"key":"Strength Potion"},{"floor":23,"key":"FairyPotion"},{"floor":29,"key":"PowerPotion"},{"floor":33,"key":"Ancient Potion"},{"floor":35,"key":"SkillPotion"},{"floor":36,"key":"Dexterity Potion"}],"is_trial":false,"path_per_floor":["M","?","?","?","M","R","E","R","T","M","E","M","E","M","R","B",null,"M","M","$","?","M","E","R","E","T","?","R","M","E","?","R","B",null,"M","M","M","?","M","R","E","?","T","M","R","$","M","E","R","B",null,"R","$","E","B",null],"character_chosen":"THE_SILENT","items_purchased":["Blur","Omamori","PowerPotion","SpeedPotion","Frozen Egg 2","Footwork+1","Thread and Needle","Dash","Dodge and Roll","Pantograph","Well Laid Plans+1"],"campfire_rested":1,"item_purchase_floors":[20,20,20,20,46,46,46,46,46,53,53],"current_hp_per_floor":[70,65,70,70,67,67,19,40,40,40,9,9,10,10,10,2,77,77,72,72,72,72,62,62,55,55,53,53,53,53,53,53,53,53,53,53,51,41,53,53,53,53,53,53,53,53,53,53,53,51,53,53,53,53,48],"gold":71,"neow_bonus":"REMOVE_CARD","is_prod":false,"is_daily":false,"chose_seed":false,"campfire_upgraded":8,"win_rate":0,"timestamp":1554889468,"path_taken":["M","?","?","?","M","R","E","R","T","M","E","M","E","M","R","BOSS","M","M","$","?","M","E","R","E","T","?","R","M","E","?","R","BOSS","M","M","M","?","M","R","E","?","T","M","R","$","M","E","R","BOSS","R","$","E","BOSS"],"build_version":"2019-04-04","purchased_purges":2,"victory":true,"max_hp_per_floor":[70,65,70,70,70,70,70,70,70,70,70,70,77,77,77,77,77,77,77,77,77,77,77,77,77,77,53,53,53,53,53,53,53,53,53,53,53,53,53,53,53,53,53,53,53,53,53,53,53,53,53,53,53,53,53],"card_choices":[{"not_picked":["Blade Dance","Dodge and Roll"],"picked":"Infinite Blades","floor":1},{"not_picked":["Caltrops","Sucker Punch"],"picked":"Escape Plan","floor":5},{"not_picked":["Dodge and Roll","Blur"],"picked":"After Image","floor":7},{"not_picked":["Riddle With Holes","Dodge and Roll"],"picked":"Backflip","floor":10},{"not_picked":["Dagger Spray","Blade Dance"],"picked":"Cloak And Dagger","floor":11},{"not_picked":["Endless Agony","Unload"],"picked":"Dagger Spray","floor":12},{"not_picked":["Skewer","Blade Dance"],"picked":"Cloak And Dagger","floor":13},{"not_picked":["Dodge and Roll","Deflect"],"picked":"PiercingWail","floor":14},{"not_picked":["Die Die Die","Night Terror"],"picked":"Adrenaline","floor":16},{"not_picked":["Tactician+1","Underhanded Strike"],"picked":"Acrobatics+1","floor":18},{"not_picked":["PiercingWail","Heel Hook"],"picked":"Riddle With Holes+1","floor":19},{"not_picked":["Poisoned Stab+1","Distraction+1"],"picked":"Cloak And Dagger+1","floor":22},{"not_picked":["Bane","Concentrate"],"picked":"Dagger Spray","floor":23},{"not_picked":["Dodge and Roll","Quick Slash"],"picked":"Well Laid Plans","floor":25},{"not_picked":["Riddle With Holes","Blade Dance","Heel Hook"],"picked":"SKIP","floor":29},{"not_picked":["Glass Knife","Quick Slash"],"picked":"Choke","floor":30},{"not_picked":["Glass Knife","Tools of the Trade"],"picked":"Envenom","floor":33},{"not_picked":["Slice","Poisoned Stab"],"picked":"Cloak And Dagger","floor":35},{"not_picked":["Deadly Poison+1","Crippling Poison"],"picked":"Flechettes","floor":36},{"not_picked":["Slice","Cloak And Dagger+1"],"picked":"Noxious Fumes+1","floor":37},{"not_picked":["Mind Blast","PanicButton"],"picked":"Finesse","floor":38},{"not_picked":["Mind Blast","Madness"],"picked":"Apotheosis","floor":38},{"not_picked":["Discovery","Dramatic Entrance"],"picked":"Finesse","floor":38},{"not_picked":["Flying Knee+1","Blade Dance+1"],"picked":"Leg Sweep+1","floor":39},{"not_picked":["Bouncing Flask","Dagger Spray+1"],"picked":"Dagger Throw+1","floor":41},{"not_picked":["Bane","Sucker Punch"],"picked":"Catalyst","floor":44},{"not_picked":["Dagger Throw+1","Poisoned Stab+1","Dagger Spray+1"],"picked":"SKIP","floor":47},{"not_picked":["Wraith Form v2+1","Concentrate+1"],"picked":"A Thousand Cuts+1","floor":48},{"not_picked":["Concentrate","Finisher"],"picked":"Acrobatics","floor":54}],"player_experience":5252686,"relics_obtained":[{"floor":7,"key":"Incense Burner"},{"floor":9,"key":"Juzu Bracelet"},{"floor":11,"key":"Dodecahedron"},{"floor":13,"key":"Strawberry"},{"floor":23,"key":"Happy Flower"},{"floor":25,"key":"MawBank"},{"floor":26,"key":"Old Coin"},{"floor":30,"key":"Blood Vial"},{"floor":41,"key":"Dream Catcher"},{"floor":48,"key":"War Paint"},{"floor":54,"key":"Calipers"}],"event_choices":[{"damage_healed":0,"gold_gain":0,"player_choice":"Lose Max HP","damage_taken":0,"relics_obtained":["Golden Idol"],"max_hp_gain":0,"max_hp_loss":5,"event_name":"Golden Idol","floor":2,"gold_loss":0},{"damage_healed":0,"gold_gain":0,"player_choice":"Donut","damage_taken":0,"max_hp_gain":5,"max_hp_loss":0,"event_name":"Big Fish","floor":3,"gold_loss":0},{"damage_healed":0,"gold_gain":0,"player_choice":"Cursed","damage_taken":0,"max_hp_gain":0,"max_hp_loss":0,"event_name":"Wheel of Change","floor":4,"gold_loss":0,"cards_obtained":["Decay"]},{"damage_healed":0,"gold_gain":99,"player_choice":"Stole From Cult","damage_taken":0,"max_hp_gain":0,"max_hp_loss":0,"event_name":"Nest","floor":21,"gold_loss":0},{"damage_healed":0,"gold_gain":0,"player_choice":"Became a vampire","damage_taken":0,"max_hp_gain":0,"max_hp_loss":24,"event_name":"Vampires","floor":27,"gold_loss":0,"cards_obtained":["Bite","Bite","Bite","Bite","Bite"]},{"cards_removed":["Defend_G"],"damage_healed":0,"gold_gain":0,"player_choice":"Gave Gold","damage_taken":0,"max_hp_gain":0,"max_hp_loss":0,"event_name":"Beggar","floor":31,"gold_loss":75},{"damage_healed":0,"gold_gain":0,"player_choice":"Memory 3","damage_taken":10,"max_hp_gain":0,"max_hp_loss":0,"event_name":"SensoryStone","floor":38,"gold_loss":0},{"damage_healed":0,"gold_gain":0,"player_choice":"Ignored","damage_taken":0,"max_hp_gain":0,"max_hp_loss":0,"event_name":"SecretPortal","floor":42,"gold_loss":0}],"is_beta":true,"boss_relics":[{"not_picked":["Ring of the Serpent","Empty Cage"],"picked":"Philosopher\u0027s Stone"},{"not_picked":["Runic Pyramid","Busted Crown"],"picked":"Cursed Key"}],"items_purged_floors":[20,46],"is_endless":false,"potions_floor_spawned":[7,12,13,22,23,29,33,35,36,47],"ascension_level":1}