{"gold_per_floor":[113,131,131,131,205,205,228,240,264,281,294,323,353,369,369,474,524,534,544,297,297,312,312,227,257,257,257],"floor_reached":27,"playtime":822,"items_purged":[],"score":360,"play_id":"d130e549-c27d-4172-8fba-ed19318b6b6e","local_time":"20190506130937","is_ascension_mode":true,"campfire_choices":[{"data":"Heavy Blade","floor":6,"key":"SMITH"},{"data":"Infernal Blade","floor":15,"key":"SMITH"},{"floor":23,"key":"REST"}],"neow_cost":"NONE","seed_source_timestamp":81055132932100,"circlet_count":0,"master_deck":["Strike_R","Strike_R","Strike_R+1","Strike_R","Strike_R","Defend_R","Defend_R","Defend_R","Defend_R","Bash","Trip","Flex","Heavy Blade+1","Whirlwind","Cleave","Anger","Flex","Battle Trance","Infernal Blade+1","Exhume","Flame Barrier","Twin Strike","Intimidate+1","Flex"],"relics":["Burning Blood","Odd Mushroom","Lantern","Matryoshka","Tiny House","Sling","Mummified Hand","The Courier","Ornamental Fan"],"potions_floor_usage":[12,16,16,16,22,22,27,27],"damage_taken":[{"damage":7,"enemies":"Jaw Worm","floor":1,"turns":3},{"damage":0,"enemies":"2 Louse","floor":2,"turns":2},{"damage":14,"enemies":"The Mushroom Lair","floor":7,"turns":5},{"damage":0,"enemies":"Small Slimes","floor":8,"turns":1},{"damage":9,"enemies":"3 Louse","floor":10,"turns":2},{"damage":0,"enemies":"Large Slime","floor":11,"turns":4},{"damage":0,"enemies":"3 Sentries","floor":12,"turns":1},{"damage":0,"enemies":"2 Fungi Beasts","floor":14,"turns":2},{"damage":80,"enemies":"The Guardian","floor":16,"turns":9},{"damage":0,"enemies":"3 Byrds","floor":18,"turns":2},{"damage":21,"enemies":"Shell Parasite","floor":19,"turns":4},{"damage":36,"enemies":"Snake Plant","floor":22,"turns":4},{"damage":28,"enemies":"Book of Stabbing","floor":25,"turns":4},{"damage":22,"enemies":"Masked Bandits","floor":27,"turns":3}],"seed_played":"7529540575188637951","potions_obtained":[{"floor":2,"key":"Poison Potion"},{"floor":11,"key":"SteroidPotion"},{"floor":12,"key":"PowerPotion"},{"floor":14,"key":"Fire Potion"},{"floor":16,"key":"SpeedPotion"},{"floor":17,"key":"Energy Potion"},{"floor":19,"key":"Swift Potion"},{"floor":25,"key":"SpeedPotion"}],"is_trial":false,"path_per_floor":["M","M","?","$","?","R","?","M","T","M","M","E","?","M","R","B",null,"M","M","$","?","M","R","?","E","T","?"],"character_chosen":"IRONCLAD","items_purchased":["Sling","Flex"],"campfire_rested":1,"item_purchase_floors":[20,20],"current_hp_per_floor":[71,77,82,82,82,82,74,80,80,77,83,85,85,85,85,11,72,78,63,63,45,15,43,43,21,21,0],"gold":257,"neow_bonus":"RANDOM_COLORLESS","is_prod":false,"is_daily":false,"chose_seed":false,"campfire_upgraded":2,"win_rate":0,"timestamp":1557162577,"path_taken":["M","M","?","$","?","R","?","M","T","M","?","E","?","M","R","BOSS","M","M","$","?","M","R","?","E","T","?"],"build_version":"2019-01-23","purchased_purges":0,"victory":false,"max_hp_per_floor":[80,80,85,85,85,85,85,85,85,85,85,85,85,85,85,85,90,90,90,90,95,95,95,95,95,95,95],"card_choices":[{"not_picked":["Second Wind","Armaments"],"picked":"Flex","floor":1},{"not_picked":["Evolve","Cleave"],"picked":"Heavy Blade","floor":2},{"not_picked":["Double Tap","Perfected Strike"],"picked":"Whirlwind","floor":7},{"not_picked":["Sever Soul","Ghostly Armor"],"picked":"Cleave","floor":8},{"not_picked":["Seeing Red","Feel No Pain"],"picked":"Anger","floor":10},{"not_picked":["Anger","Reckless Charge"],"picked":"Flex","floor":11},{"not_picked":["Sword Boomerang","Dark Embrace"],"picked":"Battle Trance","floor":12},{"not_picked":["Twin Strike","Spot Weakness"],"picked":"Infernal Blade","floor":14},{"not_picked":["Demon Form","Brutality"],"picked":"Exhume","floor":16},{"not_picked":["Sword Boomerang","Armaments"],"picked":"Flame Barrier","floor":17},{"not_picked":["Perfected Strike","Wild Strike+1"],"picked":"Twin Strike","floor":18},{"not_picked":["Warcry","Sever Soul"],"picked":"Intimidate+1","floor":19},{"not_picked":["Armaments","Body Slam","Perfected Strike"],"picked":"SKIP","floor":22},{"not_picked":["Combust","Seeing Red","Offering"],"picked":"SKIP","floor":25}],"player_experience":161104,"relics_obtained":[{"floor":7,"key":"Odd Mushroom"},{"floor":9,"key":"Lantern"},{"floor":12,"key":"Matryoshka"},{"floor":25,"key":"The Courier"},{"floor":26,"key":"Ornamental Fan"}],"event_choices":[{"damage_healed":0,"gold_gain":0,"player_choice":"Donut","damage_taken":0,"max_hp_gain":5,"max_hp_loss":0,"event_name":"Big Fish","floor":3,"gold_loss":0},{"damage_healed":0,"gold_gain":74,"player_choice":"Gained Gold","damage_taken":0,"max_hp_gain":0,"max_hp_loss":0,"event_name":"Golden Wing","floor":5,"gold_loss":0},{"damage_healed":0,"gold_gain":0,"player_choice":"Fought Mushrooms","damage_taken":0,"max_hp_gain":0,"max_hp_loss":0,"event_name":"Mushrooms","floor":7,"gold_loss":0},{"damage_healed":0,"gold_gain":30,"player_choice":"Searched \u00271\u0027 times","damage_taken":0,"max_hp_gain":0,"max_hp_loss":0,"event_name":"Dead Adventurer","floor":13,"gold_loss":0},{"damage_healed":0,"gold_gain":0,"player_choice":"Shed Blood","damage_taken":23,"max_hp_gain":5,"max_hp_loss":0,"event_name":"Forgotten Altar","floor":21,"gold_loss":0},{"damage_healed":0,"gold_gain":0,"player_choice":"Obtained Relic","damage_taken":0,"relics_obtained":["Mummified Hand"],"max_hp_gain":0,"max_hp_loss":0,"event_name":"Addict","floor":24,"gold_loss":85},{"damage_healed":0,"gold_gain":0,"player_choice":"Fought Bandits","damage_taken":0,"max_hp_gain":0,"max_hp_loss":0,"event_name":"Masked Bandits","floor":27,"gold_loss":0}],"is_beta":false,"boss_relics":[{"not_picked":["Runic Cube","Snecko Eye"],"picked":"Tiny House"}],"items_purged_floors":[],"is_endless":false,"potions_floor_spawned":[2,11,12,14,16,19,25],"killed_by":"Masked Bandits","ascension_level":6}