{"gold_per_floor":[111,111,129,142,105,105,120,37,37,37,37,37,50,66,66,166,166,183,183,194,214,214],"floor_reached":22,"playtime":957,"items_purged":[],"score":178,"play_id":"dc21bbe9-227f-432c-bc0f-b2d63d30f908","local_time":"20190328103834","is_ascension_mode":false,"campfire_choices":[{"data":"Seeing Red","floor":6,"key":"SMITH"},{"data":"Armaments","floor":10,"key":"SMITH"},{"data":"Armaments","floor":15,"key":"SMITH"}],"neow_cost":"NONE","seed_source_timestamp":427204146900300,"circlet_count":0,"master_deck":["Strike_R","Strike_R","Strike_R","Strike_R","Strike_R","Defend_R","Defend_R","Defend_R","Defend_R","Bash","Sword Boomerang","Sword Boomerang","Seeing Red+1","Armaments+1","Whirlwind","Evolve","Finesse","Armaments+1","Twin Strike","Impervious","Headbutt+1","RitualDagger","Corruption","Shrug It Off"],"relics":["Burning Blood","Mercury Hourglass","Mark of Pain"],"potions_floor_usage":[16,16,18,21,22],"damage_taken":[{"damage":4,"enemies":"2 Louse","floor":1,"turns":3},{"damage":1,"enemies":"Cultist","floor":3,"turns":3},{"damage":9,"enemies":"Jaw Worm","floor":4,"turns":4},{"damage":9,"enemies":"3 Louse","floor":7,"turns":2},{"damage":23,"enemies":"Large Slime","floor":13,"turns":6},{"damage":9,"enemies":"Blue Slaver","floor":14,"turns":3},{"damage":44,"enemies":"Slime Boss","floor":16,"turns":9},{"damage":16,"enemies":"Spheric Guardian","floor":18,"turns":5},{"damage":10,"enemies":"3 Byrds","floor":20,"turns":5},{"damage":28,"enemies":"Snecko","floor":21,"turns":6},{"damage":46,"enemies":"3 Cultists","floor":22,"turns":5}],"seed_played":"-4409327165687410556","potions_obtained":[{"floor":1,"key":"Poison Potion"},{"floor":13,"key":"Block Potion"},{"floor":16,"key":"LiquidBronze"},{"floor":18,"key":"Weak Potion"},{"floor":20,"key":"Weak Potion"},{"floor":21,"key":"BloodPotion"}],"is_trial":false,"path_per_floor":["M","?","M","M","$","R","M","$","T","R","$","$","M","M","R","B",null,"M","?","M","M","M"],"character_chosen":"IRONCLAD","items_purchased":["Whirlwind","Finesse"],"campfire_rested":0,"item_purchase_floors":[5,8],"current_hp_per_floor":[80,80,80,77,77,77,74,74,74,74,74,74,57,54,54,16,80,70,64,60,38,0],"gold":214,"neow_bonus":"THREE_CARDS","is_prod":false,"is_daily":false,"chose_seed":false,"campfire_upgraded":3,"win_rate":0.0,"timestamp":1553783914,"path_taken":["M","?","M","?","$","R","M","$","T","R","?","$","M","M","R","BOSS","M","?","M","M","M"],"build_version":"2019-01-23","purchased_purges":0,"victory":false,"max_hp_per_floor":[80,80,80,80,80,80,80,80,80,80,80,80,80,80,80,80,80,80,80,80,80,80],"card_choices":[{"not_picked":["Clothesline","Dropkick"],"picked":"Sword Boomerang","floor":0},{"not_picked":["Spot Weakness","Anger"],"picked":"Sword Boomerang","floor":1},{"not_picked":["Heavy Blade","Twin Strike"],"picked":"Seeing Red","floor":3},{"not_picked":["True Grit","Anger"],"picked":"Armaments","floor":4},{"not_picked":["Clash","Perfected Strike"],"picked":"Evolve","floor":7},{"not_picked":["Pommel Strike","Reckless Charge"],"picked":"Armaments","floor":13},{"not_picked":["Disarm","Pummel"],"picked":"Twin Strike","floor":14},{"not_picked":["Double Tap","Immolate"],"picked":"Impervious","floor":16},{"not_picked":["Perfected Strike+1","Thunderclap"],"picked":"Headbutt+1","floor":18},{"not_picked":["Intimidate","Thunderclap"],"picked":"Corruption","floor":20},{"not_picked":["Twin Strike","Iron Wave+1"],"picked":"Shrug It Off","floor":21}],"player_experience":18227,"relics_obtained":[{"floor":9,"key":"Mercury Hourglass"}],"event_choices":[{"damage_healed":0,"gold_gain":0,"player_choice":"Leave","damage_taken":0,"max_hp_gain":0,"max_hp_loss":0,"event_name":"FaceTrader","floor":2,"gold_loss":0},{"damage_healed":0,"gold_gain":0,"player_choice":"Joined the Cult","damage_taken":6,"max_hp_gain":0,"max_hp_loss":0,"event_name":"Nest","floor":19,"gold_loss":0,"cards_obtained":["RitualDagger"]}],"is_beta":false,"boss_relics":[{"not_picked":["Calling Bell","Orrery"],"picked":"Mark of Pain"}],"items_purged_floors":[],"is_endless":false,"potions_floor_spawned":[1,13,16,18,20,21],"killed_by":"3 Cultists","ascension_level":0}