{"gold_per_floor":[11,25,40,60,75,102,102,117,143,156,231,231,263,64,64,165,165,178,178,103,32,51,82,82,98,398,411,411,411,424,435,435,537,537,551,1550,1565,548,548,567,581,581,654,687,687,706,706,734,734,734],"floor_reached":51,"playtime":1954,"items_purged":["Normality"],"score":816,"play_id":"584e75f0-e2dc-412b-91fa-a10ffe584b7b","local_time":"20190329002026","is_ascension_mode":false,"campfire_choices":[{"data":"Zap","floor":7,"key":"SMITH"},{"floor":12,"key":"REST"},{"data":"Sweeping Beam","floor":15,"key":"SMITH"},{"data":"Hologram","floor":24,"key":"SMITH"},{"data":"Tempest","floor":29,"key":"SMITH"},{"floor":32,"key":"REST"},{"data":"Storm","floor":42,"key":"SMITH"},{"floor":45,"key":"REST"},{"data":"Skim","floor":47,"key":"SMITH"},{"data":"Discovery","floor":49,"key":"SMITH"}],"neow_cost":"NO_GOLD","seed_source_timestamp":654996352144262,"circlet_count":0,"master_deck":["Defend_B","Defend_B","Defend_B","Defend_B","Zap+1","Dualcast","Rebound","Skim+1","Gash","Sweeping Beam+1","Go for the Eyes+1","Sweeping Beam+1","Barrage+1","Thunder Strike+1","Doom and Gloom+1","Tempest+1","Hologram+1","Leap+1","Electrodynamics","Glacier","Cold Snap+1","Biased Cognition","FTL+1","Echo Form+1","Rip and Tear+1","Chill","Glacier","Storm+1","BootSequence","White Noise","Discovery+1","Panache","Leap+1","Parasite","Fusion+1","Coolheaded+1"],"relics":["Cracked Core","Du-Vu Doll","Molten Egg 2","Vajra","Shuriken","Runic Capacitor","Cursed Key","Omamori","Old Coin","Astrolabe","Pantograph","Strawberry","MealTicket","Bottled Lightning","Smiling Mask","Blood Vial"],"potions_floor_usage":[13,22,31,33,33,35,50,50,50],"damage_taken":[{"damage":1,"enemies":"Cultist","floor":1,"turns":3},{"damage":2,"enemies":"Small Slimes","floor":2,"turns":4},{"damage":6,"enemies":"Jaw Worm","floor":3,"turns":3},{"damage":4,"enemies":"Blue Slaver","floor":4,"turns":3},{"damage":9,"enemies":"Exordium Wildlife","floor":5,"turns":4},{"damage":21,"enemies":"Lagavulin","floor":6,"turns":7},{"damage":1,"enemies":"Exordium Thugs","floor":8,"turns":4},{"damage":7,"enemies":"Large Slime","floor":10,"turns":4},{"damage":14,"enemies":"Gremlin Nob","floor":13,"turns":3},{"damage":16,"enemies":"Hexaghost","floor":16,"turns":7},{"damage":5,"enemies":"Spheric Guardian","floor":18,"turns":3},{"damage":0,"enemies":"3 Byrds","floor":22,"turns":3},{"damage":18,"enemies":"Gremlin Leader","floor":23,"turns":4},{"damage":1,"enemies":"Snecko","floor":25,"turns":4},{"damage":9,"enemies":"3 Cultists","floor":27,"turns":4},{"damage":27,"enemies":"Snake Plant","floor":30,"turns":3},{"damage":17,"enemies":"Centurion and Healer","floor":31,"turns":2},{"damage":25,"enemies":"Collector","floor":33,"turns":5},{"damage":23,"enemies":"3 Darklings","floor":35,"turns":3},{"damage":0,"enemies":"3 Shapes","floor":37,"turns":3},{"damage":0,"enemies":"Jaw Worm Horde","floor":40,"turns":3},{"damage":0,"enemies":"Maw","floor":41,"turns":5},{"damage":9,"enemies":"Reptomancer","floor":44,"turns":5},{"damage":3,"enemies":"Transient","floor":46,"turns":5},{"damage":21,"enemies":"Giant Head","floor":48,"turns":7},{"damage":64,"enemies":"Awakened One","floor":50,"turns":9}],"seed_played":"-1927307602831049920","potions_obtained":[{"floor":3,"key":"Weak Potion"},{"floor":5,"key":"Weak Potion"},{"floor":6,"key":"Swift Potion"},{"floor":10,"key":"AttackPotion"},{"floor":25,"key":"FocusPotion"},{"floor":27,"key":"Explosive Potion"},{"floor":31,"key":"Dexterity Potion"},{"floor":33,"key":"SpeedPotion"},{"floor":35,"key":"Poison Potion"}],"is_trial":false,"path_per_floor":["M","M","M","M","M","E","R","M","T","M","?","R","E","$","R","B",null,"M","?","?","$","M","E","R","M","T","M","?","R","M","M","R","B",null,"M","?","M","$","?","M","M","R","T","E","R","M","R","E","R","B",null],"character_chosen":"DEFECT","items_purchased":["Runic Capacitor","Tempest","Pantograph","Strawberry","MealTicket","Storm","BootSequence","White Noise","Discovery","Strength Potion"],"campfire_rested":3,"item_purchase_floors":[14,21,38,38,38,38,38,38,38,38],"current_hp_per_floor":[74,72,66,62,53,32,32,31,31,24,13,35,21,21,21,5,75,70,70,70,70,70,52,52,51,51,42,75,75,48,31,53,28,75,52,52,52,59,59,59,59,59,59,50,74,71,71,50,50,13],"gold":734,"neow_bonus":"ONE_RARE_RELIC","is_prod":false,"is_daily":false,"chose_seed":false,"campfire_upgraded":7,"win_rate":0,"timestamp":1553818826,"path_taken":["M","?","M","M","?","E","R","M","T","M","?","R","E","$","R","BOSS","M","?","?","?","?","E","R","M","T","M","?","R","M","M","R","BOSS","M","?","M","$","?","M","M","R","T","E","R","M","R","E","R","BOSS"],"build_version":"2019-03-15","purchased_purges":1,"victory":true,"max_hp_per_floor":[75,75,75,75,75,75,75,75,75,75,75,75,75,75,75,75,75,75,75,75,75,75,75,75,75,75,75,75,75,75,75,75,75,75,75,75,75,82,82,82,82,82,82,82,82,82,82,82,82,82],"card_choices":[{"not_picked":["Skim","Steam"],"picked":"Rebound","floor":1},{"not_picked":["Go for the Eyes","Undo"],"picked":"Skim","floor":2},{"not_picked":["Compile Driver","Turbo"],"picked":"Gash","floor":3},{"not_picked":["Beam Cell","Rip and Tear"],"picked":"White Noise","floor":4},{"not_picked":["Seek","Streamline"],"picked":"Sweeping Beam","floor":5},{"not_picked":["Rip and Tear","Streamline"],"picked":"Go for the Eyes","floor":6},{"not_picked":["Force Field","Aggregate"],"picked":"Sweeping Beam+1","floor":8},{"not_picked":["Steam Power","Hello World"],"picked":"Barrage+1","floor":10},{"not_picked":["Sunder+1","Turbo","Sweeping Beam+1"],"picked":"SKIP","floor":13},{"not_picked":["Creative AI","Biased Cognition"],"picked":"Thunder Strike+1","floor":16},{"not_picked":["Stack","Barrage+1"],"picked":"Doom and Gloom+1","floor":18},{"not_picked":["Turbo","Redo+1"],"picked":"Hologram","floor":22},{"not_picked":["Streamline+1","Redo"],"picked":"Leap+1","floor":23},{"not_picked":["Rip and Tear+1","Reinforced Body","White Noise"],"picked":"SKIP","floor":25},{"not_picked":["Compile Driver+1","Cold Snap+1"],"picked":"Electrodynamics","floor":27},{"not_picked":["Gash+1","Steam Power"],"picked":"Glacier","floor":30},{"not_picked":["Self Repair","Redo"],"picked":"Cold Snap+1","floor":31},{"not_picked":["Core Surge+1","Hyperbeam+1"],"picked":"Biased Cognition","floor":33},{"not_picked":["Loop+1","Skim"],"picked":"Chill","floor":35},{"not_picked":["Conserve Battery","Gash+1"],"picked":"Glacier","floor":37},{"not_picked":["Trip","Jack Of All Trades"],"picked":"Panache","floor":39},{"not_picked":["Stack","Static Discharge+1","Cold Snap+1"],"picked":"SKIP","floor":40},{"not_picked":["Beam Cell+1","Rebound+1"],"picked":"Leap+1","floor":41},{"not_picked":["Rebound+1","Fusion+1","Turbo"],"picked":"SKIP","floor":44},{"not_picked":["Rebound+1","Turbo"],"picked":"Fusion+1","floor":44},{"not_picked":["Beam Cell+1","Turbo+1","Double Energy"],"picked":"SKIP","floor":46},{"not_picked":["Reinforced Body+1","Creative AI"],"picked":"Coolheaded+1","floor":48}],"player_experience":1173866,"relics_obtained":[{"floor":6,"key":"Molten Egg 2"},{"floor":9,"key":"Vajra"},{"floor":13,"key":"Shuriken"},{"floor":23,"key":"Omamori"},{"floor":26,"key":"Old Coin"},{"floor":43,"key":"Bottled Lightning"},{"floor":44,"key":"Smiling Mask"},{"floor":48,"key":"Blood Vial"}],"event_choices":[{"damage_healed":0,"gold_gain":75,"player_choice":"Gather Gold","damage_taken":11,"max_hp_gain":0,"max_hp_loss":0,"event_name":"World of Goop","floor":11,"gold_loss":0},{"damage_healed":0,"gold_gain":0,"player_choice":"Ignored","damage_taken":0,"max_hp_gain":0,"max_hp_loss":0,"event_name":"Ghosts","floor":19,"gold_loss":0},{"cards_removed":["Strike_B"],"damage_healed":0,"gold_gain":0,"player_choice":"Gave Gold","damage_taken":0,"max_hp_gain":0,"max_hp_loss":0,"event_name":"Beggar","floor":20,"gold_loss":75},{"cards_removed":["White Noise"],"damage_healed":33,"gold_gain":0,"player_choice":"Offered Uncommon","damage_taken":0,"max_hp_gain":0,"max_hp_loss":0,"event_name":"Bonfire Elementals","floor":28,"gold_loss":0},{"damage_healed":0,"gold_gain":999,"player_choice":"Gold","damage_taken":0,"max_hp_gain":0,"max_hp_loss":0,"event_name":"MindBloom","floor":36,"gold_loss":0,"cards_obtained":["Normality","Normality"]},{"damage_healed":0,"gold_gain":0,"player_choice":"Memory 1","damage_taken":0,"max_hp_gain":0,"max_hp_loss":0,"event_name":"SensoryStone","floor":39,"gold_loss":0}],"is_beta":true,"boss_relics":[{"not_picked":["Fusion Hammer","Ectoplasm"],"picked":"Cursed Key"},{"not_picked":["Velvet Choker","Calling Bell"],"picked":"Astrolabe"}],"items_purged_floors":[38],"is_endless":false,"potions_floor_spawned":[3,5,6,10,25,27,31,33,35,40,44,46],"ascension_level":0}