{"gold_per_floor":[115,115,2,14,14,14,49,49,100,114,131,131,144,34,34,34],"floor_reached":16,"playtime":469,"items_purged":["Strike_B"],"score":170,"play_id":"e7ea0863-9db4-46a8-b6f0-7e31bcf38bb8","local_time":"20190424170416","is_ascension_mode":true,"campfire_choices":[{"data":"Biased Cognition","floor":6,"key":"SMITH"},{"floor":8,"key":"REST"},{"floor":12,"key":"REST"},{"data":"Consume","floor":15,"key":"SMITH"}],"neow_cost":"TEN_PERCENT_HP_LOSS","seed_source_timestamp":1134964011017431,"circlet_count":0,"master_deck":["AscendersBane","Strike_B","Strike_B","Defend_B","Defend_B","Defend_B","Defend_B","Zap","Dualcast","Biased Cognition+1","Auto Shields","Loop","FTL","Chill","Rebound","Self Repair","Leap","Consume+1","Steam Power"],"relics":["Cracked Core","Ancient Tea Set","Dodecahedron","Vajra"],"potions_floor_usage":[16],"damage_taken":[{"damage":0,"enemies":"2 Louse","floor":1,"turns":4},{"damage":7,"enemies":"Small Slimes","floor":4,"turns":3},{"damage":8,"enemies":"Lagavulin","floor":7,"turns":6},{"damage":12,"enemies":"Jaw Worm","floor":10,"turns":2},{"damage":18,"enemies":"Large Slime","floor":11,"turns":4},{"damage":1,"enemies":"Blue Slaver","floor":13,"turns":4},{"damage":48,"enemies":"Slime Boss","floor":16,"turns":9}],"seed_played":"5892020093394999013","potions_obtained":[{"floor":4,"key":"SpeedPotion"},{"floor":13,"key":"SkillPotion"}],"is_trial":false,"path_per_floor":["M","?","$","M","?","R","E","R","T","M","M","R","M","$","R","B"],"character_chosen":"DEFECT","items_purchased":["Loop","FTL","Steam Power"],"campfire_rested":2,"item_purchase_floors":[3,3,14],"current_hp_per_floor":[64,57,57,50,25,25,17,36,36,24,13,32,38,38,38,0],"gold":34,"neow_bonus":"THREE_RARE_CARDS","is_prod":false,"is_daily":false,"chose_seed":false,"campfire_upgraded":2,"win_rate":0,"timestamp":1556136256,"path_taken":["M","?","$","M","?","R","E","R","T","M","M","R","M","$","R","BOSS"],"build_version":"2019-01-23","purchased_purges":1,"victory":false,"max_hp_per_floor":[64,64,64,64,64,64,64,64,64,64,64,64,64,64,64,64],"card_choices":[{"not_picked":["Buffer","Creative AI"],"picked":"Biased Cognition","floor":0},{"not_picked":["Beam Cell","Reinforced Body"],"picked":"Auto Shields","floor":1},{"not_picked":["Heatsinks","White Noise"],"picked":"Chill","floor":4},{"not_picked":["Turbo","Skim"],"picked":"Rebound","floor":7},{"not_picked":["Steam","Gash"],"picked":"Self Repair","floor":10},{"not_picked":["Aggregate","Hello World"],"picked":"Leap","floor":11},{"not_picked":["Steam Power","Turbo"],"picked":"Consume","floor":13}],"player_experience":1189007,"relics_obtained":[{"floor":7,"key":"Dodecahedron"},{"floor":9,"key":"Vajra"}],"event_choices":[{"cards_removed":["Strike_B"],"damage_healed":0,"gold_gain":0,"player_choice":"Card Removal","damage_taken":7,"max_hp_gain":0,"max_hp_loss":0,"event_name":"Golden Wing","floor":2,"gold_loss":0},{"damage_healed":0,"gold_gain":0,"player_choice":"Success","damage_taken":25,"relics_obtained":["Ancient Tea Set"],"max_hp_gain":0,"max_hp_loss":0,"event_name":"Scrap Ooze","floor":5,"gold_loss":0}],"is_beta":false,"boss_relics":[],"items_purged_floors":[14],"is_endless":false,"potions_floor_spawned":[4,13],"killed_by":"Slime Boss","ascension_level":14}