{"gold_per_floor":[112,112,126,80,91,91,126,48,72,97,70,96,96,124,124,229,229,248,248,248,258,268,268,268],"floor_reached":24,"playtime":977,"items_purged":[],"score":255,"play_id":"e17905e1-7ac7-458f-a5e7-88329eaaa527","local_time":"20190507184232","is_ascension_mode":true,"campfire_choices":[{"data":"Bash","floor":6.0,"key":"SMITH"},{"floor":13.0,"key":"REST"},{"floor":15.0,"key":"REST"},{"data":"1","floor":23,"key":"LIFT"}],"neow_cost":"NONE","seed_source_timestamp":0,"circlet_count":0,"master_deck":["Strike_R","Strike_R","Strike_R","Strike_R","Strike_R","Defend_R","Defend_R","Defend_R","Defend_R","Bash+1","Anger","True Grit","Shrug It Off","Thunderclap","Infernal Blade","Inflame","Seeing Red","Anger","Reaper","Feed","True Grit+1","Good Instincts","Armaments","Infernal Blade+1"],"special_seed":0,"relics":["Burning Blood","Centennial Puzzle","Bag of Preparation","Pen Nib","Girya","Vajra","Lizard Tail","Mummified Hand"],"potions_floor_usage":[22],"damage_taken":[{"damage":14.0,"enemies":"Jaw Worm","floor":1.0,"turns":6.0},{"damage":6.0,"enemies":"Cultist","floor":3.0,"turns":3.0},{"damage":12.0,"enemies":"2 Louse","floor":5.0,"turns":3.0},{"damage":45.0,"enemies":"3 Sentries","floor":7.0,"turns":11.0},{"damage":30.0,"enemies":"Lagavulin","floor":10.0,"turns":5.0},{"damage":7.0,"enemies":"3 Sentries","floor":12.0,"turns":4.0},{"damage":25.0,"enemies":"Lagavulin","floor":14.0,"turns":5.0},{"damage":34.0,"enemies":"Hexaghost","floor":16.0,"turns":9.0},{"damage":35,"enemies":"Shell Parasite","floor":18,"turns":5},{"damage":3,"enemies":"Chosen","floor":21,"turns":3},{"damage":64,"enemies":"Centurion and Healer","floor":22,"turns":8},{"damage":79,"enemies":"Book of Stabbing","floor":24,"turns":6}],"seed_played":"1455984622170807422","potions_obtained":[{"floor":1.0,"key":"SteroidPotion"},{"floor":2.0,"key":"GamblersBrew"},{"floor":2.0,"key":"BloodPotion"},{"floor":2.0,"key":"SkillPotion"},{"floor":12.0,"key":"Block Potion"},{"floor":14.0,"key":"Dexterity Potion"},{"floor":18,"key":"SkillPotion"}],"is_trial":false,"path_per_floor":["M","?","M","$","M","R","E","$","T","E","$","E","R","E","R","B",null,"M","T","?","M","M","R","E"],"character_chosen":"IRONCLAD","items_purchased":["Shrug It Off","Inflame","Anger"],"campfire_rested":2,"item_purchase_floors":[4,8,11],"current_hp_per_floor":[80,80,80,80,74,74,35,35,35,19,19,18,44,29,55,27,88,66,66,50,66,21,21,0],"gold":268,"neow_bonus":"TEN_PERCENT_HP_BONUS","is_prod":false,"is_daily":false,"chose_seed":false,"campfire_upgraded":1,"win_rate":0,"timestamp":1557268952,"path_taken":["M","?","?","$","M","R","E","$","T","E","?","E","R","E","R","BOSS","M","?","?","?","M","R","E"],"build_version":"2019-01-23","purchased_purges":0,"victory":false,"max_hp_per_floor":[88,88,88,88,88,88,88,88,88,88,88,88,88,88,88,88,88,88,88,88,91,94,94,94],"card_choices":[{"not_picked":["Sever Soul","Sentinel"],"picked":"Anger","floor":1.0},{"not_picked":["Sentinel","Thunderclap"],"picked":"True Grit","floor":3.0},{"not_picked":["Warcry","Flex"],"picked":"Thunderclap","floor":5.0},{"not_picked":["Intimidate","Fire Breathing"],"picked":"Infernal Blade","floor":7.0},{"not_picked":["True Grit","Cleave"],"picked":"Seeing Red","floor":10.0},{"not_picked":["Burning Pact","Sword Boomerang"],"picked":"Reaper","floor":12.0},{"not_picked":["Reckless Charge","Shockwave","Shrug It Off"],"picked":"SKIP","floor":14.0},{"not_picked":["Limit Break","Brutality"],"picked":"Feed","floor":16.0},{"not_picked":["Uppercut","Sword Boomerang"],"picked":"True Grit+1","floor":18},{"not_picked":["Iron Wave","Pummel"],"picked":"Armaments","floor":21},{"not_picked":["Havoc","Body Slam"],"picked":"Infernal Blade+1","floor":22}],"player_experience":145158,"relics_obtained":[{"floor":7.0,"key":"Centennial Puzzle"},{"floor":9.0,"key":"Bag of Preparation"},{"floor":10.0,"key":"Pen Nib"},{"floor":12.0,"key":"Girya"},{"floor":14.0,"key":"Vajra"},{"floor":19,"key":"Mummified Hand"}],"event_choices":[{"damage_healed":0.0,"max_hp_gain":0.0,"max_hp_loss":0.0,"gold_gain":0.0,"event_name":"Lab","player_choice":"Got Potions","floor":2.0,"gold_loss":0.0,"damage_taken":0.0},{"damage_healed":0,"gold_gain":0,"player_choice":"CARD ","damage_taken":16,"max_hp_gain":0,"max_hp_loss":0,"event_name":"Knowing Skull","floor":20,"potions_obtained":[],"gold_loss":0,"cards_obtained":["Good Instincts"]}],"is_beta":false,"boss_relics":[{"not_picked":["Empty Cage","Orrery"],"picked":"Lizard Tail"}],"items_purged_floors":[],"is_endless":false,"potions_floor_spawned":[1,5,12,14,18,21],"killed_by":"Book of Stabbing","ascension_level":3}