{"gold_per_floor":[110,110,121,132,143,143,153,153,153,153,1,26,46,63,63,168,168,178,42,57,57,57,57,72,72,72,72,72,82,97,97,97,97],"floor_reached":33,"playtime":3015,"items_purged":["Strike_R","Strike_R"],"score":311,"play_id":"32243866-ac52-41b8-a99e-a5eebf380c0d","local_time":"20190120100602","is_ascension_mode":true,"campfire_choices":[{"floor":6,"key":"REST"},{"data":"Feed","floor":8,"key":"SMITH"},{"data":"Pummel","floor":10,"key":"SMITH"},{"floor":15,"key":"REST"},{"data":"Feed","floor":23,"key":"SMITH"},{"floor":25,"key":"REST"},{"data":"Power Through","floor":27,"key":"SMITH"},{"floor":32,"key":"REST"}],"neow_cost":"TEN_PERCENT_HP_LOSS","seed_source_timestamp":112024210921304,"circlet_count":0,"master_deck":["Strike_R","Strike_R","Defend_R","Defend_R","Defend_R","Bash","Feed+1","Sword Boomerang","Pummel+1","Battle Trance","Intimidate","Pummel","Metallicize","Rampage","Battle Trance","Twin Strike","Feed+1","Reckless Charge","Evolve","Power Through+1","Combust+1","Inflame","Burning Pact"],"relics":["Burning Blood","NlothsMask","Matryoshka","Empty Cage","Omamori","Bottled Flame","Pear","Enchiridion"],"potions_floor_usage":[12,12,16,29,29],"damage_taken":[{"damage":5,"enemies":"Small Slimes","floor":1,"turns":5},{"damage":12,"enemies":"Cultist","floor":3,"turns":5},{"damage":8,"enemies":"Jaw Worm","floor":4,"turns":5},{"damage":28,"enemies":"Large Slime","floor":5,"turns":9},{"damage":9,"enemies":"2 Fungi Beasts","floor":7,"turns":4},{"damage":27,"enemies":"Gremlin Nob","floor":12,"turns":5},{"damage":10,"enemies":"Red Slaver","floor":13,"turns":3},{"damage":8,"enemies":"3 Louse","floor":14,"turns":2},{"damage":83,"enemies":"Hexaghost","floor":16,"turns":14},{"damage":7,"enemies":"3 Byrds","floor":18,"turns":5},{"damage":9,"enemies":"Chosen","floor":20,"turns":4},{"damage":35,"enemies":"Snake Plant","floor":24,"turns":7},{"damage":21,"enemies":"Centurion and Healer","floor":29,"turns":4},{"damage":39,"enemies":"Sentry and Sphere","floor":30,"turns":6},{"damage":109,"enemies":"Champ","floor":33,"turns":13}],"seed_played":"5562812317883215245","potions_obtained":[{"floor":5,"key":"Fire Potion"},{"floor":7,"key":"AttackPotion"},{"floor":12,"key":"Ancient Potion"},{"floor":18,"key":"Block Potion"},{"floor":20,"key":"Strength Potion"}],"is_trial":false,"path_per_floor":["M","?","M","M","M","R","M","R","T","R","$","E","M","M","R","B",null,"M","$","M","?","?","R","M","R","T","R","?","M","M","?","R","B"],"character_chosen":"IRONCLAD","items_purchased":["Metallicize","Evolve"],"campfire_rested":4,"item_purchase_floors":[11,19],"current_hp_per_floor":[75,75,72,73,54,79,79,79,79,79,79,62,62,64,93,20,103,109,109,110,110,86,86,61,97,107,107,91,76,47,47,88,0],"gold":97,"neow_bonus":"THREE_RARE_CARDS","is_prod":false,"is_daily":false,"chose_seed":false,"campfire_upgraded":4,"win_rate":0,"timestamp":1548000362,"path_taken":["M","?","M","M","M","R","?","R","T","R","$","E","M","M","R","BOSS","M","$","M","?","?","R","M","R","T","R","?","M","M","?","R","BOSS"],"build_version":"2019-01-17v2","purchased_purges":2,"victory":false,"max_hp_per_floor":[75,75,78,81,84,84,87,87,87,87,87,91,95,99,99,103,103,110,110,114,114,119,119,123,123,133,133,133,133,137,137,137,137],"card_choices":[{"not_picked":["Exhume","Impervious"],"picked":"Feed","floor":0},{"not_picked":["Perfected Strike","Carnage"],"picked":"Sword Boomerang","floor":1},{"not_picked":["Uppercut","Hemokinesis"],"picked":"Pummel","floor":3},{"not_picked":["Pommel Strike","True Grit"],"picked":"Battle Trance","floor":4},{"not_picked":["Iron Wave","Clothesline"],"picked":"Intimidate","floor":5},{"not_picked":["Wild Strike","Warcry"],"picked":"Pummel","floor":7},{"not_picked":["Heavy Blade","Thunderclap"],"picked":"Rampage","floor":12},{"not_picked":["Infernal Blade","Sentinel"],"picked":"Battle Trance","floor":13},{"not_picked":["Flex","Havoc"],"picked":"Twin Strike","floor":14},{"not_picked":["Fiend Fire","Exhume"],"picked":"Feed","floor":16},{"not_picked":["Heavy Blade","Blood for Blood"],"picked":"Reckless Charge","floor":18},{"not_picked":["Sword Boomerang","Shrug It Off"],"picked":"Power Through","floor":20},{"not_picked":["Pommel Strike","Blood for Blood"],"picked":"Combust+1","floor":24},{"not_picked":["Sword Boomerang+1","Metallicize"],"picked":"Inflame","floor":29},{"not_picked":["Cleave","Clothesline"],"picked":"Burning Pact","floor":30}],"player_experience":208055,"relics_obtained":[{"floor":12,"key":"Matryoshka"},{"floor":26,"key":"Bottled Flame"},{"floor":26,"key":"Pear"},{"floor":28,"key":"Enchiridion"}],"event_choices":[{"damage_healed":0,"gold_gain":0,"player_choice":"Trade","damage_taken":0,"relics_obtained":["NlothsMask"],"max_hp_gain":0,"max_hp_loss":0,"event_name":"FaceTrader","floor":2,"gold_loss":0},{"damage_healed":0,"gold_gain":0,"player_choice":"Opened","damage_taken":0,"relics_obtained":["Omamori"],"max_hp_gain":0,"max_hp_loss":0,"event_name":"The Mausoleum","floor":21,"gold_loss":0,"cards_obtained":["Writhe"]},{"damage_healed":0,"gold_gain":0,"player_choice":"Shed Blood","damage_taken":29,"max_hp_gain":5,"max_hp_loss":0,"event_name":"Forgotten Altar","floor":22,"gold_loss":0},{"damage_healed":0,"gold_gain":0,"player_choice":"Obtained Book","damage_taken":16,"max_hp_gain":0,"max_hp_loss":0,"event_name":"Cursed Tome","floor":28,"gold_loss":0},{"cards_removed":["Writhe"],"damage_healed":0,"gold_gain":0,"player_choice":"Card Removal","damage_taken":0,"max_hp_gain":0,"max_hp_loss":0,"event_name":"Wheel of Change","floor":31,"gold_loss":0}],"is_beta":false,"boss_relics":[{"not_picked":["Busted Crown","Mark of Pain"],"picked":"Empty Cage"}],"items_purged_floors":[11,19],"is_endless":false,"potions_floor_spawned":[5,7,12,18,20],"killed_by":"Champ","ascension_level":1}