{"gold_per_floor":[112,187,198,211,211,238,251,251,251,3,16,26,26,39,39,142,142,153,153,80,100,150,150,163,179,205,205,151,151],"floor_reached":29,"playtime":2080,"items_purged":[],"score":227,"play_id":"9d190f43-07ef-482f-a2d7-86465e2db36b","local_time":"20190326125342","is_ascension_mode":false,"campfire_choices":[{"floor":8,"key":"REST"},{"floor":13,"key":"REST"},{"data":"Prepared","floor":15,"key":"SMITH"},{"floor":23,"key":"REST"},{"floor":27,"key":"REST"}],"neow_cost":"NONE","seed_source_timestamp":1110180375272600,"circlet_count":0,"master_deck":["Defend_G","Defend_G","Defend_G","Defend_G","Defend_G","Strike_G","Strike_G","Strike_G","Strike_G","Strike_G","Survivor","Neutralize","Unload","Heel Hook","Cloak And Dagger","Infinite Blades","Footwork","Cloak And Dagger","Underhanded Strike","Gash","Leap","Prepared+1","Creative AI","Madness","Cold Snap","Blade Dance","Reflex","Flying Knee","Calculated Gamble","Leg Sweep","Hologram+1","Cold Snap","Quick Slash"],"relics":["Ring of the Snake","Mummified Hand","Gremlin Horn","PrismaticShard","Orrery","Omamori"],"potions_floor_usage":[6,25,25],"damage_taken":[{"damage":0,"enemies":"Cultist","floor":1,"turns":3},{"damage":0,"enemies":"2 Louse","floor":3,"turns":2},{"damage":0,"enemies":"Jaw Worm","floor":4,"turns":3},{"damage":24,"enemies":"Gremlin Nob","floor":6,"turns":5},{"damage":8,"enemies":"Exordium Wildlife","floor":7,"turns":4},{"damage":1,"enemies":"Exordium Thugs","floor":11,"turns":4},{"damage":4,"enemies":"Red Slaver","floor":12,"turns":5},{"damage":0,"enemies":"Looter","floor":14,"turns":3},{"damage":49,"enemies":"The Guardian","floor":16,"turns":16},{"damage":32,"enemies":"Spheric Guardian","floor":18,"turns":6},{"damage":6,"enemies":"3 Byrds","floor":21,"turns":8},{"damage":41,"enemies":"Snecko","floor":24,"turns":9},{"damage":7,"enemies":"Centurion and Healer","floor":25,"turns":11},{"damage":33,"enemies":"Sentry and Sphere","floor":29,"turns":6}],"seed_played":"8256467971973258027","potions_obtained":[{"floor":4,"key":"LiquidBronze"},{"floor":6,"key":"SpeedPotion"},{"floor":7,"key":"Swift Potion"},{"floor":12,"key":"Swift Potion"},{"floor":21,"key":"SteroidPotion"}],"is_trial":false,"path_per_floor":["M","?","M","M","?","E","M","R","T","$","M","M","R","M","R","B",null,"M","?","$","M","?","R","M","M","T","R","$","M"],"character_chosen":"THE_SILENT","items_purchased":["PrismaticShard","Underhanded Strike","Leg Sweep","Quick Slash"],"campfire_rested":4,"item_purchase_floors":[10,10,20,28],"current_hp_per_floor":[70,59,59,59,59,35,27,48,48,48,47,43,64,64,64,15,70,38,38,38,32,32,53,12,5,5,26,26,0],"gold":151,"neow_bonus":"ONE_RANDOM_RARE_CARD","is_prod":false,"is_daily":false,"chose_seed":false,"campfire_upgraded":1,"win_rate":0.0,"timestamp":1553619222,"path_taken":["M","?","M","M","?","E","M","R","T","$","M","M","R","M","R","BOSS","M","?","$","M","?","R","M","?","T","R","$","M"],"build_version":"2019-01-23","purchased_purges":0,"victory":false,"max_hp_per_floor":[70,70,70,70,70,70,70,70,70,70,70,70,70,70,70,70,70,70,70,70,70,70,70,70,70,70,70,70,70],"card_choices":[{"not_picked":["Slice","Expertise"],"picked":"Heel Hook","floor":1},{"not_picked":["Escape Plan","Backstab"],"picked":"Cloak And Dagger","floor":3},{"not_picked":["Underhanded Strike","Deadly Poison"],"picked":"Slice","floor":4},{"not_picked":["Blur","Reflex"],"picked":"Footwork","floor":6},{"not_picked":["Underhanded Strike","Predator"],"picked":"Cloak And Dagger","floor":7},{"not_picked":["Footwork","Thunderclap"],"picked":"Gash","floor":11},{"not_picked":["Evolve","Transmutation"],"picked":"Leap","floor":12},{"not_picked":["Stack","Swift Strike"],"picked":"Prepared","floor":14},{"not_picked":["Electrodynamics","Adrenaline"],"picked":"Creative AI","floor":16},{"not_picked":["Hemokinesis","Dagger Spray"],"picked":"Madness","floor":17},{"not_picked":["Poisoned Stab","Quick Slash"],"picked":"Cold Snap","floor":17},{"not_picked":["Redo","Dagger Spray"],"picked":"Blade Dance","floor":17},{"not_picked":["Rebound","Dual Wield"],"picked":"Reflex","floor":17},{"not_picked":["Cold Snap","Outmaneuver"],"picked":"Flying Knee","floor":17},{"not_picked":["Blind","Slice"],"picked":"Calculated Gamble","floor":18},{"not_picked":["Infinite Blades","Dagger Spray+1"],"picked":"Hologram+1","floor":21},{"not_picked":["Underhanded Strike","Pummel"],"picked":"Cold Snap","floor":24},{"not_picked":["Pommel Strike","Headbutt","Wraith Form v2"],"picked":"SKIP","floor":25}],"player_experience":40346,"relics_obtained":[{"floor":6,"key":"Mummified Hand"},{"floor":9,"key":"Gremlin Horn"},{"floor":26,"key":"Omamori"}],"event_choices":[{"damage_healed":0,"gold_gain":75,"player_choice":"Gather Gold","damage_taken":11,"max_hp_gain":0,"max_hp_loss":0,"event_name":"World of Goop","floor":2,"gold_loss":0},{"damage_healed":0,"gold_gain":0,"cards_transformed":["Slice"],"player_choice":"Change","damage_taken":0,"max_hp_gain":0,"max_hp_loss":0,"event_name":"Living Wall","floor":5,"gold_loss":0,"cards_obtained":["Infinite Blades"]},{"damage_healed":0,"gold_gain":0,"player_choice":"Ignored","damage_taken":0,"max_hp_gain":0,"max_hp_loss":0,"event_name":"Cursed Tome","floor":19,"gold_loss":0},{"damage_healed":0,"gold_gain":100,"player_choice":"Bet on Murderer","damage_taken":0,"max_hp_gain":0,"max_hp_loss":0,"event_name":"The Joust","floor":22,"gold_loss":50}],"is_beta":false,"boss_relics":[{"not_picked":["Ring of the Serpent","Runic Dome"],"picked":"Orrery"}],"items_purged_floors":[],"is_endless":false,"potions_floor_spawned":[4,6,7,12,21],"killed_by":"Sentry and Sphere","ascension_level":0}