{"gold_per_floor":[212,227,125,144,144,179,199,164,164,164,4,4,16,63,75,190,202,231,343,270,26,39,39,55,55,110,209,223,223,26,26,26,121,121,140,140,140,140,215,215],"floor_reached":40,"playtime":1931,"items_purged":["Bash"],"score":477,"play_id":"0f5383bb-a02e-40a1-aeee-8ed434ab0dec","local_time":"20190415163421","is_ascension_mode":true,"campfire_choices":[{"data":"Perfected Strike","floor":10,"key":"SMITH"},{"data":"Seeing Red","floor":13,"key":"SMITH"},{"data":"Feed","floor":15,"key":"SMITH"},{"data":"Spot Weakness","floor":23,"key":"SMITH"},{"floor":29,"key":"REST"},{"data":"Shrug It Off","floor":32,"key":"SMITH"}],"neow_cost":"NONE","seed_source_timestamp":261021533682200,"circlet_count":0,"master_deck":["Strike_R","Strike_R","Strike_R","Strike_R","Strike_R","Defend_R","Defend_R","Defend_R","Anger","Seeing Red+1","Shrug It Off+1","Perfected Strike+1","Headbutt","Twin Strike","Feed+1","Spot Weakness+1","Bandage Up","Twin Strike","Limit Break","Feel No Pain","Dual Wield","Heavy Blade","Fire Breathing+1","Twin Strike","Perfected Strike+1","Inflame+1","Pommel Strike+1","Madness","Madness","Doubt"],"relics":["Burning Blood","Mummified Hand","Matryoshka","MawBank","Bottled Flame","Self Forming Clay","Eternal Feather","Gambling Chip","Frozen Egg 2","Blue Candle","Ancient Tea Set","Tiny Chest","Bronze Scales","Vajra","Cursed Key","Sundial"],"potions_floor_usage":[16,19,19,28,33,33,40,40],"damage_taken":[{"damage":0,"enemies":"Small Slimes","floor":1,"turns":3},{"damage":2,"enemies":"2 Louse","floor":2,"turns":4},{"damage":7,"enemies":"Jaw Worm","floor":4,"turns":3},{"damage":47,"enemies":"Lagavulin","floor":6,"turns":7},{"damage":16,"enemies":"Blue Slaver","floor":7,"turns":3},{"damage":11,"enemies":"Gremlin Nob","floor":14,"turns":3},{"damage":23,"enemies":"Slime Boss","floor":16,"turns":9},{"damage":35,"enemies":"2 Thieves","floor":18,"turns":4},{"damage":29,"enemies":"Colosseum Slavers","floor":19,"turns":5},{"damage":16,"enemies":"Colosseum Nobs","floor":19,"turns":4},{"damage":11,"enemies":"Chosen","floor":22,"turns":4},{"damage":40,"enemies":"Sentry and Sphere","floor":24,"turns":6},{"damage":23,"enemies":"Centurion and Healer","floor":28,"turns":6},{"damage":84,"enemies":"Automaton","floor":33,"turns":7},{"damage":16,"enemies":"Orb Walker","floor":35,"turns":2},{"damage":85,"enemies":"Reptomancer","floor":40,"turns":2}],"seed_played":"-3891001955412750918","potions_obtained":[{"floor":4,"key":"SkillPotion"},{"floor":14,"key":"Block Potion"},{"floor":16,"key":"Strength Potion"},{"floor":19,"key":"PowerPotion"},{"floor":22,"key":"Block Potion"},{"floor":24,"key":"EntropicBrew"},{"floor":33,"key":"PowerPotion"}],"is_trial":false,"path_per_floor":["M","M","$","M","?","E","M","?","T","R","$","T","R","E","R","B",null,"M","?","?","$","M","R","M","$","T","?","M","R","$","?","R","B",null,"M","?","?","$","T","E"],"character_chosen":"IRONCLAD","items_purchased":["Shrug It Off","Perfected Strike","Spot Weakness","Bandage Up","Ancient Tea Set","Heavy Blade","Inflame+1","Vajra"],"campfire_rested":1,"item_purchase_floors":[3,3,11,11,21,21,30,30],"current_hp_per_floor":[80,80,80,79,84,43,33,54,54,54,54,54,54,49,49,40,89,68,51,51,51,50,62,36,36,36,36,23,69,69,104,105,35,109,99,85,85,85,85,0],"gold":215,"neow_bonus":"HUNDRED_GOLD","is_prod":false,"is_daily":false,"chose_seed":false,"campfire_upgraded":5,"win_rate":0,"timestamp":1555360461,"path_taken":["M","M","$","M","?","E","M","?","T","R","?","?","R","E","R","BOSS","M","?","?","$","?","R","?","$","T","?","M","R","?","?","R","BOSS","M","?","?","$","?","E"],"build_version":"2019-01-23","purchased_purges":1,"victory":false,"max_hp_per_floor":[80,80,80,80,85,85,85,85,85,85,85,85,85,85,85,89,89,93,101,101,101,101,101,105,105,105,105,105,105,105,105,105,109,109,109,109,109,109,109,109],"card_choices":[{"not_picked":["Havoc","Rupture"],"picked":"Anger","floor":1},{"not_picked":["Heavy Blade","Sever Soul"],"picked":"Seeing Red","floor":2},{"not_picked":["Metallicize","Clash"],"picked":"Headbutt","floor":4},{"not_picked":["Hemokinesis","Carnage"],"picked":"Twin Strike","floor":6},{"not_picked":["Rampage","Blood for Blood"],"picked":"Feed","floor":7},{"not_picked":["Armaments","Sword Boomerang"],"picked":"Twin Strike","floor":14},{"not_picked":["Demon Form","Fiend Fire"],"picked":"Limit Break","floor":16},{"not_picked":["Rupture+1","Evolve"],"picked":"Feel No Pain","floor":18},{"not_picked":["Armaments+1","Sever Soul"],"picked":"Dual Wield","floor":19},{"not_picked":["Sword Boomerang+1","Spot Weakness"],"picked":"Fire Breathing+1","floor":22},{"not_picked":["True Grit","Heavy Blade"],"picked":"Twin Strike","floor":24},{"not_picked":["Wild Strike","Flame Barrier"],"picked":"Perfected Strike+1","floor":28},{"not_picked":["Uppercut","Havoc+1"],"picked":"Pommel Strike+1","floor":35}],"player_experience":72151,"relics_obtained":[{"floor":6,"key":"Mummified Hand"},{"floor":9,"key":"Matryoshka"},{"floor":12,"key":"MawBank"},{"floor":12,"key":"Bottled Flame"},{"floor":14,"key":"Self Forming Clay"},{"floor":19,"key":"Gambling Chip"},{"floor":19,"key":"Frozen Egg 2"},{"floor":26,"key":"Tiny Chest"},{"floor":26,"key":"Bronze Scales"},{"floor":39,"key":"Sundial"}],"event_choices":[{"damage_healed":0,"gold_gain":0,"player_choice":"Donut","damage_taken":0,"max_hp_gain":5,"max_hp_loss":0,"event_name":"Big Fish","floor":5,"gold_loss":0},{"damage_healed":21,"gold_gain":0,"player_choice":"Healed","damage_taken":0,"max_hp_gain":0,"max_hp_loss":0,"event_name":"The Cleric","floor":8,"gold_loss":35},{"damage_healed":0,"gold_gain":0,"player_choice":"Fight","damage_taken":0,"max_hp_gain":0,"max_hp_loss":0,"event_name":"Colosseum","floor":19,"gold_loss":0},{"damage_healed":0,"gold_gain":0,"player_choice":"Fought Nobs","damage_taken":0,"max_hp_gain":0,"max_hp_loss":0,"event_name":"Colosseum","floor":19,"gold_loss":0},{"damage_healed":0,"gold_gain":0,"player_choice":"Obtained Relic","damage_taken":0,"relics_obtained":["Blue Candle"],"max_hp_gain":0,"max_hp_loss":0,"event_name":"Addict","floor":20,"gold_loss":85},{"damage_healed":0,"gold_gain":99,"player_choice":"Stole From Cult","damage_taken":0,"max_hp_gain":0,"max_hp_loss":0,"event_name":"Nest","floor":27,"gold_loss":0},{"damage_healed":35,"gold_gain":0,"player_choice":"Heal","damage_taken":0,"max_hp_gain":0,"max_hp_loss":0,"event_name":"The Library","floor":31,"gold_loss":0},{"damage_healed":0,"gold_gain":0,"player_choice":"Embrace Madness","damage_taken":14,"max_hp_gain":0,"max_hp_loss":0,"event_name":"Winding Halls","floor":36,"gold_loss":0,"cards_obtained":["Madness","Madness"]},{"cards_removed":["Defend_R"],"damage_healed":0,"gold_gain":0,"player_choice":"Removed Skill","damage_taken":0,"max_hp_gain":0,"max_hp_loss":0,"event_name":"Falling","floor":37,"gold_loss":0}],"is_beta":false,"boss_relics":[{"not_picked":["Snecko Eye","Velvet Choker"],"picked":"Eternal Feather"},{"not_picked":["Busted Crown","Fusion Hammer"],"picked":"Cursed Key"}],"items_purged_floors":[21],"is_endless":false,"potions_floor_spawned":[4,14,16,19,22,24,33,35],"killed_by":"Reptomancer","ascension_level":2}