{"gold_per_floor":[110,125,125,125,144,144,173,187,187,187,206,221,237,267,267,267],"floor_reached":16,"playtime":404,"items_purged":[],"score":188,"play_id":"d9397586-a4bd-47c1-a9ee-357618360f78","local_time":"20190402202051","is_ascension_mode":true,"campfire_choices":[{"data":"Gash","floor":6,"key":"SMITH"},{"floor":10,"key":"REST"},{"data":"Creative AI","floor":15,"key":"SMITH"}],"neow_cost":"NONE","seed_source_timestamp":116906173829262,"circlet_count":0,"master_deck":["AscendersBane","Strike_B","Strike_B","Strike_B","Strike_B","Defend_B","Defend_B","Defend_B","Defend_B","Zap","Dualcast","Gash+1","Rebound","Regret","Sunder","Echo Form","Scrape","FTL","Leap","Creative AI+1"],"relics":["Cracked Core","NeowsBlessing","Meat on the Bone","Blood Vial","Question Card","Smiling Mask"],"potions_floor_usage":[16],"damage_taken":[{"damage":0,"enemies":"Jaw Worm","floor":1,"turns":1},{"damage":0,"enemies":"Small Slimes","floor":2,"turns":1},{"damage":0,"enemies":"Cultist","floor":5,"turns":1},{"damage":60,"enemies":"Lagavulin","floor":7,"turns":8},{"damage":0,"enemies":"Large Slime","floor":8,"turns":3},{"damage":9,"enemies":"2 Fungi Beasts","floor":11,"turns":2},{"damage":15,"enemies":"Exordium Wildlife","floor":12,"turns":3},{"damage":6,"enemies":"Looter","floor":13,"turns":2},{"damage":11,"enemies":"3 Sentries","floor":14,"turns":4},{"damage":61,"enemies":"Hexaghost","floor":16,"turns":9}],"seed_played":"1140611246694544408","potions_obtained":[{"floor":4,"key":"FairyPotion"},{"floor":4,"key":"Block Potion"}],"is_trial":false,"path_per_floor":["M","M","?","?","M","R","E","M","T","R","M","M","M","E","R","B"],"character_chosen":"DEFECT","items_purchased":[],"campfire_rested":1,"item_purchase_floors":[],"current_hp_per_floor":[68,68,68,68,68,68,20,34,34,56,49,48,44,47,47,0],"gold":267,"neow_bonus":"THREE_ENEMY_KILL","is_prod":false,"is_daily":false,"chose_seed":false,"campfire_upgraded":2,"win_rate":0,"timestamp":1554247251,"path_taken":["M","M","?","?","?","R","E","M","T","R","M","M","M","E","R","BOSS"],"build_version":"2019-01-23","purchased_purges":0,"victory":false,"max_hp_per_floor":[75,75,75,75,75,75,75,75,75,75,75,75,75,75,75,75],"card_choices":[{"not_picked":["Undo","Barrage"],"picked":"Gash","floor":1},{"not_picked":["Sweeping Beam","Turbo"],"picked":"Rebound","floor":2},{"not_picked":["Conserve Battery","Turbo"],"picked":"Sunder","floor":5},{"not_picked":["Streamline","Beam Cell"],"picked":"Echo Form","floor":7},{"not_picked":["Darkness","Beam Cell"],"picked":"Scrape","floor":8},{"not_picked":["Hello World","Barrage","Beam Cell","Steam"],"picked":"SKIP","floor":11},{"not_picked":["Chill","Lockon","Fission"],"picked":"FTL","floor":12},{"not_picked":["Capacitor","Barrage","Blizzard"],"picked":"Leap","floor":13},{"not_picked":["Glacier","Leap","Consume"],"picked":"Creative AI","floor":14}],"player_experience":1029798,"relics_obtained":[{"floor":7,"key":"Blood Vial"},{"floor":9,"key":"Question Card"},{"floor":14,"key":"Smiling Mask"}],"event_choices":[{"damage_healed":0,"gold_gain":0,"player_choice":"Box","damage_taken":0,"relics_obtained":["Meat on the Bone"],"max_hp_gain":0,"max_hp_loss":0,"event_name":"Big Fish","floor":3,"gold_loss":0,"cards_obtained":["Regret"]},{"damage_healed":0,"gold_gain":0,"player_choice":"Got Potions","damage_taken":0,"max_hp_gain":0,"max_hp_loss":0,"event_name":"Lab","floor":4,"gold_loss":0}],"is_beta":false,"boss_relics":[],"items_purged_floors":[],"is_endless":false,"potions_floor_spawned":[7,8,11,13],"killed_by":"Hexaghost","ascension_level":13}