{"gold_per_floor":[110,130,130,141,141,176,192,204,278,278,293,293,325,325,325,421,421,438,464,564,564,580,608,608,136,161,189,203,233,27,60,60,161,161,174,222,233,29,29,60,75,75,100,127,127,144,24,55,55,55,55,55,15,44,44],"floor_reached":56,"playtime":3786,"items_purged":["Strike_R","Strike_R"],"score":1471,"play_id":"2f4e19b9-ab55-43a7-a794-7efb57e0ff9c","local_time":"20190310160655","is_ascension_mode":false,"campfire_choices":[{"data":"True Grit","floor":10,"key":"SMITH"},{"data":"Disarm","floor":12,"key":"SMITH"},{"data":"Whirlwind","floor":15,"key":"SMITH"},{"floor":32,"key":"RECALL"},{"data":"Strike_R","floor":42,"key":"PURGE"},{"data":"Strike_R","floor":45,"key":"PURGE"},{"data":"Strike_R","floor":49,"key":"PURGE"},{"data":"Defend_R","floor":52,"key":"PURGE"}],"neow_cost":"NONE","seed_source_timestamp":9980713021329,"circlet_count":0,"master_deck":["Defend_R+1","Defend_R+1","Defend_R","Bash","Headbutt","Flame Barrier","Clothesline","Seeing Red","Disarm+1","True Grit+1","Spot Weakness","Exhume","Whirlwind+1","Offering","Dual Wield","Perfected Strike","True Grit+1","Apotheosis","Shrug It Off","Flying Knee+1","Barricade","Impervious","PiercingWail","Wraith Form v2","Fusion","Inflame+1"],"relics":["Burning Blood","Lantern","The Courier","WingedGreaves","Gambling Chip","Snecko Eye","Red Mask","Incense Burner","Blue Candle","Bronze Scales","PrismaticShard","Bag of Preparation","Smiling Mask","Boot","Vajra","Membership Card","Bottled Lightning","Black Star","Mango","Strange Spoon","Potion Belt","Peace Pipe","Torii","Oddly Smooth Stone","Paper Frog","Ice Cream","Self Forming Clay","War Paint","Art of War","Orichalcum"],"potions_floor_usage":[6,16,20,36,48,50,55,55,55,55,55],"damage_taken":[{"damage":10,"enemies":"Small Slimes","floor":1,"turns":3},{"damage":1,"enemies":"Jaw Worm","floor":2,"turns":4},{"damage":1,"enemies":"2 Louse","floor":4,"turns":2},{"damage":27,"enemies":"3 Sentries","floor":6,"turns":9},{"damage":0,"enemies":"Blue Slaver","floor":7,"turns":5},{"damage":10,"enemies":"2 Fungi Beasts","floor":8,"turns":4},{"damage":0,"enemies":"Red Slaver","floor":11,"turns":4},{"damage":17,"enemies":"Gremlin Nob","floor":13,"turns":5},{"damage":20,"enemies":"Slime Boss","floor":16,"turns":8},{"damage":0,"enemies":"3 Byrds","floor":18,"turns":2},{"damage":0,"enemies":"Masked Bandits","floor":19,"turns":1},{"damage":12,"enemies":"Colosseum Slavers","floor":20,"turns":1},{"damage":10,"enemies":"Colosseum Nobs","floor":20,"turns":3},{"damage":6,"enemies":"Chosen","floor":22,"turns":3},{"damage":7,"enemies":"Book of Stabbing","floor":23,"turns":8},{"damage":0,"enemies":"Slavers","floor":27,"turns":1},{"damage":8,"enemies":"Sentry and Sphere","floor":28,"turns":5},{"damage":0,"enemies":"Gremlin Leader","floor":29,"turns":3},{"damage":0,"enemies":"Book of Stabbing","floor":31,"turns":3},{"damage":3,"enemies":"Automaton","floor":33,"turns":10},{"damage":0,"enemies":"Orb Walker","floor":35,"turns":4},{"damage":20,"enemies":"2 Orb Walkers","floor":36,"turns":5},{"damage":15,"enemies":"3 Darklings","floor":37,"turns":4},{"damage":6,"enemies":"Giant Head","floor":40,"turns":9},{"damage":1,"enemies":"Spire Growth","floor":41,"turns":5},{"damage":1,"enemies":"Nemesis","floor":44,"turns":11},{"damage":6,"enemies":"Maw","floor":46,"turns":6},{"damage":9,"enemies":"Reptomancer","floor":48,"turns":8},{"damage":6,"enemies":"Time Eater","floor":50,"turns":13},{"damage":0,"enemies":"Shield and Spear","floor":54,"turns":5},{"damage":40,"enemies":"The Heart","floor":55,"turns":9}],"seed_played":"-1162988650723981489","potions_obtained":[{"floor":1,"key":"Regen Potion"},{"floor":2,"key":"Energy Potion"},{"floor":6,"key":"SteroidPotion"},{"floor":16,"key":"Weak Potion"},{"floor":19,"key":"PowerPotion"},{"floor":20,"key":"AttackPotion"},{"floor":36,"key":"EssenceOfSteel"},{"floor":44,"key":"LiquidBronze"},{"floor":48,"key":"SkillPotion"}],"is_trial":false,"path_per_floor":["M","M","?","M","?","E","M","M","T","R","M","R","E","T","R","B",null,"M","?","?","?","M","E","?","$","T","E","M","E","$","E","R","B",null,"M","?","M","$","?","E","M","R","T","E","R","M","$","E","R","B",null,"R","$","E","B",null],"character_chosen":"IRONCLAD","items_purchased":["Apotheosis","PrismaticShard","Bag of Preparation","Membership Card","Impervious","Strange Spoon","Potion Belt","Ice Cream","Strength Potion","AttackPotion"],"campfire_rested":0,"item_purchase_floors":[25,25,25,30,38,38,38,47,53,53],"current_hp_per_floor":[76,80,85,85,85,64,70,66,66,66,72,72,61,61,61,47,85,85,85,75,75,75,74,58,58,58,64,62,68,68,74,74,77,90,90,90,81,81,104,104,104,104,104,104,104,104,104,101,101,101,104,104,104,104,85],"gold":44,"neow_bonus":"THREE_CARDS","is_prod":false,"is_daily":false,"chose_seed":false,"campfire_upgraded":3,"win_rate":0,"timestamp":1552234015,"path_taken":["M","M","?","M","?","E","M","M","T","R","M","R","E","?","R","BOSS","M","?","?","?","?","E","?","$","T","E","M","E","$","E","R","BOSS","M","?","M","$","?","E","M","R","T","E","R","?","$","E","R","BOSS","R","$","E","BOSS"],"build_version":"2019-02-06","purchased_purges":2,"victory":true,"max_hp_per_floor":[80,80,85,85,85,85,85,85,85,85,85,85,85,85,85,85,85,85,85,85,85,85,85,90,90,90,90,90,90,90,90,90,90,90,90,104,104,104,104,104,104,104,104,104,104,104,104,104,104,104,104,104,104,104,104],"card_choices":[{"not_picked":["Flex","Anger"],"picked":"Headbutt","floor":0},{"not_picked":["Power Through","Iron Wave"],"picked":"Flame Barrier","floor":1},{"not_picked":["Fire Breathing","Wild Strike"],"picked":"Clothesline","floor":2},{"not_picked":["Clash","Flex"],"picked":"Seeing Red","floor":4},{"not_picked":["True Grit","Twin Strike"],"picked":"Disarm","floor":6},{"not_picked":["Flex","Searing Blow"],"picked":"True Grit","floor":7},{"not_picked":["Havoc","Anger"],"picked":"Spot Weakness","floor":8},{"not_picked":["Clash","Wild Strike"],"picked":"Exhume","floor":11},{"not_picked":["Anger","Offering"],"picked":"Whirlwind","floor":13},{"not_picked":["Dark Embrace","Double Tap"],"picked":"Offering","floor":16},{"not_picked":["Wild Strike+1","Clash+1"],"picked":"Dual Wield","floor":18},{"not_picked":["Heavy Blade","Second Wind+1"],"picked":"Perfected Strike","floor":19},{"not_picked":["Carnage","Clash","Sword Boomerang"],"picked":"SKIP","floor":22},{"not_picked":["Rupture","Iron Wave","Anger+1"],"picked":"SKIP","floor":23},{"not_picked":["Clash+1","All For One"],"picked":"Shrug It Off","floor":27},{"not_picked":["Flex","Lockon","Evolve"],"picked":"SKIP","floor":28},{"not_picked":["True Grit+1","Quick Slash"],"picked":"Flying Knee+1","floor":29},{"not_picked":["Consume","Apotheosis","Bloodletting+1"],"picked":"SKIP","floor":31},{"not_picked":["Die Die Die","Chrysalis"],"picked":"Barricade","floor":33},{"not_picked":["Quick Slash","Setup+1","Jack Of All Trades"],"picked":"SKIP","floor":35},{"not_picked":["Outmaneuver+1","Prepared","Cold Snap"],"picked":"SKIP","floor":37},{"not_picked":["Concentrate+1","Anger+1"],"picked":"PiercingWail","floor":40},{"not_picked":["Turbo","Poisoned Stab+1","True Grit+1"],"picked":"SKIP","floor":41},{"not_picked":["Prepared","Blood for Blood+1"],"picked":"Wraith Form v2","floor":44},{"not_picked":["Body Slam","Conserve Battery+1"],"picked":"Fusion","floor":46},{"not_picked":["Sweeping Beam","Bane+1"],"picked":"Inflame+1","floor":48},{"not_picked":["Discovery","Deflect","Stack+1"],"picked":"SKIP","floor":54}],"player_experience":1064481,"relics_obtained":[{"floor":6,"key":"Lantern"},{"floor":9,"key":"The Courier"},{"floor":13,"key":"WingedGreaves"},{"floor":14,"key":"Gambling Chip"},{"floor":19,"key":"Red Mask"},{"floor":20,"key":"Incense Burner"},{"floor":20,"key":"Blue Candle"},{"floor":23,"key":"Bronze Scales"},{"floor":26,"key":"Smiling Mask"},{"floor":27,"key":"Boot"},{"floor":29,"key":"Vajra"},{"floor":31,"key":"Bottled Lightning"},{"floor":36,"key":"Mango"},{"floor":40,"key":"Peace Pipe"},{"floor":40,"key":"Torii"},{"floor":44,"key":"Oddly Smooth Stone"},{"floor":44,"key":"Paper Frog"},{"floor":48,"key":"Self Forming Clay"},{"floor":48,"key":"War Paint"},{"floor":54,"key":"Art of War"},{"floor":54,"key":"Orichalcum"}],"event_choices":[{"damage_healed":0,"gold_gain":0,"player_choice":"Donut","damage_taken":0,"max_hp_gain":5,"max_hp_loss":0,"event_name":"Big Fish","floor":3,"gold_loss":0},{"damage_healed":0,"gold_gain":0,"player_choice":"Ignored","damage_taken":0,"max_hp_gain":0,"max_hp_loss":0,"event_name":"Liars Game","floor":5,"gold_loss":0},{"damage_healed":0,"gold_gain":0,"player_choice":"Fought Bandits","damage_taken":0,"max_hp_gain":0,"max_hp_loss":0,"event_name":"Masked Bandits","floor":19,"gold_loss":0},{"damage_healed":0,"gold_gain":0,"player_choice":"Fight","damage_taken":0,"max_hp_gain":0,"max_hp_loss":0,"event_name":"Colosseum","floor":20,"gold_loss":0},{"damage_healed":0,"gold_gain":0,"player_choice":"Fought Nobs","damage_taken":0,"max_hp_gain":0,"max_hp_loss":0,"event_name":"Colosseum","floor":20,"gold_loss":0},{"damage_healed":0,"gold_gain":0,"player_choice":"Copied","damage_taken":0,"max_hp_gain":0,"max_hp_loss":0,"event_name":"Duplicator","floor":21,"gold_loss":0,"cards_obtained":["True Grit"]},{"damage_healed":0,"gold_gain":0,"player_choice":"Shed Blood","damage_taken":21,"max_hp_gain":5,"max_hp_loss":0,"event_name":"Forgotten Altar","floor":24,"gold_loss":0},{"damage_healed":0,"gold_gain":0,"player_choice":"Fight","damage_taken":0,"max_hp_gain":0,"max_hp_loss":0,"event_name":"Mysterious Sphere","floor":36,"gold_loss":0},{"damage_healed":23,"gold_gain":0,"player_choice":"Full Heal","damage_taken":0,"max_hp_gain":0,"max_hp_loss":0,"event_name":"Wheel of Change","floor":39,"gold_loss":0}],"is_beta":true,"boss_relics":[{"not_picked":["White Beast Statue","Pandora\u0027s Box"],"picked":"Snecko Eye"},{"not_picked":["Astrolabe","Tiny House"],"picked":"Black Star"}],"items_purged_floors":[25,30],"is_endless":false,"potions_floor_spawned":[1,2,6,16,19,20,27,28,31,36,44,48],"ascension_level":0}