{"gold_per_floor":[112,122,122,26,26,58,58,71,71,90,90,103,121,140,140,235,235,249,262,262,275,66,91,91,118,118,118,118,137,168,188,188,188],"floor_reached":33,"playtime":880,"items_purged":[],"score":468,"play_id":"5ee23798-81cf-424a-a0b9-001a250652e7","local_time":"20190217025242","is_ascension_mode":true,"campfire_choices":[{"data":"Perfected Strike","floor":7,"key":"SMITH"},{"data":"Perfected Strike","floor":15,"key":"SMITH"},{"floor":28,"key":"REST"},{"floor":32,"key":"REST"}],"neow_cost":"NONE","seed_source_timestamp":220180620756046,"circlet_count":0,"master_deck":["Strike_R+1","Strike_R+1","Strike_R+1","Strike_R+1","Strike_R+1","Defend_R+1","Defend_R+1","Defend_R+1","Defend_R+1","Flex","Seeing Red+1","Flex","Shrug It Off","Perfected Strike+1","Wild Strike","Shockwave","Corruption","Wild Strike","Intimidate","Perfected Strike+1","Limit Break","Infernal Blade+1","Uppercut+1","Perfected Strike+1","Spot Weakness+1","Inflame","Flex","Anger","Power Through","Cleave","Heavy Blade+1","Reaper","Shrug It Off+1"],"relics":["Burning Blood","NeowsBlessing","Torii","PreservedInsect","Self Forming Clay","Mark of Pain","Question Card","Oddly Smooth Stone","Bottled Flame","Boot"],"potions_floor_usage":[13,18,21,33,33,33],"damage_taken":[{"damage":0,"enemies":"Cultist","floor":1,"turns":1},{"damage":0,"enemies":"2 Louse","floor":2,"turns":1},{"damage":0,"enemies":"Gremlin Nob","floor":6,"turns":1},{"damage":1,"enemies":"Jaw Worm","floor":8,"turns":4},{"damage":1,"enemies":"Exordium Thugs","floor":10,"turns":3},{"damage":0,"enemies":"2 Fungi Beasts","floor":12,"turns":3},{"damage":15,"enemies":"Lots of Slimes","floor":13,"turns":5},{"damage":8,"enemies":"Looter","floor":14,"turns":3},{"damage":23,"enemies":"Slime Boss","floor":16,"turns":5},{"damage":1,"enemies":"Shell Parasite","floor":18,"turns":3},{"damage":22,"enemies":"3 Byrds","floor":19,"turns":8},{"damage":10,"enemies":"Snecko","floor":21,"turns":3},{"damage":16,"enemies":"Slavers","floor":23,"turns":4},{"damage":29,"enemies":"Book of Stabbing","floor":25,"turns":4},{"damage":12,"enemies":"Snake Plant","floor":29,"turns":3},{"damage":17,"enemies":"Slavers","floor":30,"turns":3},{"damage":2,"enemies":"Chosen and Byrds","floor":31,"turns":3},{"damage":68,"enemies":"Automaton","floor":33,"turns":6}],"seed_played":"-2936190196090004299","potions_obtained":[{"floor":10,"key":"SneckoOil"},{"floor":12,"key":"FearPotion"},{"floor":14,"key":"Block Potion"},{"floor":23,"key":"Dexterity Potion"},{"floor":25,"key":"Dexterity Potion"},{"floor":30,"key":"Dexterity Potion"}],"is_trial":false,"path_per_floor":["M","M","?","$","?","E","R","M","T","M","?","M","M","M","R","B",null,"M","M","?","M","$","E","?","E","T","T","R","M","E","M","R","B"],"character_chosen":"IRONCLAD","items_purchased":["Flex","Shrug It Off","Inflame","Flex","Anger","Power Through"],"campfire_rested":2,"item_purchase_floors":[4,4,22,22,22,22],"current_hp_per_floor":[78,80,55,55,55,61,61,66,66,71,71,77,68,66,66,49,72,77,61,61,57,57,47,47,24,24,24,48,42,31,35,59,0],"gold":188,"neow_bonus":"THREE_ENEMY_KILL","is_prod":false,"is_daily":false,"chose_seed":false,"campfire_upgraded":2,"win_rate":0,"timestamp":1550382762,"path_taken":["M","M","?","$","?","E","R","M","T","M","?","?","M","M","R","BOSS","M","M","?","?","$","E","?","E","T","?","R","M","E","M","R","BOSS"],"build_version":"2019-01-23","purchased_purges":0,"victory":false,"max_hp_per_floor":[80,80,80,80,80,80,80,80,80,80,80,80,80,80,80,80,80,80,80,80,80,80,80,80,80,80,80,80,80,80,80,80,80],"card_choices":[{"not_picked":["Twin Strike","True Grit"],"picked":"Flex","floor":1},{"not_picked":["Perfected Strike","Iron Wave"],"picked":"Seeing Red","floor":2},{"not_picked":["Pommel Strike","Pummel"],"picked":"Perfected Strike","floor":6},{"not_picked":["Twin Strike","Corruption"],"picked":"Wild Strike","floor":8},{"not_picked":["Seeing Red","Blood for Blood"],"picked":"Shockwave","floor":10},{"not_picked":["Armaments","Cleave"],"picked":"Wild Strike","floor":12},{"not_picked":["Heavy Blade","Iron Wave"],"picked":"Intimidate","floor":13},{"not_picked":["Rage","Anger"],"picked":"Perfected Strike","floor":14},{"not_picked":["Impervious","Fiend Fire"],"picked":"Limit Break","floor":16},{"not_picked":["Heavy Blade","Warcry+1"],"picked":"Infernal Blade+1","floor":18},{"not_picked":["Metallicize","Thunderclap+1"],"picked":"Uppercut+1","floor":19},{"not_picked":["Flex+1","Warcry"],"picked":"Spot Weakness+1","floor":21},{"not_picked":["Rampage+1","Headbutt","Shockwave"],"picked":"SKIP","floor":23},{"not_picked":["Thunderclap","Twin Strike","Intimidate"],"picked":"Cleave","floor":25},{"not_picked":["Sentinel","Fire Breathing","Sword Boomerang+1"],"picked":"Heavy Blade+1","floor":29},{"not_picked":["Rage","Rupture","Sword Boomerang"],"picked":"Reaper","floor":30},{"not_picked":["Whirlwind","Sever Soul","Wild Strike"],"picked":"Shrug It Off+1","floor":31}],"player_experience":787934,"relics_obtained":[{"floor":6,"key":"PreservedInsect"},{"floor":9,"key":"Self Forming Clay"},{"floor":23,"key":"Question Card"},{"floor":25,"key":"Oddly Smooth Stone"},{"floor":27,"key":"Bottled Flame"},{"floor":30,"key":"Boot"}],"event_choices":[{"damage_healed":0,"gold_gain":0,"player_choice":"Success","damage_taken":25,"relics_obtained":["Torii"],"max_hp_gain":0,"max_hp_loss":0,"event_name":"Scrap Ooze","floor":3,"gold_loss":0},{"damage_healed":0,"gold_gain":0,"player_choice":"Grow","damage_taken":0,"max_hp_gain":0,"max_hp_loss":0,"event_name":"Living Wall","floor":5,"gold_loss":0,"cards_upgraded":["Seeing Red"]},{"damage_healed":0,"gold_gain":0,"cards_transformed":["Bash"],"player_choice":"Transformed","damage_taken":0,"max_hp_gain":0,"max_hp_loss":0,"event_name":"Transmorgrifier","floor":11,"gold_loss":0,"cards_obtained":["Corruption"]},{"damage_healed":0,"gold_gain":0,"player_choice":"Copied","damage_taken":0,"max_hp_gain":0,"max_hp_loss":0,"event_name":"Duplicator","floor":20,"gold_loss":0,"cards_obtained":["Perfected Strike"]},{"damage_healed":0,"gold_gain":0,"player_choice":"Simplicity","damage_taken":0,"max_hp_gain":0,"max_hp_loss":0,"event_name":"Back to Basics","floor":24,"gold_loss":0,"cards_upgraded":["Strike_R","Strike_R","Strike_R","Strike_R","Strike_R","Defend_R","Defend_R","Defend_R","Defend_R"]}],"is_beta":false,"boss_relics":[{"not_picked":["Pandora\u0027s Box","Coffee Dripper"],"picked":"Mark of Pain"}],"items_purged_floors":[],"is_endless":false,"potions_floor_spawned":[10,12,14,23,25,30],"killed_by":"Automaton","ascension_level":8}