{"gold_per_floor":[115,290,290,290,305,305,344,369,369,404,404,404,404,417,417,417],"floor_reached":16,"playtime":494,"items_purged":[],"score":124,"play_id":"e50f7b4f-de8f-447f-b26f-b2b5a3437983","local_time":"20190508154643","is_ascension_mode":true,"campfire_choices":[{"data":"Zap","floor":6,"key":"SMITH"},{"floor":11,"key":"REST"},{"data":"Chaos","floor":13,"key":"SMITH"},{"floor":15,"key":"REST"}],"neow_cost":"NONE","seed_source_timestamp":229784697254200,"circlet_count":0,"master_deck":["Strike_B","Strike_B","Strike_B","Strike_B","Defend_B","Defend_B","Defend_B","Defend_B","Zap+1","Dualcast","Conserve Battery","Doubt","Injury","Conserve Battery","Multi-Cast+1","Chaos+1","Conserve Battery","Static Discharge"],"relics":["Cracked Core","Regal Pillow","Golden Idol","Anchor","Oddly Smooth Stone","Matryoshka","Sundial"],"potions_floor_usage":[],"damage_taken":[{"damage":1,"enemies":"Cultist","floor":1,"turns":3},{"damage":0,"enemies":"2 Louse","floor":5,"turns":3},{"damage":54,"enemies":"Lagavulin","floor":7,"turns":9},{"damage":0,"enemies":"Jaw Worm","floor":8,"turns":3},{"damage":8,"enemies":"3 Sentries","floor":10,"turns":6},{"damage":32,"enemies":"Gremlin Gang","floor":14,"turns":4},{"damage":57,"enemies":"The Guardian","floor":16,"turns":13}],"seed_played":"-7802230105306442367","potions_obtained":[{"floor":5,"key":"SteroidPotion"},{"floor":7,"key":"Strength Potion"}],"is_trial":false,"path_per_floor":["M","?","?","T","M","R","E","M","T","E","R","?","R","M","R","B"],"character_chosen":"DEFECT","items_purchased":[],"campfire_rested":2,"item_purchase_floors":[],"current_hp_per_floor":[74,74,74,74,74,74,20,20,20,12,49,49,49,17,54,0],"gold":417,"neow_bonus":"RANDOM_COMMON_RELIC","is_prod":false,"is_daily":false,"chose_seed":false,"campfire_upgraded":2,"win_rate":0,"timestamp":1557344803,"path_taken":["M","?","?","?","?","R","E","M","T","E","R","?","R","?","R","BOSS"],"build_version":"2019-01-23","purchased_purges":0,"victory":false,"max_hp_per_floor":[75,75,75,75,75,75,75,75,75,75,75,75,75,75,75,75],"card_choices":[{"not_picked":["Go for the Eyes","Loop"],"picked":"Conserve Battery","floor":1},{"not_picked":["Turbo","Hologram"],"picked":"Conserve Battery","floor":5},{"not_picked":["Conserve Battery","Steam"],"picked":"Multi-Cast","floor":7},{"not_picked":["Lockon","Stack"],"picked":"Chaos","floor":8},{"not_picked":["Heatsinks","Steam"],"picked":"Conserve Battery","floor":10},{"not_picked":["Lockon","Skim"],"picked":"Static Discharge","floor":14}],"player_experience":156837,"relics_obtained":[{"floor":4,"key":"Anchor"},{"floor":7,"key":"Oddly Smooth Stone"},{"floor":9,"key":"Matryoshka"},{"floor":10,"key":"Sundial"}],"event_choices":[{"damage_healed":0,"gold_gain":175,"player_choice":"AGREE","damage_taken":0,"max_hp_gain":0,"max_hp_loss":0,"event_name":"Liars Game","floor":2,"gold_loss":0,"cards_obtained":["Doubt"]},{"damage_healed":0,"gold_gain":0,"player_choice":"Take Wound","damage_taken":0,"relics_obtained":["Golden Idol"],"max_hp_gain":0,"max_hp_loss":0,"event_name":"Golden Idol","floor":3,"gold_loss":0,"cards_obtained":["Injury"]},{"damage_healed":0,"gold_gain":0,"player_choice":"Upgraded","damage_taken":0,"max_hp_gain":0,"max_hp_loss":0,"event_name":"Upgrade Shrine","floor":12,"gold_loss":0,"cards_upgraded":["Multi-Cast"]}],"is_beta":false,"boss_relics":[],"items_purged_floors":[],"is_endless":false,"potions_floor_spawned":[5,7],"killed_by":"The Guardian","ascension_level":3}