{"gold_per_floor":[369,444,454,42,42,76,76,106,106,106,126,145,165,195,195,297,297,310,0,0,12,12,12,38,56,56,115,36,66,66,78,78,180,180,192,209,209,219,18,46,46,77,126,126,138,138,172,172,172,172,172,172,53,81,81],"floor_reached":55,"playtime":3796,"items_purged":["Defend_B","Strike_B","Strike_B+1","Strike_B+1"],"score":1001,"play_id":"bad99692-fffc-4912-bc34-288445013ffe","local_time":"20190426104718","is_ascension_mode":true,"campfire_choices":[{"floor":7,"key":"REST"},{"data":"Tempest","floor":10,"key":"SMITH"},{"data":"Storm","floor":15,"key":"SMITH"},{"floor":23,"key":"REST"},{"floor":32,"key":"REST"},{"floor":41,"key":"RECALL"},{"data":"Consume","floor":44,"key":"SMITH"},{"floor":49,"key":"REST"},{"data":"Machine Learning","floor":52,"key":"SMITH"}],"neow_cost":"PERCENT_DAMAGE","seed_source_timestamp":3942410964114036,"circlet_count":0,"master_deck":["Strike_B+1","Defend_B+1","Defend_B+1","Defend_B+1","Zap+1","Dualcast","Auto Shields","Tempest+1","Undo","Sweeping Beam","Capacitor","Cold Snap","Conserve Battery","Storm+1","Creative AI","Hologram+1","White Noise+1","Consume+1","Reinforced Body","Chill","Buffer","Go for the Eyes","White Noise+1","Machine Learning+1","Capacitor","Sunder+1","Stack","Go for the Eyes+1","Capacitor","Conserve Battery+1","Auto Shields+1","Good Instincts","Discovery","Panacea","Defragment","Steam Power+1"],"relics":["Cracked Core","Orichalcum","Ancient Tea Set","Question Card","Bronze Scales","Regal Pillow","Smiling Mask","Sozu","Cables","Potion Belt","Tiny Chest","FossilizedHelix","Cursed Key","Omamori","Vajra","Art of War","PreservedInsect","Bottled Lightning","Ice Cream"],"potions_floor_usage":[14,16,18,55],"damage_taken":[{"damage":0,"enemies":"Small Slimes","floor":1,"turns":2},{"damage":1,"enemies":"2 Louse","floor":3,"turns":2},{"damage":18,"enemies":"Gremlin Nob","floor":6,"turns":4},{"damage":3,"enemies":"3 Sentries","floor":8,"turns":8},{"damage":0,"enemies":"Cultist","floor":11,"turns":3},{"damage":0,"enemies":"Exordium Wildlife","floor":12,"turns":3},{"damage":6,"enemies":"3 Louse","floor":13,"turns":2},{"damage":1,"enemies":"Gremlin Nob","floor":14,"turns":3},{"damage":0,"enemies":"Slime Boss","floor":16,"turns":6},{"damage":7,"enemies":"3 Byrds","floor":18,"turns":4},{"damage":7,"enemies":"2 Thieves","floor":21,"turns":4},{"damage":0,"enemies":"Book of Stabbing","floor":24,"turns":5},{"damage":9,"enemies":"Snake Plant","floor":25,"turns":4},{"damage":8,"enemies":"Gremlin Leader","floor":27,"turns":5},{"damage":26,"enemies":"Slavers","floor":29,"turns":5},{"damage":8,"enemies":"Centurion and Healer","floor":31,"turns":6},{"damage":34,"enemies":"Champ","floor":33,"turns":10},{"damage":0,"enemies":"Orb Walker","floor":35,"turns":3},{"damage":7,"enemies":"3 Shapes","floor":36,"turns":3},{"damage":0,"enemies":"Jaw Worm Horde","floor":38,"turns":4},{"damage":25,"enemies":"Reptomancer","floor":40,"turns":6},{"damage":0,"enemies":"Giant Head","floor":42,"turns":8},{"damage":0,"enemies":"Sphere and 2 Shapes","floor":45,"turns":4},{"damage":0,"enemies":"Reptomancer","floor":47,"turns":5},{"damage":28,"enemies":"Donu and Deca","floor":50,"turns":9},{"damage":56,"enemies":"Shield and Spear","floor":54,"turns":6},{"damage":27,"enemies":"The Heart","floor":55,"turns":8}],"seed_played":"4529071924361964923","potions_obtained":[{"floor":1,"key":"FocusPotion"},{"floor":8,"key":"FearPotion"},{"floor":11,"key":"SteroidPotion"},{"floor":16,"key":"Ancient Potion"}],"is_trial":false,"path_per_floor":["M","?","M","$","?","E","R","E","T","R","M","M","M","E","R","B",null,"M","$","?","M","?","R","E","M","T","E","$","E","?","M","R","B",null,"M","M","?","M","$","E","R","E","T","R","M","?","E","?","R","B",null,"R","$","E","B"],"character_chosen":"DEFECT","items_purchased":["Orichalcum","Ancient Tea Set","Undo","Cables","Buffer","Omamori","Defragment"],"campfire_rested":4,"item_purchase_floors":[4,4,4,19,28,39,53],"current_hp_per_floor":[54,43,42,42,42,24,46,43,43,43,43,43,37,36,36,36,75,68,68,68,61,47,80,80,71,71,63,63,37,37,29,68,34,80,80,73,73,73,73,48,48,48,48,48,48,48,48,38,77,49,80,80,80,24,0],"gold":81,"neow_bonus":"TWO_FIFTY_GOLD","is_prod":false,"is_daily":false,"chose_seed":false,"campfire_upgraded":4,"win_rate":0,"timestamp":1556290038,"path_taken":["M","?","M","$","?","E","R","E","T","R","M","M","M","E","R","BOSS","M","$","?","M","?","R","E","M","T","E","$","E","?","M","R","BOSS","M","M","?","M","$","E","R","E","T","R","M","?","E","?","R","BOSS","R","$","E","BOSS"],"build_version":"2019-04-23","purchased_purges":4,"victory":false,"max_hp_per_floor":[75,75,75,75,75,75,75,75,75,75,75,75,75,75,75,75,75,75,75,75,75,80,80,80,80,80,80,80,80,80,80,80,80,80,80,80,80,80,80,80,80,80,80,80,80,80,80,80,80,80,80,80,80,80,80],"card_choices":[{"not_picked":["Compile Driver","Heatsinks"],"picked":"Auto Shields","floor":1},{"not_picked":["Conserve Battery","Beam Cell"],"picked":"Tempest","floor":3},{"not_picked":["Force Field","Beam Cell"],"picked":"Sweeping Beam","floor":6},{"not_picked":["Sunder","Leap","Hologram"],"picked":"Capacitor","floor":8},{"not_picked":["Turbo","Hologram","Fusion"],"picked":"Barrage","floor":11},{"not_picked":["Skim","Go for the Eyes","Scrape"],"picked":"Cold Snap","floor":12},{"not_picked":["Skim","Steam Power","Recycle"],"picked":"Conserve Battery","floor":13},{"not_picked":["Steam","Rip and Tear","Tempest"],"picked":"Storm","floor":14},{"not_picked":["Reboot","Core Surge","Meteor Strike"],"picked":"Creative AI","floor":16},{"not_picked":["Turbo+1","Rebound+1","Cold Snap"],"picked":"Hologram+1","floor":18},{"not_picked":["Gash","Compile Driver+1","Heatsinks"],"picked":"White Noise+1","floor":21},{"not_picked":["Sweeping Beam","Turbo","Cold Snap"],"picked":"Consume","floor":24},{"not_picked":["Meteor Strike","Gash+1","Chaos"],"picked":"Reinforced Body","floor":25},{"not_picked":["Coolheaded","Reinforced Body","Aggregate+1"],"picked":"Chill","floor":27},{"not_picked":["Steam","Stack","Genetic Algorithm+1"],"picked":"Go for the Eyes","floor":29},{"not_picked":["Sunder","Turbo","Steam"],"picked":"White Noise+1","floor":31},{"not_picked":["Rainbow","Seek","Meteor Strike"],"picked":"Machine Learning","floor":33},{"not_picked":["Double Energy","Undo","Static Discharge"],"picked":"Capacitor","floor":35},{"not_picked":["Scrape","Tempest+1","Barrage"],"picked":"Sunder+1","floor":36},{"not_picked":["Streamline","Recycle+1","Turbo+1"],"picked":"Stack","floor":38},{"not_picked":["FTL","Turbo","Reinforced Body+1"],"picked":"Go for the Eyes+1","floor":40},{"not_picked":["Multi-Cast","Go for the Eyes","Double Energy"],"picked":"Capacitor","floor":42},{"not_picked":["Consume+1","Melter","Gash"],"picked":"Conserve Battery+1","floor":45},{"not_picked":["Ball Lightning","Go for the Eyes+1","Electrodynamics"],"picked":"Auto Shields+1","floor":47},{"not_picked":["Flash of Steel","Metamorphosis","Bandage Up"],"picked":"Good Instincts","floor":48},{"not_picked":["Thinking Ahead","HandOfGreed","Enlightenment"],"picked":"Discovery","floor":48},{"not_picked":["Trip","Finesse","Chrysalis"],"picked":"Panacea","floor":48},{"not_picked":["Redo","Sweeping Beam","Rebound"],"picked":"Steam Power+1","floor":54}],"player_experience":5497227,"relics_obtained":[{"floor":6,"key":"Question Card"},{"floor":8,"key":"Bronze Scales"},{"floor":9,"key":"Regal Pillow"},{"floor":14,"key":"Smiling Mask"},{"floor":24,"key":"Potion Belt"},{"floor":27,"key":"Tiny Chest"},{"floor":29,"key":"FossilizedHelix"},{"floor":40,"key":"Vajra"},{"floor":42,"key":"Art of War"},{"floor":43,"key":"PreservedInsect"},{"floor":47,"key":"Bottled Lightning"},{"floor":54,"key":"Ice Cream"}],"event_choices":[{"damage_healed":0,"gold_gain":75,"player_choice":"Gather Gold","damage_taken":11,"max_hp_gain":0,"max_hp_loss":0,"event_name":"World of Goop","floor":2,"gold_loss":0},{"damage_healed":0,"gold_gain":0,"player_choice":"Upgraded","damage_taken":0,"max_hp_gain":0,"max_hp_loss":0,"event_name":"Upgrade Shrine","floor":5,"gold_loss":0,"cards_upgraded":["Zap"]},{"damage_healed":0,"gold_gain":0,"player_choice":"Simplicity","damage_taken":0,"max_hp_gain":0,"max_hp_loss":0,"event_name":"Back to Basics","floor":20,"gold_loss":0,"cards_upgraded":["Strike_B","Strike_B","Strike_B","Defend_B","Defend_B","Defend_B"]},{"damage_healed":0,"gold_gain":0,"player_choice":"Shed Blood","damage_taken":19,"max_hp_gain":5,"max_hp_loss":0,"event_name":"Forgotten Altar","floor":22,"gold_loss":0},{"damage_healed":0,"gold_gain":0,"player_choice":"Ignored","damage_taken":0,"max_hp_gain":0,"max_hp_loss":0,"event_name":"Vampires","floor":30,"gold_loss":0},{"damage_healed":0,"gold_gain":0,"player_choice":"Ignored","damage_taken":0,"max_hp_gain":0,"max_hp_loss":0,"event_name":"Tomb of Lord Red Mask","floor":37,"gold_loss":0},{"cards_removed":["Barrage"],"damage_healed":0,"gold_gain":0,"player_choice":"Removed Attack","damage_taken":0,"max_hp_gain":0,"max_hp_loss":0,"event_name":"Falling","floor":46,"gold_loss":0},{"damage_healed":0,"gold_gain":0,"player_choice":"Memory 3","damage_taken":10,"max_hp_gain":0,"max_hp_loss":0,"event_name":"SensoryStone","floor":48,"gold_loss":0}],"is_beta":true,"boss_relics":[{"not_picked":["Tiny House","Busted Crown"],"picked":"Sozu"},{"not_picked":["Runic Pyramid","Black Star"],"picked":"Cursed Key"}],"items_purged_floors":[4,19,39,53],"is_endless":false,"potions_floor_spawned":[1,8,11,12,16,24,27,29,33,35,40,45,54],"killed_by":"The Heart","ascension_level":1}