{"gold_per_floor":[117,117,42,57,3,3,35,90,158,158,187,187,23,36,36,109,109,121,171,171,171,446,446,20,31,31,51,70,98,98,133,133,211,211,225,12,12,0,0,0,50,85,130,149,182,282,282,296,296,296],"floor_reached":51,"playtime":2756,"items_purged":["Regret"],"score":1577,"play_id":"42773858-5285-4dfc-b830-088f57d5a05b","local_time":"20190306135413","is_ascension_mode":true,"campfire_choices":[{"data":"Zap","floor":6,"key":"SMITH"},{"data":"Doom and Gloom","floor":10,"key":"SMITH"},{"floor":15,"key":"REST"},{"floor":23,"key":"REST"},{"data":"Creative AI","floor":30,"key":"SMITH"},{"data":"Seek","floor":32,"key":"SMITH"},{"floor":40,"key":"REST"},{"floor":47,"key":"DIG"},{"floor":49,"key":"DIG"}],"neow_cost":"NONE","seed_source_timestamp":562468640057068,"circlet_count":0,"master_deck":["AscendersBane","Zap+1","Dualcast","Heatsinks","Gash","Doom and Gloom+1","Glacier","Creative AI+1","Gash","Coolheaded","Seek+1","Multi-Cast","Thunder Strike","Streamline","Biased Cognition","Leap+1","Necronomicurse","Self Repair+1","Conserve Battery","Coolheaded+1","Loop+1","Machine Learning+1","Heatsinks+1","Creative AI+1"],"relics":["Cracked Core","Potion Belt","Mummified Hand","Blood Vial","Bottled Flame","Nunchaku","Bag of Preparation","Pandora\u0027s Box","Necronomicon","Frozen Egg 2","Bottled Tornado","Oddly Smooth Stone","Bottled Lightning","Fusion Hammer","OrangePellets","Red Mask","StoneCalendar","Bronze Scales","Juzu Bracelet","Shovel","Thread and Needle","Letter Opener"],"potions_floor_usage":[7,11,14,16,28,29,35,50,50],"damage_taken":[{"damage":0,"enemies":"2 Louse","floor":1,"turns":2},{"damage":0,"enemies":"Jaw Worm","floor":4,"turns":4},{"damage":39,"enemies":"Gremlin Nob","floor":7,"turns":4},{"damage":20,"enemies":"Lagavulin","floor":11,"turns":5},{"damage":0,"enemies":"Small Slimes","floor":14,"turns":1},{"damage":24,"enemies":"Slime Boss","floor":16,"turns":8},{"damage":23,"enemies":"3 Byrds","floor":18,"turns":4},{"damage":1,"enemies":"Shell Parasite","floor":25,"turns":4},{"damage":11,"enemies":"Snake Plant","floor":27,"turns":3},{"damage":9,"enemies":"Centurion and Healer","floor":28,"turns":7},{"damage":8,"enemies":"Slavers","floor":29,"turns":2},{"damage":11,"enemies":"Gremlin Leader","floor":31,"turns":6},{"damage":5,"enemies":"Champ","floor":33,"turns":8},{"damage":4,"enemies":"3 Shapes","floor":35,"turns":5},{"damage":0,"enemies":"Giant Head","floor":42,"turns":5},{"damage":0,"enemies":"3 Darklings","floor":44,"turns":3},{"damage":0,"enemies":"Nemesis","floor":45,"turns":5},{"damage":0,"enemies":"Mind Bloom Boss Battle","floor":46,"turns":5},{"damage":0,"enemies":"Writhing Mass","floor":48,"turns":7},{"damage":30,"enemies":"Awakened One","floor":50,"turns":9}],"seed_played":"-3444699464750729554","potions_obtained":[{"floor":1,"key":"Fire Potion"},{"floor":7,"key":"Regen Potion"},{"floor":14,"key":"SkillPotion"},{"floor":16,"key":"GamblersBrew"},{"floor":27,"key":"FearPotion"},{"floor":28,"key":"Energy Potion"},{"floor":29,"key":"Explosive Potion"},{"floor":31,"key":"Block Potion"},{"floor":33,"key":"Regen Potion"},{"floor":35,"key":"SpeedPotion"}],"is_trial":false,"path_per_floor":["M","?","?","M","$","R","E","T","T","R","E","?","$","M","R","B",null,"M","?","?","?","?","R","$","M","T","M","M","E","R","E","R","B",null,"M","$","?","?","?","R","?","E","T","M","E","?","R","M","R","B",null],"character_chosen":"DEFECT","items_purchased":["Strength Potion","Bag of Preparation","Frozen Egg 2","Self Repair+1","OrangePellets"],"campfire_rested":3,"item_purchase_floors":[5,13,24,24,36],"current_hp_per_floor":[64,64,64,64,64,64,25,25,25,25,19,19,19,21,42,20,58,37,37,16,30,30,51,51,62,62,63,66,70,70,70,70,71,71,71,71,61,61,61,71,71,71,71,71,71,71,71,71,71,51],"gold":296,"neow_bonus":"RANDOM_COMMON_RELIC","is_prod":false,"is_daily":false,"chose_seed":false,"campfire_upgraded":4,"win_rate":0,"timestamp":1551880453,"path_taken":["M","?","?","M","$","R","E","?","T","R","E","?","$","M","R","BOSS","M","?","?","?","?","R","$","M","T","?","M","E","R","E","R","BOSS","M","$","?","?","?","R","?","E","T","?","E","?","R","M","R","BOSS"],"build_version":"2019-02-06","purchased_purges":1,"victory":true,"max_hp_per_floor":[71,71,71,71,71,71,71,71,71,71,71,71,71,71,71,71,71,71,71,71,71,71,71,71,71,71,71,71,71,71,71,71,71,71,71,71,71,71,71,71,71,71,71,71,71,71,71,71,71,71],"card_choices":[{"not_picked":["Steam Power","Force Field"],"picked":"Heatsinks","floor":1},{"not_picked":["Beam Cell","Chaos"],"picked":"Gash","floor":4},{"not_picked":["Static Discharge","Cold Snap"],"picked":"Doom and Gloom","floor":7},{"not_picked":["Reboot","Go for the Eyes"],"picked":"Glacier","floor":11},{"not_picked":["FTL","Cold Snap"],"picked":"Melter","floor":14},{"not_picked":["Amplify","Hyperbeam"],"picked":"Creative AI","floor":16},{"not_picked":["Streamline","Hologram"],"picked":"Leap+1","floor":18},{"not_picked":["Sweeping Beam","Beam Cell"],"picked":"Conserve Battery","floor":25},{"not_picked":["Consume","Aggregate"],"picked":"Coolheaded+1","floor":27},{"not_picked":["Coolheaded","Double Energy+1"],"picked":"Loop+1","floor":28},{"not_picked":["Sweeping Beam","Coolheaded"],"picked":"Machine Learning+1","floor":29},{"not_picked":["Streamline+1","Hologram"],"picked":"Heatsinks+1","floor":31},{"not_picked":["Seek","Thunder Strike"],"picked":"Creative AI+1","floor":33},{"not_picked":["Go for the Eyes","Redo","Ball Lightning"],"picked":"SKIP","floor":35},{"not_picked":["Hello World+1","Stack","Glacier"],"picked":"SKIP","floor":42},{"not_picked":["Ball Lightning","Hologram+1","Cold Snap"],"picked":"SKIP","floor":44},{"not_picked":["Redo","Aggregate","Creative AI+1"],"picked":"SKIP","floor":45},{"not_picked":["Streamline+1","Heatsinks+1","Hologram+1"],"picked":"SKIP","floor":48}],"player_experience":1033167,"relics_obtained":[{"floor":7,"key":"Mummified Hand"},{"floor":8,"key":"Blood Vial"},{"floor":9,"key":"Bottled Flame"},{"floor":11,"key":"Nunchaku"},{"floor":20,"key":"Necronomicon"},{"floor":26,"key":"Bottled Tornado"},{"floor":29,"key":"Oddly Smooth Stone"},{"floor":31,"key":"Bottled Lightning"},{"floor":42,"key":"StoneCalendar"},{"floor":43,"key":"Bronze Scales"},{"floor":45,"key":"Juzu Bracelet"},{"floor":46,"key":"Shovel"},{"floor":47,"key":"Thread and Needle"},{"floor":49,"key":"Letter Opener"}],"event_choices":[{"damage_healed":0,"gold_gain":0,"player_choice":"Ignored","damage_taken":0,"max_hp_gain":0,"max_hp_loss":0,"event_name":"Liars Game","floor":2,"gold_loss":0},{"cards_removed":["Strike_B"],"damage_healed":0,"gold_gain":0,"player_choice":"Card Removal","damage_taken":0,"max_hp_gain":0,"max_hp_loss":0,"event_name":"The Cleric","floor":3,"gold_loss":75},{"damage_healed":0,"gold_gain":0,"player_choice":"Ignored","damage_taken":0,"max_hp_gain":0,"max_hp_loss":0,"event_name":"Golden Idol","floor":12,"gold_loss":0},{"damage_healed":0,"gold_gain":50,"player_choice":"Stole From Cult","damage_taken":0,"max_hp_gain":0,"max_hp_loss":0,"event_name":"Nest","floor":19,"gold_loss":0},{"damage_healed":0,"gold_gain":0,"player_choice":"Obtained Book","damage_taken":21,"max_hp_gain":0,"max_hp_loss":0,"event_name":"Cursed Tome","floor":20,"gold_loss":0},{"damage_healed":14,"gold_gain":0,"player_choice":"Heal","damage_taken":0,"max_hp_gain":0,"max_hp_loss":0,"event_name":"The Library","floor":21,"gold_loss":0},{"damage_healed":0,"gold_gain":275,"player_choice":"Desecrate","damage_taken":0,"max_hp_gain":0,"max_hp_loss":0,"event_name":"Golden Shrine","floor":22,"gold_loss":0,"cards_obtained":["Regret"]},{"damage_healed":0,"gold_gain":0,"player_choice":"Memory 3","damage_taken":10,"max_hp_gain":0,"max_hp_loss":0,"event_name":"SensoryStone","floor":37,"gold_loss":0},{"damage_healed":0,"gold_gain":0,"player_choice":"Paid","damage_taken":0,"relics_obtained":["Red Mask"],"max_hp_gain":0,"max_hp_loss":0,"event_name":"Tomb of Lord Red Mask","floor":38,"gold_loss":12},{"cards_removed":["Melter"],"damage_healed":0,"gold_gain":0,"player_choice":"Removed Attack","damage_taken":0,"max_hp_gain":0,"max_hp_loss":0,"event_name":"Falling","floor":39,"gold_loss":0},{"damage_healed":0,"gold_gain":50,"player_choice":"Pray","damage_taken":0,"max_hp_gain":0,"max_hp_loss":0,"event_name":"Golden Shrine","floor":41,"gold_loss":0},{"damage_healed":0,"gold_gain":0,"player_choice":"Fight","damage_taken":0,"max_hp_gain":0,"max_hp_loss":0,"event_name":"MindBloom","floor":46,"gold_loss":0}],"is_beta":true,"boss_relics":[{"not_picked":["Coffee Dripper","Sozu"],"picked":"Pandora\u0027s Box"},{"not_picked":["Tiny House","Eternal Feather"],"picked":"Fusion Hammer"}],"items_purged_floors":[24],"is_endless":false,"potions_floor_spawned":[1,7,14,16,27,28,29,31,33,35,45],"ascension_level":19}