{"gold_per_floor":[110,128,141,141,161,161,161,179,179,22,37,52,52,62,62,62],"floor_reached":16,"playtime":430,"items_purged":["Strike_B"],"score":149,"play_id":"c48a0ba3-e24b-4d90-81c6-86b93e084848","local_time":"20190314003450","is_ascension_mode":true,"campfire_choices":[{"data":"Self Repair","floor":6,"key":"SMITH"},{"data":"Fission","floor":13,"key":"SMITH"},{"data":"Gash","floor":15,"key":"SMITH"}],"neow_cost":"NONE","seed_source_timestamp":83218822373551,"circlet_count":0,"master_deck":["AscendersBane","Strike_B","Strike_B","Defend_B","Defend_B","Defend_B","Defend_B","Zap+1","Dualcast","Coolheaded","Go for the Eyes","Gash+1","Self Repair+1","Fission+1","Dramatic Entrance","Beam Cell"],"relics":["Cracked Core","NeowsBlessing","Matryoshka"],"potions_floor_usage":[14],"damage_taken":[{"damage":0,"enemies":"Cultist","floor":1,"turns":1},{"damage":0,"enemies":"Small Slimes","floor":2,"turns":1},{"damage":0,"enemies":"Jaw Worm","floor":3,"turns":1},{"damage":36,"enemies":"Lots of Slimes","floor":5,"turns":6},{"damage":5,"enemies":"Looter","floor":8,"turns":4},{"damage":7,"enemies":"2 Fungi Beasts","floor":11,"turns":3},{"damage":19,"enemies":"Exordium Thugs","floor":12,"turns":5},{"damage":5,"enemies":"Large Slime","floor":14,"turns":4},{"damage":39,"enemies":"Slime Boss","floor":16,"turns":8}],"seed_played":"-6135497753761461705","potions_obtained":[{"floor":5,"key":"GamblersBrew"},{"floor":8,"key":"PowerPotion"},{"floor":12,"key":"Explosive Potion"},{"floor":14,"key":"EssenceOfSteel"}],"is_trial":false,"path_per_floor":["M","M","M","?","M","R","?","M","T","$","M","M","R","M","R","B"],"character_chosen":"DEFECT","items_purchased":["Dramatic Entrance"],"campfire_rested":0,"item_purchase_floors":[10],"current_hp_per_floor":[68,68,68,68,32,32,32,37,37,37,40,31,31,36,36,0],"gold":62,"neow_bonus":"THREE_ENEMY_KILL","is_prod":false,"is_daily":false,"chose_seed":false,"campfire_upgraded":3,"win_rate":0,"timestamp":1552534490,"path_taken":["M","?","?","?","?","R","?","M","T","$","?","M","R","M","R","BOSS"],"build_version":"2019-01-23","purchased_purges":1,"victory":false,"max_hp_per_floor":[75,75,75,75,75,75,75,75,75,75,75,75,75,75,75,75],"card_choices":[{"not_picked":["Redo","Compile Driver"],"picked":"Coolheaded","floor":1},{"not_picked":["Rebound","Steam"],"picked":"Go for the Eyes","floor":2},{"not_picked":["Chill","Beam Cell"],"picked":"Gash","floor":3},{"not_picked":["Cold Snap","Melter"],"picked":"Self Repair","floor":5},{"not_picked":["Barrage","Chaos"],"picked":"Fission","floor":8},{"not_picked":["Ball Lightning","Turbo"],"picked":"Beam Cell","floor":11},{"not_picked":["Barrage","Cold Snap","Tempest"],"picked":"SKIP","floor":12},{"not_picked":["Go for the Eyes","Cold Snap","Stack"],"picked":"SKIP","floor":14}],"player_experience":933871,"relics_obtained":[{"floor":9,"key":"Matryoshka"}],"event_choices":[{"cards_removed":["Strike_B"],"damage_healed":0,"gold_gain":0,"player_choice":"Purged","damage_taken":0,"max_hp_gain":0,"max_hp_loss":0,"event_name":"Purifier","floor":4,"gold_loss":0},{"damage_healed":0,"gold_gain":0,"player_choice":"Upgraded","damage_taken":0,"max_hp_gain":0,"max_hp_loss":0,"event_name":"Upgrade Shrine","floor":7,"gold_loss":0,"cards_upgraded":["Zap"]}],"is_beta":false,"boss_relics":[],"items_purged_floors":[10],"is_endless":false,"potions_floor_spawned":[5,8,12,14],"killed_by":"Slime Boss","ascension_level":11}