{"gold_per_floor":[114,114,133,133,148,176,194,213,213,213,228,403,173,203,203,306,306,321,321,336,356,33,68,82,110,110,130,130,145,155,188,188,291,291,303,213,227,274,284,313,47,80,80,80,99,99,99,99,99,99,99,99,47,78,78],"floor_reached":56,"playtime":2657,"items_purged":["Doubt","Strike_R"],"score":1334,"play_id":"0e184f62-c3a6-4dd1-aea4-eb8de09c9778","local_time":"20190114124433","is_ascension_mode":false,"campfire_choices":[{"data":"Inflame","floor":10,"key":"SMITH"},{"data":"True Grit","floor":15,"key":"SMITH"},{"data":"Limit Break","floor":28,"key":"SMITH"},{"data":"Feel No Pain","floor":32,"key":"SMITH"},{"data":"Impervious","floor":44,"key":"SMITH"},{"data":"Bash","floor":46,"key":"SMITH"},{"floor":49,"key":"RECALL"},{"data":"Offering","floor":52,"key":"SMITH"}],"neow_cost":"NONE","seed_source_timestamp":43314639014834,"circlet_count":0,"master_deck":["Defend_R","Defend_R","Defend_R","Bash+1","True Grit+1","Feel No Pain+1","Anger+1","Inflame+1","Impervious+1","Clothesline","Thunderclap","Shrug It Off","Limit Break+1","Second Wind","Rampage","Pummel","Pummel+1","Seeing Red+1","Warcry+1","Headbutt+1","Rage+1","Whirlwind+1","Feel No Pain+1","Offering+1","Body Slam+1","Pommel Strike+1","Madness","Madness"],"relics":["Burning Blood","Self Forming Clay","NlothsMask","Bottled Tornado","Vajra","Runic Pyramid","Happy Flower","Ornamental Fan","Red Mask","Calipers","Shuriken","Empty Cage","Thread and Needle","Pen Nib","Chemical X","Ancient Tea Set","Blood Vial"],"potions_floor_usage":[8,14,23,50,50,50,50,54,55,55],"damage_taken":[{"damage":5,"enemies":"2 Louse","floor":1,"turns":3},{"damage":8,"enemies":"Small Slimes","floor":3,"turns":4},{"damage":1,"enemies":"Cultist","floor":5,"turns":3},{"damage":19,"enemies":"3 Sentries","floor":6,"turns":9},{"damage":1,"enemies":"2 Fungi Beasts","floor":7,"turns":3},{"damage":6,"enemies":"Lots of Slimes","floor":8,"turns":4},{"damage":5,"enemies":"3 Louse","floor":11,"turns":4},{"damage":5,"enemies":"Gremlin Nob","floor":14,"turns":4},{"damage":0,"enemies":"Slime Boss","floor":16,"turns":8},{"damage":22,"enemies":"2 Thieves","floor":18,"turns":5},{"damage":2,"enemies":"Spheric Guardian","floor":20,"turns":4},{"damage":8,"enemies":"Shelled Parasite and Fungi","floor":21,"turns":5},{"damage":9,"enemies":"Slavers","floor":23,"turns":5},{"damage":16,"enemies":"Snake Plant","floor":24,"turns":3},{"damage":0,"enemies":"Masked Bandits","floor":25,"turns":4},{"damage":3,"enemies":"Snecko","floor":27,"turns":3},{"damage":0,"enemies":"Centurion and Healer","floor":29,"turns":2},{"damage":1,"enemies":"Cultist and Chosen","floor":30,"turns":4},{"damage":3,"enemies":"Book of Stabbing","floor":31,"turns":4},{"damage":7,"enemies":"Champ","floor":33,"turns":8},{"damage":7,"enemies":"3 Shapes","floor":35,"turns":4},{"damage":2,"enemies":"Orb Walker","floor":37,"turns":2},{"damage":24,"enemies":"2 Orb Walkers","floor":38,"turns":3},{"damage":0,"enemies":"Transient","floor":39,"turns":5},{"damage":16,"enemies":"Giant Head","floor":40,"turns":8},{"damage":12,"enemies":"Reptomancer","floor":42,"turns":4},{"damage":6,"enemies":"Writhing Mass","floor":45,"turns":4},{"damage":21,"enemies":"Donu and Deca","floor":50,"turns":5},{"damage":6,"enemies":"Shield and Spear","floor":54,"turns":4},{"damage":57,"enemies":"The Heart","floor":55,"turns":7}],"seed_played":"760410969262654897","potions_obtained":[{"floor":1,"key":"SkillPotion"},{"floor":5,"key":"Weak Potion"},{"floor":11,"key":"Weak Potion"},{"floor":16,"key":"Energy Potion"},{"floor":23,"key":"Regen Potion"},{"floor":24,"key":"Explosive Potion"},{"floor":25,"key":"Dexterity Potion"},{"floor":31,"key":"EntropicBrew"},{"floor":54,"key":"LiquidBronze"}],"is_trial":false,"path_per_floor":["M","?","M","?","M","E","M","M","T","R","M","?","$","E","R","B",null,"M","?","M","M","$","E","M","?","T","M","R","M","M","E","R","B",null,"M","?","M","?","M","E","$","E","T","R","M","R","?","?","R","B",null,"R","$","E","B",null],"character_chosen":"IRONCLAD","items_purchased":["Vajra","Happy Flower","Pummel","Offering","Chemical X","AttackPotion"],"campfire_rested":0,"item_purchase_floors":[13,22,22,41,41,53],"current_hp_per_floor":[80,73,71,71,76,63,68,68,68,68,69,69,69,70,70,76,80,64,64,68,66,66,63,53,59,59,62,62,68,73,76,76,75,80,79,79,80,62,68,58,58,52,52,52,52,52,42,42,42,61,80,80,80,80,29],"gold":78,"neow_bonus":"TRANSFORM_CARD","is_prod":false,"is_daily":false,"chose_seed":false,"campfire_upgraded":7,"win_rate":0,"timestamp":1547469873,"path_taken":["M","?","M","?","M","E","M","M","T","R","?","?","$","E","R","BOSS","M","?","?","M","$","E","M","?","T","M","R","M","M","E","R","BOSS","M","?","?","?","M","E","$","E","T","R","M","R","?","?","R","BOSS","R","$","E","BOSS"],"build_version":"2019-01-10","purchased_purges":2,"victory":true,"max_hp_per_floor":[80,80,80,80,80,80,80,80,80,80,80,80,80,80,80,80,80,80,80,80,80,80,80,80,80,80,80,80,80,80,80,80,80,80,80,80,80,80,80,80,80,80,80,80,80,80,80,80,80,80,80,80,80,80,80],"card_choices":[{"not_picked":["Shockwave","Hemokinesis"],"picked":"Feel No Pain","floor":1},{"not_picked":["Dual Wield","Havoc"],"picked":"Anger","floor":3},{"not_picked":["Sever Soul","Wild Strike"],"picked":"Inflame","floor":5},{"not_picked":["Headbutt","Infernal Blade"],"picked":"Impervious","floor":6},{"not_picked":["Corruption","Anger","Inflame"],"picked":"SKIP","floor":7},{"not_picked":["Perfected Strike","Anger"],"picked":"Clothesline","floor":8},{"not_picked":["Clash","Shrug It Off"],"picked":"Thunderclap","floor":11},{"not_picked":["True Grit","Spot Weakness"],"picked":"Shrug It Off","floor":14},{"not_picked":["Demon Form","Berserk"],"picked":"Limit Break","floor":16},{"not_picked":["Pommel Strike","Anger"],"picked":"Second Wind","floor":18},{"not_picked":["Warcry","Shrug It Off+1"],"picked":"Rampage","floor":20},{"not_picked":["Perfected Strike","Second Wind","Shrug It Off"],"picked":"SKIP","floor":21},{"not_picked":["Feed","Wild Strike"],"picked":"Pummel+1","floor":23},{"not_picked":["Thunderclap","Twin Strike"],"picked":"Seeing Red+1","floor":24},{"not_picked":["Sword Boomerang","Anger","Barricade"],"picked":"SKIP","floor":27},{"not_picked":["Clothesline","Thunderclap"],"picked":"Warcry+1","floor":29},{"not_picked":["Uppercut","Warcry","Anger"],"picked":"SKIP","floor":30},{"not_picked":["Wild Strike","Infernal Blade","Anger+1"],"picked":"SKIP","floor":31},{"not_picked":["Pommel Strike+1","Warcry"],"picked":"Headbutt+1","floor":35},{"not_picked":["Twin Strike","Wild Strike+1"],"picked":"Rage+1","floor":37},{"not_picked":["Pummel+1","Clothesline"],"picked":"Whirlwind+1","floor":39},{"not_picked":["Armaments+1","Searing Blow+1"],"picked":"Feel No Pain+1","floor":40},{"not_picked":["Searing Blow","Offering"],"picked":"Body Slam+1","floor":42},{"not_picked":["Rupture","Twin Strike"],"picked":"Pommel Strike+1","floor":45},{"not_picked":["Clothesline+1","Pommel Strike","Iron Wave"],"picked":"SKIP","floor":54}],"player_experience":750868,"relics_obtained":[{"floor":6,"key":"Bottled Tornado"},{"floor":23,"key":"Ornamental Fan"},{"floor":25,"key":"Red Mask"},{"floor":26,"key":"Calipers"},{"floor":31,"key":"Shuriken"},{"floor":38,"key":"Thread and Needle"},{"floor":40,"key":"Pen Nib"},{"floor":42,"key":"Ancient Tea Set"},{"floor":54,"key":"Blood Vial"}],"event_choices":[{"damage_healed":0,"gold_gain":0,"player_choice":"Success","damage_taken":7,"relics_obtained":["Self Forming Clay"],"max_hp_gain":0,"max_hp_loss":0,"event_name":"Scrap Ooze","floor":2,"gold_loss":0},{"damage_healed":0,"gold_gain":0,"player_choice":"Trade","damage_taken":0,"relics_obtained":["NlothsMask"],"max_hp_gain":0,"max_hp_loss":0,"event_name":"FaceTrader","floor":4,"gold_loss":0},{"damage_healed":0,"gold_gain":175,"player_choice":"AGREE","damage_taken":0,"max_hp_gain":0,"max_hp_loss":0,"event_name":"Liars Game","floor":12,"gold_loss":0,"cards_obtained":["Doubt"]},{"cards_removed":["Strike_R"],"damage_healed":0,"gold_gain":0,"player_choice":"Offered Basic","damage_taken":0,"max_hp_gain":0,"max_hp_loss":0,"event_name":"Bonfire Elementals","floor":19,"gold_loss":0},{"damage_healed":0,"gold_gain":0,"player_choice":"Fought Bandits","damage_taken":0,"max_hp_gain":0,"max_hp_loss":0,"event_name":"Masked Bandits","floor":25,"gold_loss":0},{"cards_removed":["Defend_R"],"damage_healed":0,"gold_gain":0,"player_choice":"Upgrade and Remove","damage_taken":0,"max_hp_gain":0,"max_hp_loss":0,"event_name":"Designer","floor":36,"gold_loss":90,"cards_upgraded":["Anger"]},{"damage_healed":0,"gold_gain":0,"player_choice":"Fight","damage_taken":0,"max_hp_gain":0,"max_hp_loss":0,"event_name":"Mysterious Sphere","floor":38,"gold_loss":0},{"damage_healed":0,"gold_gain":0,"player_choice":"Embrace Madness","damage_taken":10,"max_hp_gain":0,"max_hp_loss":0,"event_name":"Winding Halls","floor":47,"gold_loss":0,"cards_obtained":["Madness","Madness"]},{"damage_healed":0,"gold_gain":0,"player_choice":"Memory 1","damage_taken":0,"max_hp_gain":0,"max_hp_loss":0,"event_name":"SensoryStone","floor":48,"gold_loss":0}],"is_beta":true,"boss_relics":[{"not_picked":["White Beast Statue","Runic Dome"],"picked":"Runic Pyramid"},{"not_picked":["Astrolabe","Tiny House"],"picked":"Empty Cage"}],"items_purged_floors":[13,22],"is_endless":false,"potions_floor_spawned":[1,5,11,16,23,24,25,29,31,38,39,40,45,54],"ascension_level":0}