{"gold_per_floor":[110,128,128,146,165,165,196,216,291,324,399,429,439,41,41,139,139,155,155,51,51,51,80,80,105,132,159,159,175,185,110,110,209,259,275,275,1274,1298,1312,1341,1354,1382,1382,1419,1448,1471,1512,1535,1547,1559,1571,1583,820,846,846],"floor_reached":56,"playtime":5075,"items_purged":["Strike_G","Defend_G","Defend_G"],"score":1785,"play_id":"f3153049-5572-46f6-a180-0ff1877fc71c","local_time":"20190409091825","is_ascension_mode":true,"campfire_choices":[{"data":"Doppelganger","floor":6,"key":"SMITH"},{"data":"Cloak And Dagger","floor":15,"key":"SMITH"},{"data":"Cloak And Dagger","floor":24,"key":"SMITH"},{"data":"Malaise","floor":28,"key":"SMITH"},{"data":"Infinite Blades","floor":32,"key":"SMITH"},{"floor":49,"key":"RECALL"},{"data":"Footwork","floor":52,"key":"SMITH"}],"neow_cost":"TEN_PERCENT_HP_LOSS","seed_source_timestamp":2466982262550363,"circlet_count":0,"master_deck":["Defend_G","Defend_G","Survivor","Neutralize","Doppelganger+1","Predator","Dash","Cloak And Dagger+1","Footwork","Flying Knee","Backflip+1","Well Laid Plans","Deflect","Terror","Well Laid Plans","Footwork","Malaise+1","Leg Sweep","Escape Plan","Skewer","Footwork+1","Dagger Spray+1","Prepared+1","Deflect","Bite","Bite","Bite","Bite","Bite","Cloak And Dagger+1","Dash+1","Backflip","Dodge and Roll+1","Cloak And Dagger","Backstab","Infinite Blades+1","Doppelganger","Heel Hook","Endless Agony+1","Dark Shackles","Tactician+1","Backstab+1","Acrobatics+1","Deflect+1","Sucker Punch+1","Blur+1","Deflect","Cloak And Dagger+1","Heel Hook","Dodge and Roll+1","Endless Agony","Blur","Dodge and Roll","Blind","Dash"],"relics":["Ring of the Snake","Smiling Mask","Shuriken","Prayer Wheel","Lantern","Chemical X","Orrery","MutagenicStrength","Omamori","Tingsha","Meat on the Bone","Tiny House","Bag of Marbles","Centennial Puzzle","Nunchaku","MawBank","Vajra","Bottled Tornado","Bag of Preparation","Toy Ornithopter","Art of War","War Paint"],"potions_floor_usage":[7,7,16,23,27,33,39,50,54,55,55],"damage_taken":[{"damage":5,"enemies":"Jaw Worm","floor":1,"turns":5},{"damage":0,"enemies":"Small Slimes","floor":2,"turns":2},{"damage":0,"enemies":"2 Louse","floor":4,"turns":2},{"damage":0,"enemies":"Looter","floor":5,"turns":4},{"damage":0,"enemies":"Gremlin Nob","floor":7,"turns":3},{"damage":0,"enemies":"3 Louse","floor":8,"turns":3},{"damage":8,"enemies":"3 Sentries","floor":10,"turns":7},{"damage":4,"enemies":"Gremlin Nob","floor":12,"turns":4},{"damage":1,"enemies":"Exordium Wildlife","floor":13,"turns":4},{"damage":0,"enemies":"Slime Boss","floor":16,"turns":6},{"damage":10,"enemies":"Spheric Guardian","floor":18,"turns":6},{"damage":0,"enemies":"Slavers","floor":23,"turns":6},{"damage":0,"enemies":"Book of Stabbing","floor":25,"turns":5},{"damage":0,"enemies":"Gremlin Leader","floor":27,"turns":5},{"damage":0,"enemies":"Shell Parasite","floor":29,"turns":4},{"damage":0,"enemies":"Centurion and Healer","floor":30,"turns":6},{"damage":0,"enemies":"Automaton","floor":33,"turns":9},{"damage":38,"enemies":"3 Darklings","floor":35,"turns":17},{"damage":0,"enemies":"3 Shapes","floor":39,"turns":3},{"damage":0,"enemies":"Nemesis","floor":40,"turns":5},{"damage":0,"enemies":"Sphere and 2 Shapes","floor":41,"turns":2},{"damage":0,"enemies":"Giant Head","floor":42,"turns":6},{"damage":13,"enemies":"Nemesis","floor":44,"turns":5},{"damage":0,"enemies":"Maw","floor":45,"turns":5},{"damage":0,"enemies":"4 Shapes","floor":46,"turns":3},{"damage":0,"enemies":"Reptomancer","floor":47,"turns":4},{"damage":0,"enemies":"Sphere and 2 Shapes","floor":48,"turns":4},{"damage":22,"enemies":"Donu and Deca","floor":50,"turns":10},{"damage":17,"enemies":"Shield and Spear","floor":54,"turns":8},{"damage":33,"enemies":"The Heart","floor":55,"turns":13}],"seed_played":"-4042735011085426202","potions_obtained":[{"floor":1,"key":"SteroidPotion"},{"floor":2,"key":"AttackPotion"},{"floor":8,"key":"SmokeBomb"},{"floor":10,"key":"AttackPotion"},{"floor":12,"key":"SteroidPotion"},{"floor":18,"key":"EssenceOfSteel"},{"floor":25,"key":"SpeedPotion"},{"floor":33,"key":"FearPotion"},{"floor":34,"key":"GhostInAJar"},{"floor":39,"key":"AttackPotion"},{"floor":42,"key":"Weak Potion"},{"floor":46,"key":"Energy Potion"}],"is_trial":false,"path_per_floor":["M","M","?","M","M","R","E","M","T","E","?","E","M","$","R","B",null,"M","?","$","?","?","E","R","E","T","E","R","M","M","?","R","B",null,"M","?","?","T","M","E","M","E","T","E","M","M","E","M","R","B",null,"R","$","E","B",null],"character_chosen":"THE_SILENT","items_purchased":["Chemical X","Footwork","GhostInAJar","Cloak And Dagger","Bag of Preparation","Toy Ornithopter","Dexterity Potion","Dodge and Roll","Blind","Dash","Art of War"],"campfire_rested":0,"item_purchase_floors":[14,14,14,20,53,53,53,53,53,53,53],"current_hp_per_floor":[58,58,63,63,63,63,63,63,63,55,44,40,39,39,39,39,68,58,47,47,40,40,52,52,52,52,52,52,52,52,52,52,52,57,57,47,47,47,57,57,57,57,57,48,57,57,57,57,57,47,57,57,57,54,39],"gold":846,"neow_bonus":"THREE_RARE_CARDS","is_prod":false,"is_daily":false,"chose_seed":false,"campfire_upgraded":6,"win_rate":0,"timestamp":1554815905,"path_taken":["M","M","?","M","M","R","E","M","T","E","?","E","M","?","R","BOSS","M","?","$","?","?","E","R","E","T","E","R","M","?","?","R","BOSS","M","?","?","?","M","E","M","E","T","E","?","M","E","M","R","BOSS","R","$","E","BOSS"],"build_version":"2019-04-04","purchased_purges":3,"victory":true,"max_hp_per_floor":[63,63,68,68,68,68,68,68,68,68,68,68,68,68,68,68,68,68,47,47,52,52,52,52,52,52,52,52,52,52,52,52,52,57,57,57,57,57,57,57,57,57,57,57,57,57,57,57,57,57,57,57,57,57,57],"card_choices":[{"not_picked":["Phantasmal Killer","Storm of Steel"],"picked":"Doppelganger","floor":0},{"not_picked":["Distraction","Reflex"],"picked":"Predator","floor":1},{"not_picked":["Dagger Spray","Heel Hook"],"picked":"Dash","floor":2},{"not_picked":["Heel Hook","Concentrate"],"picked":"Cloak And Dagger","floor":4},{"not_picked":["Finisher","Setup"],"picked":"Footwork","floor":5},{"not_picked":["Eviscerate","Backflip"],"picked":"Flying Knee","floor":7},{"not_picked":["Sucker Punch","Quick Slash"],"picked":"Backflip","floor":8},{"not_picked":["Slice","Caltrops"],"picked":"Well Laid Plans","floor":10},{"not_picked":["Outmaneuver","Poisoned Stab"],"picked":"Deflect","floor":12},{"not_picked":["Bane","Dagger Throw"],"picked":"Terror","floor":13},{"not_picked":["Tactician","Deflect"],"picked":"Well Laid Plans","floor":13},{"not_picked":["Doppelganger","Die Die Die"],"picked":"Malaise","floor":16},{"not_picked":["Deflect","Finisher"],"picked":"Leg Sweep","floor":17},{"not_picked":["Poisoned Stab","Dagger Spray"],"picked":"Escape Plan","floor":17},{"not_picked":["Sucker Punch","Acrobatics"],"picked":"Skewer","floor":17},{"not_picked":["Flying Knee","Outmaneuver"],"picked":"Footwork","floor":17},{"not_picked":["Acrobatics","Poisoned Stab"],"picked":"Dagger Spray","floor":17},{"not_picked":["Deflect","Well Laid Plans"],"picked":"Prepared+1","floor":18},{"not_picked":["Poisoned Stab","Bane+1"],"picked":"Deflect","floor":18},{"not_picked":["Glass Knife","Footwork"],"picked":"Dash+1","floor":23},{"not_picked":["Blade Dance","Sucker Punch"],"picked":"Backflip","floor":25},{"not_picked":["Prepared","Slice","Poisoned Stab+1"],"picked":"SKIP","floor":27},{"not_picked":["Quick Slash","Underhanded Strike"],"picked":"Dodge and Roll","floor":29},{"not_picked":["Bouncing Flask","Concentrate"],"picked":"Cloak And Dagger","floor":29},{"not_picked":["Expertise+1","Outmaneuver"],"picked":"Backstab","floor":30},{"not_picked":["Quick Slash+1","Prepared"],"picked":"Infinite Blades","floor":30},{"not_picked":["Adrenaline","A Thousand Cuts"],"picked":"Doppelganger","floor":33},{"not_picked":["Backstab","Sucker Punch"],"picked":"Heel Hook","floor":34},{"not_picked":["PiercingWail","Prepared"],"picked":"Endless Agony+1","floor":35},{"not_picked":["Choke","Underhanded Strike","Backstab+1"],"picked":"SKIP","floor":35},{"not_picked":["Enlightenment","Thinking Ahead"],"picked":"Dark Shackles","floor":36},{"not_picked":["Bane","Underhanded Strike+1"],"picked":"Tactician+1","floor":39},{"not_picked":["Finisher","Quick Slash"],"picked":"Backstab+1","floor":39},{"not_picked":["Reflex","Prepared+1"],"picked":"Acrobatics+1","floor":40},{"not_picked":["Blade Dance+1","Noxious Fumes+1"],"picked":"Deflect+1","floor":41},{"not_picked":["Setup","Leg Sweep+1"],"picked":"Sucker Punch+1","floor":41},{"not_picked":["Concentrate+1","Dagger Throw","Storm of Steel"],"picked":"SKIP","floor":42},{"not_picked":["Concentrate+1","Dagger Throw","Storm of Steel"],"picked":"SKIP","floor":42},{"not_picked":["Cloak And Dagger","Quick Slash+1"],"picked":"Blur+1","floor":44},{"not_picked":["Underhanded Strike+1","Deadly Poison+1"],"picked":"Deflect","floor":45},{"not_picked":["Sucker Punch+1","Backflip+1"],"picked":"Cloak And Dagger+1","floor":45},{"not_picked":["Poisoned Stab+1","Night Terror"],"picked":"Heel Hook","floor":46},{"not_picked":["Expertise","Reflex+1"],"picked":"Dodge and Roll+1","floor":46},{"not_picked":["Distraction+1","All Out Attack"],"picked":"Endless Agony","floor":47},{"not_picked":["Quick Slash+1","Slice+1"],"picked":"Blur","floor":48},{"not_picked":["Crippling Poison+1","Bouncing Flask","Bane+1"],"picked":"SKIP","floor":48},{"not_picked":["Quick Slash","Acrobatics","Poisoned Stab+1"],"picked":"SKIP","floor":54}],"player_experience":5234750,"relics_obtained":[{"floor":7,"key":"Smiling Mask"},{"floor":9,"key":"Shuriken"},{"floor":10,"key":"Prayer Wheel"},{"floor":12,"key":"Lantern"},{"floor":23,"key":"Omamori"},{"floor":25,"key":"Tingsha"},{"floor":27,"key":"Meat on the Bone"},{"floor":38,"key":"Bag of Marbles"},{"floor":40,"key":"Centennial Puzzle"},{"floor":42,"key":"Nunchaku"},{"floor":43,"key":"MawBank"},{"floor":44,"key":"Vajra"},{"floor":47,"key":"Bottled Tornado"},{"floor":54,"key":"War Paint"}],"event_choices":[{"damage_healed":0,"gold_gain":0,"player_choice":"Donut","damage_taken":0,"max_hp_gain":5,"max_hp_loss":0,"event_name":"Big Fish","floor":3,"gold_loss":0},{"damage_healed":0,"gold_gain":75,"player_choice":"Gather Gold","damage_taken":11,"max_hp_gain":0,"max_hp_loss":0,"event_name":"World of Goop","floor":11,"gold_loss":0},{"damage_healed":0,"gold_gain":0,"player_choice":"Became a vampire","damage_taken":0,"max_hp_gain":0,"max_hp_loss":21,"event_name":"Vampires","floor":19,"gold_loss":0,"cards_obtained":["Bite","Bite","Bite","Bite","Bite"]},{"damage_healed":0,"gold_gain":0,"player_choice":"Shed Blood","damage_taken":12,"max_hp_gain":5,"max_hp_loss":0,"event_name":"Forgotten Altar","floor":21,"gold_loss":0},{"damage_healed":0,"gold_gain":0,"player_choice":"Inject Mutagens","damage_taken":0,"relics_obtained":["MutagenicStrength"],"max_hp_gain":0,"max_hp_loss":0,"event_name":"Drug Dealer","floor":22,"gold_loss":0},{"cards_removed":["Defend_G"],"damage_healed":0,"gold_gain":0,"player_choice":"Gave Gold","damage_taken":0,"max_hp_gain":0,"max_hp_loss":0,"event_name":"Beggar","floor":31,"gold_loss":75},{"damage_healed":0,"gold_gain":0,"player_choice":"Memory 3","damage_taken":10,"max_hp_gain":0,"max_hp_loss":0,"event_name":"SensoryStone","floor":36,"gold_loss":0},{"damage_healed":0,"gold_gain":999,"player_choice":"Gold","damage_taken":0,"max_hp_gain":0,"max_hp_loss":0,"event_name":"MindBloom","floor":37,"gold_loss":0,"cards_obtained":["Normality","Normality"]}],"is_beta":true,"boss_relics":[{"not_picked":["Calling Bell","Ring of the Serpent"],"picked":"Orrery"},{"not_picked":["Velvet Choker","WristBlade"],"picked":"Tiny House"}],"items_purged_floors":[14,20,53],"is_endless":false,"potions_floor_spawned":[1,2,8,10,12,18,25,33,39,42,46],"ascension_level":1}