{"gold_per_floor":[117,117,137,87,100,133,133,149,149,324,337,337,161,36,36,138,138,156,176,176,188,188,188,214,214,214,214,59,74,74,88,88,88],"floor_reached":33,"playtime":1521,"items_purged":["Doubt"],"score":290,"play_id":"e9ceffc1-e435-4a77-ad08-6cee3f95cd0e","local_time":"20190207120418","is_ascension_mode":false,"campfire_choices":[{"data":"Zap","floor":7,"key":"SMITH"},{"floor":15,"key":"REST"},{"data":"Capacitor","floor":23,"key":"SMITH"},{"data":"Self Repair","floor":25,"key":"SMITH"},{"data":"Meteor Strike","floor":30,"key":"SMITH"},{"floor":32,"key":"DIG"}],"neow_cost":"TEN_PERCENT_HP_LOSS","seed_source_timestamp":265262356981729,"circlet_count":0,"master_deck":["Defend_B","Defend_B+1","Defend_B+1","Zap+1","Dualcast","Skim","Sweeping Beam","Melter","Ball Lightning","Self Repair+1","White Noise","Coolheaded","Barrage","Capacitor+1","Ball Lightning","Electrodynamics","Tempest+1","Scrape","Storm","Hologram+1","Ghostly","Ghostly","Ghostly","Ghostly","Ghostly","Meteor Strike+1","Leap"],"relics":["Cracked Core","Ginger","Shovel","Snecko Eye","Dead Branch","The Courier","Sling","Pocketwatch"],"potions_floor_usage":[16,31],"damage_taken":[{"damage":1,"enemies":"2 Louse","floor":1,"turns":3},{"damage":5,"enemies":"Small Slimes","floor":3,"turns":4},{"damage":1,"enemies":"Jaw Worm","floor":5,"turns":4},{"damage":28,"enemies":"Gremlin Nob","floor":6,"turns":4},{"damage":12,"enemies":"Large Slime","floor":8,"turns":4},{"damage":6,"enemies":"Exordium Wildlife","floor":11,"turns":4},{"damage":6,"enemies":"Hexaghost","floor":16,"turns":7},{"damage":10,"enemies":"2 Thieves","floor":18,"turns":2},{"damage":7,"enemies":"Chosen","floor":19,"turns":4},{"damage":29,"enemies":"Shelled Parasite and Fungi","floor":21,"turns":3},{"damage":32,"enemies":"Gremlin Leader","floor":24,"turns":5},{"damage":8,"enemies":"Centurion and Healer","floor":29,"turns":5},{"damage":3,"enemies":"Snake Plant","floor":31,"turns":3},{"damage":42,"enemies":"Champ","floor":33,"turns":7}],"seed_played":"5727256529082205592","potions_obtained":[{"floor":6,"key":"Ancient Potion"},{"floor":8,"key":"SpeedPotion"},{"floor":16,"key":"Poison Potion"},{"floor":24,"key":"SteroidPotion"}],"is_trial":false,"path_per_floor":["M","?","M","?","M","E","R","M","T","?","M","?","$","$","R","B",null,"M","M","?","M","?","R","E","R","T","?","$","M","R","M","R","B"],"character_chosen":"DEFECT","items_purchased":["Barrage","Weak Potion","Capacitor","Ball Lightning","Sling"],"campfire_rested":1,"item_purchase_floors":[13,13,14,14,28],"current_hp_per_floor":[67,60,55,55,54,26,26,21,21,21,22,8,8,8,28,29,68,65,65,65,43,34,34,9,9,9,9,9,21,21,28,28,0],"gold":88,"neow_bonus":"TRANSFORM_TWO_CARDS","is_prod":false,"is_daily":false,"chose_seed":false,"campfire_upgraded":4,"win_rate":0,"timestamp":1549541058,"path_taken":["M","?","M","?","M","E","R","M","T","?","M","?","?","$","R","BOSS","M","M","?","M","?","R","E","R","T","?","$","M","R","M","R","BOSS"],"build_version":"2019-02-06","purchased_purges":1,"victory":false,"max_hp_per_floor":[68,68,68,68,68,68,68,68,68,68,68,68,68,68,68,68,68,68,68,68,68,34,34,34,34,34,34,34,34,34,34,34,34],"card_choices":[{"not_picked":["Turbo","Beam Cell"],"picked":"Sweeping Beam","floor":1},{"not_picked":["Go for the Eyes","Conserve Battery"],"picked":"Melter","floor":3},{"not_picked":["Fusion","Glacier"],"picked":"Ball Lightning","floor":5},{"not_picked":["Sweeping Beam","Capacitor"],"picked":"Self Repair","floor":6},{"not_picked":["Rip and Tear","Doom and Gloom"],"picked":"White Noise","floor":8},{"not_picked":["Loop","Double Energy"],"picked":"Coolheaded","floor":11},{"not_picked":["Buffer","Multi-Cast"],"picked":"Electrodynamics","floor":16},{"not_picked":["Beam Cell","Go for the Eyes"],"picked":"Tempest+1","floor":18},{"not_picked":["Barrage+1","Beam Cell","Stack"],"picked":"SKIP","floor":19},{"not_picked":["Blizzard","Go for the Eyes"],"picked":"Hologram+1","floor":21},{"not_picked":["White Noise","Beam Cell","Skim"],"picked":"SKIP","floor":24},{"not_picked":["Beam Cell+1","Hologram"],"picked":"Meteor Strike","floor":29},{"not_picked":["Sunder","Heatsinks"],"picked":"Leap","floor":31}],"player_experience":851572,"relics_obtained":[{"floor":6,"key":"Ginger"},{"floor":9,"key":"Shovel"},{"floor":24,"key":"Dead Branch"},{"floor":26,"key":"The Courier"},{"floor":32,"key":"Pocketwatch"}],"event_choices":[{"cards_removed":["Strike_B"],"damage_healed":0,"gold_gain":0,"player_choice":"Card Removal","damage_taken":7,"max_hp_gain":0,"max_hp_loss":0,"event_name":"Golden Wing","floor":2,"gold_loss":0},{"cards_removed":["Strike_B"],"damage_healed":0,"gold_gain":0,"player_choice":"Card Removal","damage_taken":0,"max_hp_gain":0,"max_hp_loss":0,"event_name":"The Cleric","floor":4,"gold_loss":50},{"damage_healed":0,"gold_gain":175,"player_choice":"AGREE","damage_taken":0,"max_hp_gain":0,"max_hp_loss":0,"event_name":"Liars Game","floor":10,"gold_loss":0,"cards_obtained":["Doubt"]},{"damage_healed":0,"gold_gain":0,"player_choice":"Entered Light","damage_taken":14,"max_hp_gain":0,"max_hp_loss":0,"event_name":"Shining Light","floor":12,"gold_loss":0,"cards_upgraded":["Defend_B","Defend_B"]},{"damage_healed":0,"gold_gain":0,"cards_transformed":["Hello World","Strike_B"],"player_choice":"Became Test Subject","damage_taken":0,"max_hp_gain":0,"max_hp_loss":0,"event_name":"Drug Dealer","floor":20,"gold_loss":0,"cards_obtained":["Scrape","Storm"]},{"damage_healed":0,"gold_gain":0,"player_choice":"Became a Ghost","damage_taken":0,"max_hp_gain":0,"max_hp_loss":34,"event_name":"Ghosts","floor":22,"gold_loss":0,"cards_obtained":["Ghostly","Ghostly","Ghostly","Ghostly","Ghostly"]},{"damage_healed":0,"gold_gain":0,"player_choice":"Ignored","damage_taken":0,"max_hp_gain":0,"max_hp_loss":0,"event_name":"Vampires","floor":27,"gold_loss":0}],"is_beta":true,"boss_relics":[{"not_picked":["Philosopher\u0027s Stone","Orrery"],"picked":"Snecko Eye"}],"items_purged_floors":[13],"is_endless":false,"potions_floor_spawned":[6,8,16,18,24],"killed_by":"Champ","ascension_level":0}