{"gold_per_floor":[210,60,70,70,82,98,98,109,155,182,27,45,45,77,77,182,182,194,194,294,309,164,164,195,211,211,231,262,262,195,215,215,317,317,330,349,90,100,110,110,142,142,142,65,65,65,98,117,117,117,117,117,17,45,45],"floor_reached":55,"playtime":2178,"items_purged":["Regret","Self Repair"],"score":1068,"play_id":"1b6960e2-fdc5-4ce2-b550-e760449bf47a","local_time":"20190207012746","is_ascension_mode":true,"campfire_choices":[{"floor":7,"key":"REST"},{"floor":13,"key":"REST"},{"floor":15,"key":"REST"},{"floor":23,"key":"REST"},{"data":"Defragment","floor":32,"key":"SMITH"},{"floor":40,"key":"RECALL"},{"data":"Defragment","floor":42,"key":"SMITH"},{"data":"Defragment","floor":45,"key":"SMITH"},{"data":"White Noise","floor":49,"key":"SMITH"},{"data":"Go for the Eyes","floor":52,"key":"SMITH"}],"neow_cost":"NONE","seed_source_timestamp":111049127787897,"circlet_count":0,"master_deck":["Strike_B","Strike_B+1","Strike_B","Strike_B","Defend_B","Defend_B","Defend_B","Defend_B","Zap","Dualcast","Go for the Eyes+1","White Noise+1","Sweeping Beam","Hello World","Sunder+1","FTL","Sunder","Turbo","Hyperbeam","Hologram+1","Defragment+1","Glacier+1","Clumsy","Defragment+1","Self Repair","Amplify","Barrage+1","Loop+1","Writhe","Defragment+1","Doubt"],"relics":["Cracked Core","DataDisk","Meat on the Bone","Strawberry","Whetstone","Mummified Hand","Cursed Key","Thread and Needle","Kunai","Regal Pillow","Bronze Scales","Du-Vu Doll","Bag of Marbles","Busted Crown","Darkstone Periapt","Orichalcum","Singing Bowl","Cables"],"potions_floor_usage":[12,12,14,20,24,27,35,41,48,50,54,55,55],"damage_taken":[{"damage":4,"enemies":"Jaw Worm","floor":1,"turns":3},{"damage":11,"enemies":"2 Louse","floor":3,"turns":2},{"damage":1,"enemies":"Cultist","floor":5,"turns":3},{"damage":30,"enemies":"Large Slime","floor":6,"turns":5},{"damage":12,"enemies":"Blue Slaver","floor":8,"turns":4},{"damage":41,"enemies":"3 Sentries","floor":10,"turns":5},{"damage":16,"enemies":"Lots of Slimes","floor":12,"turns":2},{"damage":27,"enemies":"Lagavulin","floor":14,"turns":6},{"damage":39,"enemies":"Hexaghost","floor":16,"turns":8},{"damage":11,"enemies":"2 Thieves","floor":18,"turns":2},{"damage":16,"enemies":"Colosseum Slavers","floor":20,"turns":3},{"damage":42,"enemies":"Colosseum Nobs","floor":20,"turns":5},{"damage":4,"enemies":"Chosen","floor":21,"turns":3},{"damage":42,"enemies":"Gremlin Leader","floor":24,"turns":8},{"damage":0,"enemies":"Snecko","floor":25,"turns":3},{"damage":17,"enemies":"Shelled Parasite and Fungi","floor":27,"turns":3},{"damage":21,"enemies":"Slavers","floor":28,"turns":4},{"damage":0,"enemies":"Snake Plant","floor":31,"turns":2},{"damage":9,"enemies":"Automaton","floor":33,"turns":12},{"damage":18,"enemies":"Orb Walker","floor":35,"turns":3},{"damage":0,"enemies":"3 Darklings","floor":36,"turns":1},{"damage":18,"enemies":"4 Shapes","floor":38,"turns":2},{"damage":8,"enemies":"Jaw Worm Horde","floor":39,"turns":3},{"damage":20,"enemies":"Nemesis","floor":41,"turns":7},{"damage":4,"enemies":"Giant Head","floor":47,"turns":10},{"damage":3,"enemies":"Transient","floor":48,"turns":5},{"damage":28,"enemies":"Donu and Deca","floor":50,"turns":13},{"damage":89,"enemies":"Shield and Spear","floor":54,"turns":11},{"damage":60,"enemies":"The Heart","floor":55,"turns":3}],"seed_played":"-7428532942636648483","potions_obtained":[{"floor":5,"key":"Dexterity Potion"},{"floor":8,"key":"Weak Potion"},{"floor":10,"key":"PowerPotion"},{"floor":16,"key":"Swift Potion"},{"floor":21,"key":"Poison Potion"},{"floor":25,"key":"AttackPotion"},{"floor":27,"key":"GamblersBrew"},{"floor":31,"key":"Fire Potion"},{"floor":33,"key":"Poison Potion"},{"floor":35,"key":"Ancient Potion"},{"floor":36,"key":"GamblersBrew"},{"floor":41,"key":"SpeedPotion"},{"floor":48,"key":"SkillPotion"},{"floor":54,"key":"FocusPotion"}],"is_trial":false,"path_per_floor":["M","$","M","?","M","M","R","M","T","E","$","M","R","E","R","B",null,"M","?","?","M","$","R","E","M","T","M","E","?","$","M","R","B",null,"M","M","$","M","M","R","E","R","T","$","R","?","E","M","R","B",null,"R","$","E","B"],"character_chosen":"DEFECT","items_purchased":["DataDisk","Self Repair","Regal Pillow","Self Repair","Darkstone Periapt","Defragment"],"campfire_rested":4,"item_purchase_floors":[2,11,22,30,37,44],"current_hp_per_floor":[64,64,53,53,52,34,56,44,51,22,22,25,49,41,65,45,73,62,46,26,41,41,82,59,59,59,61,59,59,59,66,66,71,83,79,87,87,69,68,68,62,62,68,68,68,99,101,103,103,89,100,100,100,32,0],"gold":45,"neow_bonus":"HUNDRED_GOLD","is_prod":false,"is_daily":false,"chose_seed":false,"campfire_upgraded":5,"win_rate":0,"timestamp":1549513666,"path_taken":["M","$","M","?","M","M","R","M","T","E","$","M","R","E","R","BOSS","M","?","?","M","$","R","E","M","T","M","E","?","$","M","R","BOSS","M","M","$","M","M","R","E","R","T","?","R","?","E","M","R","BOSS","R","$","E","BOSS"],"build_version":"2019-01-23","purchased_purges":2,"victory":false,"max_hp_per_floor":[75,75,75,75,75,75,75,75,82,82,82,82,82,82,82,82,82,82,87,87,87,87,87,87,87,87,87,87,87,87,87,87,87,87,87,87,87,87,87,87,87,87,93,93,93,99,101,103,103,103,103,103,103,105,105],"card_choices":[{"not_picked":["Streamline","Reprogram"],"picked":"Go for the Eyes","floor":1},{"not_picked":["Skim","Rebound"],"picked":"White Noise","floor":3},{"not_picked":["Ball Lightning","Coolheaded"],"picked":"Sweeping Beam","floor":5},{"not_picked":["Streamline","Rebound"],"picked":"Hello World","floor":6},{"not_picked":["Rebound","Sweeping Beam"],"picked":"Sunder","floor":8},{"not_picked":["Coolheaded","Chaos"],"picked":"FTL","floor":10},{"not_picked":["Core Surge","Conserve Battery"],"picked":"Sunder","floor":12},{"not_picked":["Multi-Cast","Stack"],"picked":"Turbo","floor":14},{"not_picked":["Meteor Strike","Core Surge"],"picked":"Hyperbeam","floor":16},{"not_picked":["Gash","Go for the Eyes"],"picked":"Hologram+1","floor":18},{"not_picked":["Capacitor","Hologram"],"picked":"Defragment","floor":20},{"not_picked":["Streamline+1","Conserve Battery"],"picked":"Glacier+1","floor":21},{"not_picked":["Gash","Hologram","Undo"],"picked":"SKIP","floor":24},{"not_picked":["Chill","Double Energy","BootSequence"],"picked":"SKIP","floor":25},{"not_picked":["Go for the Eyes","Barrage","Leap"],"picked":"SKIP","floor":27},{"not_picked":["Reprogram","Streamline","Ball Lightning"],"picked":"SKIP","floor":28},{"not_picked":["Glacier","Genetic Algorithm+1","Conserve Battery"],"picked":"SKIP","floor":31},{"not_picked":["Rainbow","Biased Cognition"],"picked":"Amplify","floor":33},{"not_picked":["Darkness+1"],"picked":"SKIP","floor":35},{"not_picked":[],"picked":"Barrage+1","floor":36},{"not_picked":["Barrage"],"picked":"SKIP","floor":38},{"not_picked":[],"picked":"Loop+1","floor":39},{"not_picked":["Reinforced Body"],"picked":"SKIP","floor":41},{"not_picked":["Compile Driver+1"],"picked":"Singing Bowl","floor":47},{"not_picked":["Genetic Algorithm+1"],"picked":"Singing Bowl","floor":48},{"not_picked":["Electrodynamics"],"picked":"Singing Bowl","floor":54}],"player_experience":730176,"relics_obtained":[{"floor":9,"key":"Strawberry"},{"floor":10,"key":"Whetstone"},{"floor":14,"key":"Mummified Hand"},{"floor":20,"key":"Thread and Needle"},{"floor":20,"key":"Kunai"},{"floor":24,"key":"Bronze Scales"},{"floor":26,"key":"Du-Vu Doll"},{"floor":28,"key":"Bag of Marbles"},{"floor":41,"key":"Orichalcum"},{"floor":47,"key":"Singing Bowl"},{"floor":54,"key":"Cables"}],"event_choices":[{"damage_healed":0,"gold_gain":0,"player_choice":"Box","damage_taken":0,"relics_obtained":["Meat on the Bone"],"max_hp_gain":0,"max_hp_loss":0,"event_name":"Big Fish","floor":4,"gold_loss":0,"cards_obtained":["Regret"]},{"damage_healed":0,"gold_gain":0,"player_choice":"Shed Blood","damage_taken":21,"max_hp_gain":5,"max_hp_loss":0,"event_name":"Forgotten Altar","floor":19,"gold_loss":0},{"damage_healed":0,"gold_gain":0,"player_choice":"Fight","damage_taken":0,"max_hp_gain":0,"max_hp_loss":0,"event_name":"Colosseum","floor":20,"gold_loss":0},{"damage_healed":0,"gold_gain":0,"player_choice":"Fought Nobs","damage_taken":0,"max_hp_gain":0,"max_hp_loss":0,"event_name":"Colosseum","floor":20,"gold_loss":0},{"damage_healed":0,"gold_gain":0,"player_choice":"Copied","damage_taken":0,"max_hp_gain":0,"max_hp_loss":0,"event_name":"Duplicator","floor":29,"gold_loss":0,"cards_obtained":["Defragment"]},{"damage_healed":25,"gold_gain":0,"player_choice":"Heal","damage_taken":0,"max_hp_gain":0,"max_hp_loss":0,"event_name":"MindBloom","floor":46,"gold_loss":0,"cards_obtained":["Doubt"]}],"is_beta":false,"boss_relics":[{"not_picked":["Ectoplasm","Runic Dome"],"picked":"Cursed Key"},{"not_picked":["Philosopher\u0027s Stone","White Beast Statue"],"picked":"Busted Crown"}],"items_purged_floors":[11,53],"is_endless":false,"potions_floor_spawned":[5,8,10,16,21,25,27,31,33,35,36,41,48,54],"killed_by":"The Heart","ascension_level":8}