{"gold_per_floor":[368,28,28,28,42,68,97,137,172,198,210,241,276,298,310,425,437,467,479,491,503,533,573,286,286,286,298,327,327,344,364,364,469,469,480,43,43,43,43,43,76,76,99,126,126,136,162,177,177,177,177,177,38,67,67],"floor_reached":56,"playtime":3058,"items_purged":["Strike_R","Strike_R","Defend_R","Strike_R+1"],"score":1303,"play_id":"64a2c999-d764-4898-b59d-48bb96681d0a","local_time":"20190308203423","is_ascension_mode":false,"campfire_choices":[{"data":"Combust","floor":11,"key":"SMITH"},{"data":"True Grit","floor":15,"key":"SMITH"},{"data":"Inflame","floor":25,"key":"SMITH"},{"data":"Whirlwind","floor":32,"key":"SMITH"},{"data":"Shockwave","floor":40,"key":"SMITH"},{"data":"Offering","floor":42,"key":"SMITH"},{"floor":45,"key":"RECALL"},{"data":"Iron Wave","floor":49,"key":"SMITH"},{"data":"Madness","floor":52,"key":"SMITH"}],"neow_cost":"TEN_PERCENT_HP_LOSS","seed_source_timestamp":758970395367975,"circlet_count":0,"master_deck":["Strike_R+1","Defend_R","Defend_R","Defend_R","Bash+1","Anger","Fiend Fire","Headbutt","Shrug It Off","Inflame+1","True Grit+1","Iron Wave+1","Double Tap+1","Iron Wave+1","Shrug It Off","Iron Wave","Dropkick","Whirlwind+1","Offering+1","Dropkick","Shockwave+1","Dropkick+1","Headbutt","Flash of Steel","Flash of Steel","Flash of Steel","Madness+1","Madness","Shrug It Off","Rage+1","Panacea","Warcry+1"],"relics":["Burning Blood","Tiny Chest","Smiling Mask","MawBank","Kunai","Whetstone","Happy Flower","Philosopher\u0027s Stone","Paper Frog","Meat on the Bone","Juzu Bracelet","Self Forming Clay","Orichalcum","Orrery","Nunchaku","Anchor","Bag of Marbles","Regal Pillow","Centennial Puzzle"],"potions_floor_usage":[8,16,22,23,33,33,41,55,55,55],"damage_taken":[{"damage":10,"enemies":"Jaw Worm","floor":1,"turns":5},{"damage":1,"enemies":"2 Louse","floor":5,"turns":2},{"damage":20,"enemies":"3 Sentries","floor":6,"turns":6},{"damage":0,"enemies":"Cultist","floor":7,"turns":3},{"damage":13,"enemies":"Lagavulin","floor":8,"turns":5},{"damage":2,"enemies":"Blue Slaver","floor":10,"turns":3},{"damage":2,"enemies":"Exordium Thugs","floor":12,"turns":3},{"damage":0,"enemies":"3 Louse","floor":14,"turns":4},{"damage":16,"enemies":"The Guardian","floor":16,"turns":11},{"damage":15,"enemies":"Spheric Guardian","floor":18,"turns":4},{"damage":12,"enemies":"Shell Parasite","floor":22,"turns":4},{"damage":20,"enemies":"Slavers","floor":23,"turns":5},{"damage":19,"enemies":"Snake Plant","floor":27,"turns":3},{"damage":14,"enemies":"Book of Stabbing","floor":28,"turns":5},{"damage":6,"enemies":"Cultist and Chosen","floor":30,"turns":6},{"damage":2,"enemies":"Centurion and Healer","floor":31,"turns":4},{"damage":37,"enemies":"Collector","floor":33,"turns":8},{"damage":6,"enemies":"Orb Walker","floor":35,"turns":2},{"damage":8,"enemies":"Giant Head","floor":41,"turns":7},{"damage":6,"enemies":"Reptomancer","floor":44,"turns":3},{"damage":0,"enemies":"3 Darklings","floor":46,"turns":2},{"damage":0,"enemies":"Jaw Worm Horde","floor":48,"turns":2},{"damage":46,"enemies":"Time Eater","floor":50,"turns":12},{"damage":6,"enemies":"Shield and Spear","floor":54,"turns":7},{"damage":46,"enemies":"The Heart","floor":55,"turns":9}],"seed_played":"1709754969409690467","potions_obtained":[{"floor":7,"key":"Swift Potion"},{"floor":8,"key":"Regen Potion"},{"floor":10,"key":"Energy Potion"},{"floor":14,"key":"AttackPotion"},{"floor":16,"key":"BloodPotion"},{"floor":28,"key":"Explosive Potion"},{"floor":33,"key":"Block Potion"},{"floor":41,"key":"SpeedPotion"},{"floor":48,"key":"Explosive Potion"}],"is_trial":false,"path_per_floor":["M","$","?","?","M","E","M","E","T","M","R","M","T","M","R","B",null,"M","T","?","?","M","E","$","R","T","M","E","?","M","M","R","B",null,"M","$","?","?","?","R","E","R","T","E","R","M","T","M","R","B",null,"R","$","E","B",null],"character_chosen":"IRONCLAD","items_purchased":["Tiny Chest","Fiend Fire","Shrug It Off","Regen Potion","Juzu Bracelet","Flash of Steel","Nunchaku","Panacea"],"campfire_rested":0,"item_purchase_floors":[2,2,24,24,24,36,36,53],"current_hp_per_floor":[68,68,56,56,61,47,53,46,46,50,50,54,54,60,60,50,72,63,63,50,50,51,37,37,37,37,36,40,40,52,56,56,59,77,77,77,67,67,57,57,55,55,55,55,55,61,61,67,67,39,77,77,77,77,49],"gold":67,"neow_bonus":"TWO_FIFTY_GOLD","is_prod":false,"is_daily":false,"chose_seed":false,"campfire_upgraded":8,"win_rate":0,"timestamp":1552077263,"path_taken":["M","$","?","?","M","E","?","E","T","M","R","M","?","M","R","BOSS","M","?","?","?","M","E","$","R","T","M","E","?","M","M","R","BOSS","M","$","?","?","?","R","E","R","T","E","R","M","?","M","R","BOSS","R","$","E","BOSS"],"build_version":"2019-02-06","purchased_purges":4,"victory":true,"max_hp_per_floor":[72,72,72,72,72,72,72,72,72,72,72,72,72,72,72,72,72,72,72,77,77,77,77,77,77,77,77,77,77,77,77,77,77,77,77,77,77,77,77,77,77,77,77,77,77,77,77,77,77,77,77,77,77,77,77],"card_choices":[{"not_picked":["True Grit","Flex"],"picked":"Anger","floor":1},{"not_picked":["Sword Boomerang","Anger"],"picked":"Combust","floor":5},{"not_picked":["Clash","Rage"],"picked":"Headbutt","floor":6},{"not_picked":["Flex","Clothesline"],"picked":"Shrug It Off","floor":7},{"not_picked":["Pommel Strike","Dark Embrace"],"picked":"Inflame","floor":8},{"not_picked":["Anger","Infernal Blade","Combust"],"picked":"SKIP","floor":10},{"not_picked":["Intimidate","Body Slam"],"picked":"True Grit","floor":12},{"not_picked":["Flex","Sword Boomerang"],"picked":"Iron Wave","floor":14},{"not_picked":["Demon Form","Brutality"],"picked":"Double Tap","floor":16},{"not_picked":["Shrug It Off","Havoc+1"],"picked":"Iron Wave+1","floor":18},{"not_picked":["Evolve","Heavy Blade","Perfected Strike+1"],"picked":"SKIP","floor":22},{"not_picked":["Iron Wave","Anger","Rage"],"picked":"SKIP","floor":23},{"not_picked":["Carnage","Fiend Fire"],"picked":"Iron Wave","floor":27},{"not_picked":["Headbutt+1","Heavy Blade","Clothesline"],"picked":"SKIP","floor":28},{"not_picked":["Flex+1","Sword Boomerang"],"picked":"Dropkick","floor":30},{"not_picked":["Flex","Second Wind+1"],"picked":"Whirlwind","floor":31},{"not_picked":["Brutality","Immolate"],"picked":"Offering","floor":33},{"not_picked":["Iron Wave","Power Through"],"picked":"Dropkick","floor":34},{"not_picked":["Sever Soul","Pummel"],"picked":"Shockwave","floor":34},{"not_picked":["Perfected Strike","Cleave"],"picked":"Dropkick+1","floor":34},{"not_picked":["Seeing Red","Iron Wave"],"picked":"Headbutt","floor":34},{"not_picked":["Armaments+1","Flex","Perfected Strike"],"picked":"SKIP","floor":35},{"not_picked":["Dark Shackles","Transmutation"],"picked":"Flash of Steel","floor":37},{"not_picked":["PanicButton","Transmutation"],"picked":"Flash of Steel","floor":37},{"not_picked":["Second Wind","Rage"],"picked":"Shrug It Off","floor":41},{"not_picked":["Ghostly Armor+1","Reckless Charge","Bludgeon"],"picked":"SKIP","floor":44},{"not_picked":["Twin Strike+1","Spot Weakness"],"picked":"Rage+1","floor":46},{"not_picked":["Corruption+1","Iron Wave","Thunderclap"],"picked":"SKIP","floor":48},{"not_picked":["Seeing Red+1","Twin Strike+1"],"picked":"Warcry+1","floor":54}],"player_experience":1059028,"relics_obtained":[{"floor":6,"key":"MawBank"},{"floor":8,"key":"Kunai"},{"floor":9,"key":"Whetstone"},{"floor":13,"key":"Happy Flower"},{"floor":19,"key":"Paper Frog"},{"floor":23,"key":"Meat on the Bone"},{"floor":26,"key":"Self Forming Clay"},{"floor":28,"key":"Orichalcum"},{"floor":41,"key":"Anchor"},{"floor":44,"key":"Bag of Marbles"},{"floor":47,"key":"Regal Pillow"},{"floor":54,"key":"Centennial Puzzle"}],"event_choices":[{"damage_healed":0,"gold_gain":0,"player_choice":"Success","damage_taken":12,"relics_obtained":["Smiling Mask"],"max_hp_gain":0,"max_hp_loss":0,"event_name":"Scrap Ooze","floor":3,"gold_loss":0},{"damage_healed":0,"gold_gain":0,"player_choice":"Upgraded","damage_taken":0,"max_hp_gain":0,"max_hp_loss":0,"event_name":"Upgrade Shrine","floor":4,"gold_loss":0,"cards_upgraded":["Bash"]},{"damage_healed":0,"gold_gain":0,"player_choice":"Shed Blood","damage_taken":18,"max_hp_gain":5,"max_hp_loss":0,"event_name":"Forgotten Altar","floor":20,"gold_loss":0},{"damage_healed":0,"gold_gain":0,"player_choice":"Forge","damage_taken":0,"max_hp_gain":0,"max_hp_loss":0,"event_name":"Accursed Blacksmith","floor":21,"gold_loss":0,"cards_upgraded":["Double Tap"]},{"cards_removed":["Strike_R"],"damage_healed":0,"gold_gain":0,"player_choice":"Purged","damage_taken":0,"max_hp_gain":0,"max_hp_loss":0,"event_name":"Purifier","floor":29,"gold_loss":0},{"damage_healed":0,"gold_gain":0,"player_choice":"Memory 3","damage_taken":10,"max_hp_gain":0,"max_hp_loss":0,"event_name":"SensoryStone","floor":37,"gold_loss":0},{"cards_removed":["Combust"],"damage_healed":0,"gold_gain":0,"player_choice":"Removed Power","damage_taken":0,"max_hp_gain":0,"max_hp_loss":0,"event_name":"Falling","floor":38,"gold_loss":0},{"damage_healed":0,"gold_gain":0,"player_choice":"Embrace Madness","damage_taken":10,"max_hp_gain":0,"max_hp_loss":0,"event_name":"Winding Halls","floor":39,"gold_loss":0,"cards_obtained":["Madness","Madness"]}],"is_beta":true,"boss_relics":[{"not_picked":["Black Blood","Astrolabe"],"picked":"Philosopher\u0027s Stone"},{"not_picked":["White Beast Statue","Fusion Hammer"],"picked":"Orrery"}],"items_purged_floors":[2,24,36,53],"is_endless":false,"potions_floor_spawned":[7,8,10,14,16,18,28,30,33,41,48,54],"ascension_level":0}