{"gold_per_floor":[117,136,146,30,30,61,75,108,154,154,172,205,205,56,56,157,157,171,171,71,71,86,86,103,129,129,129,144,171,270,281,281,383,383,395,1394,484,198,209,209,241,241,241,241,274,292,292,312,312,312,312,312,39,72,72],"floor_reached":56,"playtime":3751,"items_purged":["Strike_G","Strike_G","Normality","Strike_G"],"score":1657,"play_id":"15f44f4a-9814-49de-96c1-25a2749bb78d","local_time":"20190428125136","is_ascension_mode":true,"campfire_choices":[{"data":"Noxious Fumes","floor":10,"key":"SMITH"},{"data":"Footwork","floor":13,"key":"SMITH"},{"data":"Poisoned Stab","floor":15,"key":"SMITH"},{"floor":23,"key":"REST"},{"data":"Malaise","floor":27,"key":"SMITH"},{"data":"Well Laid Plans","floor":32,"key":"SMITH"},{"data":"Footwork","floor":40,"key":"SMITH"},{"data":"Calculated Gamble","floor":42,"key":"SMITH"},{"floor":44,"key":"RECALL"},{"data":"Strike_G","floor":49,"key":"PURGE"},{"floor":52,"key":"REST"}],"neow_cost":"NONE","seed_source_timestamp":3167505617813,"circlet_count":0,"master_deck":["Defend_G","Defend_G","Defend_G","Defend_G","Defend_G","Survivor","Neutralize+1","Poisoned Stab+1","Leg Sweep","Calculated Gamble+1","Footwork+1","Bane","Neutralize","Heel Hook","Well Laid Plans+1","Noxious Fumes+1","Escape Plan","Adrenaline","Malaise+1","Poisoned Stab+1","Calculated Gamble","Choke+1","Deflect","Riddle With Holes","Deflect+1","Envenom","Footwork+1","PiercingWail","Dark Shackles","Riddle With Holes+1","After Image"],"relics":["Ring of the Serpent","Omamori","Gremlin Horn","Snake Skull","Ancient Tea Set","Necronomicon","The Courier","Lantern","Strawberry","Sozu","Torii","Bronze Scales","Anchor","Frozen Eye","Art of War","Medical Kit","Bottled Lightning","Peace Pipe","TwistedFunnel","Pen Nib"],"potions_floor_usage":[6,6,16,18,22,29,33,45,55],"damage_taken":[{"damage":3,"enemies":"Small Slimes","floor":1,"turns":5},{"damage":0,"enemies":"Cultist","floor":2,"turns":3},{"damage":0,"enemies":"Jaw Worm","floor":3,"turns":4},{"damage":12,"enemies":"Lagavulin","floor":6,"turns":5},{"damage":0,"enemies":"2 Fungi Beasts","floor":7,"turns":4},{"damage":11,"enemies":"Gremlin Nob","floor":8,"turns":5},{"damage":5,"enemies":"Exordium Thugs","floor":11,"turns":4},{"damage":10,"enemies":"3 Sentries","floor":12,"turns":7},{"damage":0,"enemies":"Slime Boss","floor":16,"turns":5},{"damage":2,"enemies":"Shell Parasite","floor":18,"turns":5},{"damage":2,"enemies":"2 Thieves","floor":22,"turns":4},{"damage":5,"enemies":"Shelled Parasite and Fungi","floor":24,"turns":5},{"damage":10,"enemies":"Gremlin Leader","floor":25,"turns":4},{"damage":0,"enemies":"Snake Plant","floor":28,"turns":1},{"damage":15,"enemies":"Slavers","floor":29,"turns":5},{"damage":0,"enemies":"3 Cultists","floor":31,"turns":4},{"damage":3,"enemies":"Automaton","floor":33,"turns":9},{"damage":4,"enemies":"3 Darklings","floor":35,"turns":4},{"damage":0,"enemies":"3 Shapes","floor":39,"turns":3},{"damage":0,"enemies":"Nemesis","floor":41,"turns":7},{"damage":0,"enemies":"Reptomancer","floor":45,"turns":4},{"damage":0,"enemies":"Maw","floor":46,"turns":6},{"damage":18,"enemies":"Spire Growth","floor":48,"turns":3},{"damage":25,"enemies":"Awakened One","floor":50,"turns":9},{"damage":1,"enemies":"Shield and Spear","floor":54,"turns":6},{"damage":62,"enemies":"The Heart","floor":55,"turns":7}],"seed_played":"-4685031444733521144","potions_obtained":[{"floor":1,"key":"Explosive Potion"},{"floor":2,"key":"SkillPotion"},{"floor":6,"key":"PowerPotion"},{"floor":11,"key":"Energy Potion"},{"floor":16,"key":"SteroidPotion"},{"floor":22,"key":"GamblersBrew"},{"floor":24,"key":"GhostInAJar"},{"floor":25,"key":"Fire Potion"},{"floor":29,"key":"Dexterity Potion"}],"is_trial":false,"path_per_floor":["M","M","M","$","?","E","M","E","T","R","M","E","R","$","R","B",null,"M","?","$","?","M","R","M","E","T","R","M","E","?","M","R","B",null,"M","?","$","$","M","R","E","R","T","R","E","M","?","M","R","B",null,"R","$","E","B",null],"character_chosen":"THE_SILENT","items_purchased":["Footwork","Bane","EssenceOfSteel","Torii","Bronze Scales","Anchor","Frozen Eye","Art of War","Footwork","Medical Kit","After Image","TwistedFunnel"],"campfire_rested":2,"item_purchase_floors":[4,4,14,37,37,37,37,37,37,38,53,53],"current_hp_per_floor":[60,60,60,60,60,48,48,37,37,37,32,22,22,22,22,22,58,56,40,40,40,38,59,54,44,44,44,44,36,36,36,36,33,66,62,62,62,62,62,62,62,62,62,62,62,62,62,44,44,19,63,77,77,76,14],"gold":72,"neow_bonus":"UPGRADE_CARD","is_prod":false,"is_daily":false,"chose_seed":false,"campfire_upgraded":7,"win_rate":0,"timestamp":1556452296,"path_taken":["M","M","M","$","?","E","M","E","T","R","?","E","R","$","R","BOSS","M","?","$","?","?","R","M","E","T","R","M","E","?","M","R","BOSS","M","?","?","$","?","R","E","R","T","R","E","M","?","M","R","BOSS","R","$","E","BOSS"],"build_version":"2019-04-23","purchased_purges":4,"victory":true,"max_hp_per_floor":[70,70,70,70,70,70,70,70,70,70,70,70,70,70,70,70,70,70,70,70,70,70,70,70,70,70,70,70,77,77,77,77,77,77,77,77,77,77,77,77,77,77,77,77,77,77,77,77,77,77,77,77,77,77,77],"card_choices":[{"not_picked":["Reflex","Deflect"],"picked":"Poisoned Stab","floor":1},{"not_picked":["Infinite Blades","Acrobatics"],"picked":"Leg Sweep","floor":2},{"not_picked":["Blade Dance","Eviscerate"],"picked":"Calculated Gamble","floor":3},{"not_picked":["Footwork","Bane"],"picked":"Heel Hook","floor":6},{"not_picked":["Bane","Dagger Spray"],"picked":"Well Laid Plans","floor":7},{"not_picked":["Dodge and Roll","Deadly Poison"],"picked":"Noxious Fumes","floor":8},{"not_picked":["Infinite Blades","Flechettes"],"picked":"Escape Plan","floor":11},{"not_picked":["Sucker Punch","Eviscerate"],"picked":"Adrenaline","floor":12},{"not_picked":["Corpse Explosion","Doppelganger"],"picked":"Malaise","floor":16},{"not_picked":["Dagger Throw","Deadly Poison"],"picked":"Poisoned Stab+1","floor":18},{"not_picked":["Setup+1","Blade Dance+1"],"picked":"Choke+1","floor":22},{"not_picked":["Poisoned Stab","Dagger Throw"],"picked":"Deflect","floor":24},{"not_picked":["Deflect","Masterful Stab","Storm of Steel"],"picked":"SKIP","floor":25},{"not_picked":["Flying Knee","Deflect","Prepared"],"picked":"SKIP","floor":28},{"not_picked":["Distraction","Slice"],"picked":"Riddle With Holes","floor":29},{"not_picked":["Riddle With Holes","Dagger Spray"],"picked":"Deflect+1","floor":31},{"not_picked":["A Thousand Cuts","Wraith Form v2"],"picked":"Envenom","floor":33},{"not_picked":["Accuracy","Infinite Blades","Deflect+1"],"picked":"SKIP","floor":35},{"not_picked":["Bane","Underhanded Strike"],"picked":"PiercingWail","floor":39},{"not_picked":["Flechettes","Accuracy+1","Concentrate"],"picked":"SKIP","floor":41},{"not_picked":["Doppelganger","Calculated Gamble+1","Eviscerate+1"],"picked":"SKIP","floor":45},{"not_picked":["Predator+1","Quick Slash","Tactician"],"picked":"SKIP","floor":46},{"not_picked":["Good Instincts","Blind"],"picked":"Dark Shackles","floor":47},{"not_picked":["Dash","Quick Slash+1"],"picked":"Riddle With Holes+1","floor":48},{"not_picked":["Terror+1","Underhanded Strike+1","Riddle With Holes+1"],"picked":"SKIP","floor":54}],"player_experience":63122,"relics_obtained":[{"floor":6,"key":"Omamori"},{"floor":8,"key":"Gremlin Horn"},{"floor":9,"key":"Snake Skull"},{"floor":12,"key":"Ancient Tea Set"},{"floor":19,"key":"Necronomicon"},{"floor":25,"key":"The Courier"},{"floor":26,"key":"Lantern"},{"floor":29,"key":"Strawberry"},{"floor":41,"key":"Bottled Lightning"},{"floor":45,"key":"Peace Pipe"},{"floor":54,"key":"Pen Nib"}],"event_choices":[{"damage_healed":0,"gold_gain":0,"player_choice":"1 cards matched","damage_taken":0,"max_hp_gain":0,"max_hp_loss":0,"event_name":"Match and Keep!","floor":5,"gold_loss":0,"cards_obtained":["Neutralize"]},{"damage_healed":0,"gold_gain":0,"player_choice":"Obtained Book","damage_taken":16,"max_hp_gain":0,"max_hp_loss":0,"event_name":"Cursed Tome","floor":19,"gold_loss":0},{"damage_healed":0,"gold_gain":0,"cards_transformed":["Strike_G"],"player_choice":"Transformed","damage_taken":0,"max_hp_gain":0,"max_hp_loss":0,"event_name":"Transmorgrifier","floor":21,"gold_loss":0,"cards_obtained":["Calculated Gamble"]},{"damage_healed":0,"gold_gain":99,"player_choice":"Stole From Cult","damage_taken":0,"max_hp_gain":0,"max_hp_loss":0,"event_name":"Nest","floor":30,"gold_loss":0},{"damage_healed":0,"gold_gain":999,"player_choice":"Gold","damage_taken":0,"max_hp_gain":0,"max_hp_loss":0,"event_name":"MindBloom","floor":36,"gold_loss":0,"cards_obtained":["Normality","Normality"]},{"damage_healed":0,"gold_gain":0,"player_choice":"Memory 1","damage_taken":0,"max_hp_gain":0,"max_hp_loss":0,"event_name":"SensoryStone","floor":47,"gold_loss":0}],"is_beta":true,"boss_relics":[{"not_picked":["HoveringKite","WristBlade"],"picked":"Ring of the Serpent"},{"not_picked":["White Beast Statue","Busted Crown"],"picked":"Sozu"}],"items_purged_floors":[14,20,37,38],"is_endless":false,"potions_floor_spawned":[1,2,6,11,16,22,24,25,29,39,45],"ascension_level":6}