{"gold_per_floor":[116,45,45,62,14,14,48,48,48,59,59,59],"floor_reached":12,"playtime":301,"items_purged":[],"score":129,"play_id":"2b21de69-16be-4713-b903-1dff01ccf206","local_time":"20190411142435","is_ascension_mode":true,"campfire_choices":[{"data":"Echo Form","floor":6,"key":"SMITH"},{"data":"Defragment","floor":8,"key":"SMITH"}],"neow_cost":"TEN_PERCENT_HP_LOSS","seed_source_timestamp":2282462705451,"circlet_count":0,"master_deck":["AscendersBane","Strike_B","Strike_B","Strike_B","Strike_B","Defend_B","Defend_B","Defend_B","Defend_B","Zap","Dualcast","Echo Form+1","Steam Power","Defragment+1","Gash+1","Hologram"],"relics":["Cracked Core","Unceasing Top","Ornamental Fan"],"potions_floor_usage":[12],"damage_taken":[{"damage":14,"enemies":"Jaw Worm","floor":1,"turns":3},{"damage":5,"enemies":"Cultist","floor":4,"turns":4},{"damage":15,"enemies":"Lagavulin","floor":7,"turns":7},{"damage":14,"enemies":"Small Slimes","floor":10,"turns":4},{"damage":25,"enemies":"3 Sentries","floor":12,"turns":4}],"seed_played":"2087988647440453993","potions_obtained":[{"floor":1,"key":"PowerPotion"},{"floor":3,"key":"LiquidBronze"}],"is_trial":false,"path_per_floor":["M","$","?","M","$","R","E","R","T","M","?","E"],"character_chosen":"DEFECT","items_purchased":["Defragment","Hologram"],"campfire_rested":0,"item_purchase_floors":[2,5],"current_hp_per_floor":[50,50,50,45,45,45,30,30,30,16,16,0],"gold":59,"neow_bonus":"THREE_RARE_CARDS","is_prod":false,"is_daily":false,"chose_seed":false,"campfire_upgraded":2,"win_rate":0,"timestamp":1555003475,"path_taken":["M","$","?","?","$","R","E","R","T","M","?","E"],"build_version":"2019-01-23","purchased_purges":0,"victory":false,"max_hp_per_floor":[64,64,64,64,64,64,64,64,64,64,64,64],"card_choices":[{"not_picked":["Meteor Strike","Multi-Cast"],"picked":"Echo Form","floor":0},{"not_picked":["Reinforced Body","Rebound"],"picked":"Steam Power","floor":1},{"not_picked":["Sunder","Melter"],"picked":"Gash","floor":4},{"not_picked":["Barrage","Go for the Eyes","Stack"],"picked":"SKIP","floor":7},{"not_picked":["Streamline","Aggregate","Redo"],"picked":"SKIP","floor":10}],"player_experience":1076330,"relics_obtained":[{"floor":7,"key":"Unceasing Top"},{"floor":9,"key":"Ornamental Fan"}],"event_choices":[{"damage_healed":0,"gold_gain":0,"player_choice":"Got Potions","damage_taken":0,"max_hp_gain":0,"max_hp_loss":0,"event_name":"Lab","floor":3,"gold_loss":0},{"damage_healed":0,"gold_gain":0,"player_choice":"Upgraded","damage_taken":0,"max_hp_gain":0,"max_hp_loss":0,"event_name":"Upgrade Shrine","floor":11,"gold_loss":0,"cards_upgraded":["Gash"]}],"is_beta":false,"boss_relics":[],"items_purged_floors":[],"is_endless":false,"potions_floor_spawned":[1],"killed_by":"3 Sentries","ascension_level":14}