{"gold_per_floor":[111,111,111,136,159,159,192,217,217,252,216,66,66,86,86,86],"floor_reached":16,"playtime":394,"items_purged":[],"score":167,"play_id":"15bfff14-44aa-40ae-bec3-31deb14d5fd3","local_time":"20190412011045","is_ascension_mode":true,"campfire_choices":[{"data":"Armaments","floor":6,"key":"SMITH"},{"data":"Inflame","floor":13,"key":"SMITH"},{"floor":15,"key":"REST"}],"neow_cost":"NONE","seed_source_timestamp":40959258123381,"circlet_count":0,"master_deck":["AscendersBane","Strike_R","Strike_R","Strike_R","Strike_R","Strike_R","Defend_R","Defend_R","Defend_R","Defend_R","Bash+1","Iron Wave+1","Perfected Strike","Armaments+1","Perfected Strike","Inflame+1","Intimidate"],"relics":["Burning Blood","Golden Idol","Odd Mushroom","PreservedInsect","Gremlin Horn","Bag of Marbles","Vajra"],"potions_floor_usage":[10],"damage_taken":[{"damage":12,"enemies":"Jaw Worm","floor":1,"turns":3},{"damage":0,"enemies":"Cultist","floor":4,"turns":3},{"damage":2,"enemies":"2 Louse","floor":5,"turns":2},{"damage":27,"enemies":"The Mushroom Lair","floor":7,"turns":4},{"damage":21,"enemies":"Gremlin Nob","floor":10,"turns":4},{"damage":13,"enemies":"Blue Slaver","floor":14,"turns":2},{"damage":46,"enemies":"Slime Boss","floor":16,"turns":7}],"seed_played":"5998645737727225582","potions_obtained":[{"floor":7,"key":"Energy Potion"},{"floor":14,"key":"LiquidBronze"}],"is_trial":false,"path_per_floor":["M","?","?","M","M","R","?","T","T","E","$","$","R","M","R","B"],"character_chosen":"IRONCLAD","items_purchased":["Inflame","Vajra"],"campfire_rested":1,"item_purchase_floors":[11,12],"current_hp_per_floor":[62,62,62,68,69,69,48,48,48,33,33,33,33,26,46,0],"gold":86,"neow_bonus":"UPGRADE_CARD","is_prod":false,"is_daily":false,"chose_seed":false,"campfire_upgraded":2,"win_rate":0,"timestamp":1555042245,"path_taken":["M","?","?","M","?","R","?","?","T","E","?","$","R","M","R","BOSS"],"build_version":"2019-01-23","purchased_purges":0,"victory":false,"max_hp_per_floor":[75,69,69,69,69,69,69,69,69,69,69,69,69,69,69,69],"card_choices":[{"not_picked":["Thunderclap","Entrench"],"picked":"Iron Wave","floor":1},{"not_picked":["Entrench","Infernal Blade"],"picked":"Perfected Strike","floor":4},{"not_picked":["Heavy Blade","Pommel Strike"],"picked":"Armaments","floor":5},{"not_picked":["Limit Break","Cleave"],"picked":"Perfected Strike","floor":10},{"not_picked":["Infernal Blade","Hemokinesis"],"picked":"Intimidate","floor":14}],"player_experience":1081415,"relics_obtained":[{"floor":7,"key":"Odd Mushroom"},{"floor":8,"key":"PreservedInsect"},{"floor":9,"key":"Gremlin Horn"},{"floor":10,"key":"Bag of Marbles"}],"event_choices":[{"damage_healed":0,"gold_gain":0,"player_choice":"Lose Max HP","damage_taken":0,"relics_obtained":["Golden Idol"],"max_hp_gain":0,"max_hp_loss":6,"event_name":"Golden Idol","floor":2,"gold_loss":0},{"damage_healed":0,"gold_gain":0,"player_choice":"Upgraded","damage_taken":0,"max_hp_gain":0,"max_hp_loss":0,"event_name":"Upgrade Shrine","floor":3,"gold_loss":0,"cards_upgraded":["Iron Wave"]},{"damage_healed":0,"gold_gain":0,"player_choice":"Fought Mushrooms","damage_taken":0,"max_hp_gain":0,"max_hp_loss":0,"event_name":"Mushrooms","floor":7,"gold_loss":0}],"is_beta":false,"boss_relics":[],"items_purged_floors":[],"is_endless":false,"potions_floor_spawned":[7,14],"killed_by":"Slime Boss","ascension_level":14}