{"gold_per_floor":[119,138,138,156,156,186,198,236,271,283,295,335,361,387,399,515,527,552,578,600,623,653,665,703,7,7,35,35,69,69,87,87,185,185,196,196,212,35,35,35,45,73,144,144,173,192,192,227,227,227,227,227,42,75,75],"floor_reached":56,"playtime":3773,"items_purged":[],"score":1552,"play_id":"082b6434-7860-4891-8bb7-11fb5b72398d","local_time":"20190318024612","is_ascension_mode":true,"campfire_choices":[{"data":"Bash","floor":7,"key":"SMITH"},{"data":"Shockwave","floor":15,"key":"SMITH"},{"data":"Armaments","floor":23,"key":"SMITH"},{"data":"Spot Weakness","floor":28,"key":"SMITH"},{"data":"Whirlwind","floor":30,"key":"SMITH"},{"data":"Feel No Pain","floor":32,"key":"SMITH"},{"floor":40,"key":"RECALL"},{"data":"Limit Break","floor":44,"key":"SMITH"},{"data":"Inflame","floor":49,"key":"SMITH"},{"data":"Disarm","floor":52,"key":"SMITH"}],"neow_cost":"NONE","seed_source_timestamp":543949501466864,"circlet_count":0,"master_deck":["Strike_R","Strike_R+1","Defend_R","Defend_R+1","Defend_R","Defend_R","Bash+1","Cleave","Twin Strike","Hemokinesis","Power Through","Spot Weakness+1","Shockwave+1","Armaments+1","Whirlwind+1","Feed","Power Through","Thunderclap","Blood for Blood","Carnage+1","Ghostly Armor","Warcry","Clothesline","Feel No Pain+1","Disarm+1","Limit Break+1","Sentinel","Madness","Madness","Pummel","Inflame+1","Havoc","Warcry","Iron Wave+1","Headbutt+1","Rage","Metallicize+1","Anger"],"relics":["Burning Blood","NeowsBlessing","FaceOfCleric","MawBank","Bag of Preparation","Art of War","Peace Pipe","Busted Crown","Boot","Medical Kit","Dead Branch","Anchor","Red Mask","Kunai","Runic Pyramid","Frozen Egg 2","Ancient Tea Set","Torii","Vajra","FossilizedHelix"],"potions_floor_usage":[6,8,16,21,24,24,54,55,55,55],"damage_taken":[{"damage":0,"enemies":"2 Louse","floor":1,"turns":1},{"damage":0,"enemies":"Cultist","floor":2,"turns":1},{"damage":0,"enemies":"Small Slimes","floor":4,"turns":1},{"damage":31,"enemies":"Lagavulin","floor":6,"turns":8},{"damage":23,"enemies":"Gremlin Nob","floor":8,"turns":4},{"damage":13,"enemies":"3 Sentries","floor":12,"turns":6},{"damage":3,"enemies":"2 Fungi Beasts","floor":13,"turns":3},{"damage":0,"enemies":"Looter","floor":14,"turns":3},{"damage":12,"enemies":"The Guardian","floor":16,"turns":8},{"damage":11,"enemies":"2 Thieves","floor":18,"turns":5},{"damage":8,"enemies":"Shell Parasite","floor":19,"turns":6},{"damage":10,"enemies":"Snake Plant","floor":20,"turns":3},{"damage":22,"enemies":"Shelled Parasite and Fungi","floor":21,"turns":7},{"damage":7,"enemies":"3 Cultists","floor":22,"turns":6},{"damage":16,"enemies":"Book of Stabbing","floor":24,"turns":4},{"damage":1,"enemies":"Masked Bandits","floor":27,"turns":4},{"damage":0,"enemies":"Gremlin Leader","floor":29,"turns":3},{"damage":11,"enemies":"Snecko","floor":31,"turns":3},{"damage":23,"enemies":"Automaton","floor":33,"turns":9},{"damage":3,"enemies":"3 Shapes","floor":35,"turns":4},{"damage":6,"enemies":"3 Darklings","floor":37,"turns":4},{"damage":2,"enemies":"Maw","floor":41,"turns":7},{"damage":8,"enemies":"Giant Head","floor":42,"turns":6},{"damage":3,"enemies":"Nemesis","floor":45,"turns":7},{"damage":5,"enemies":"Sphere and 2 Shapes","floor":46,"turns":7},{"damage":7,"enemies":"Reptomancer","floor":48,"turns":4},{"damage":12,"enemies":"Awakened One","floor":50,"turns":13},{"damage":54,"enemies":"Shield and Spear","floor":54,"turns":10},{"damage":4,"enemies":"The Heart","floor":55,"turns":5}],"seed_played":"-7601467814634240000","potions_obtained":[{"floor":1,"key":"Dexterity Potion"},{"floor":6,"key":"EssenceOfSteel"},{"floor":8,"key":"PowerPotion"},{"floor":12,"key":"PowerPotion"},{"floor":18,"key":"Explosive Potion"},{"floor":19,"key":"BloodPotion"},{"floor":24,"key":"Fire Potion"},{"floor":31,"key":"BloodPotion"},{"floor":33,"key":"AttackPotion"},{"floor":45,"key":"Ancient Potion"},{"floor":46,"key":"SkillPotion"},{"floor":48,"key":"Weak Potion"},{"floor":54,"key":"FearPotion"}],"is_trial":false,"path_per_floor":["M","M","?","M","?","E","R","E","T","?","?","E","M","M","R","B",null,"M","M","M","M","M","R","E","$","T","?","R","E","R","M","R","B",null,"M","?","M","$","?","R","M","E","T","R","E","M","?","E","R","B",null,"R","$","E","B",null],"character_chosen":"IRONCLAD","items_purchased":["Medical Kit","Dead Branch","BloodPotion","Ghostly Armor","Warcry","Inflame","Havoc","Warcry","Metallicize+1","Vajra"],"campfire_rested":0,"item_purchase_floors":[25,25,25,25,25,38,38,38,53,53],"current_hp_per_floor":[80,80,80,81,65,41,41,25,25,25,25,19,23,30,30,25,87,83,82,83,77,80,80,71,71,71,80,80,90,90,86,86,73,113,117,102,106,106,106,106,115,117,117,117,125,131,131,134,134,133,149,149,149,120,123],"gold":75,"neow_bonus":"THREE_ENEMY_KILL","is_prod":false,"is_daily":false,"chose_seed":false,"campfire_upgraded":9,"win_rate":0,"timestamp":1552891572,"path_taken":["M","M","?","?","?","E","R","E","T","?","?","E","M","M","R","BOSS","M","?","?","?","M","R","E","$","T","?","R","E","R","M","R","BOSS","M","?","M","$","?","R","M","E","T","R","E","?","?","E","R","BOSS","R","$","E","BOSS"],"build_version":"2019-03-15","purchased_purges":0,"victory":true,"max_hp_per_floor":[80,80,80,81,81,82,82,83,83,83,83,84,85,86,86,87,87,88,89,94,95,99,99,100,100,100,104,104,108,108,109,109,113,113,117,117,121,121,121,121,126,130,130,130,135,140,140,144,144,149,149,149,149,153,154],"card_choices":[{"not_picked":["Flex","Warcry"],"picked":"Cleave","floor":1},{"not_picked":["Fire Breathing","Body Slam"],"picked":"Twin Strike","floor":2},{"not_picked":["Pommel Strike","Blood for Blood"],"picked":"Hemokinesis","floor":4},{"not_picked":["Sever Soul","Burning Pact"],"picked":"Power Through","floor":6},{"not_picked":["Shrug It Off","True Grit"],"picked":"Spot Weakness","floor":8},{"not_picked":["Spot Weakness","Exhume"],"picked":"Shockwave","floor":12},{"not_picked":["Cleave","Pommel Strike"],"picked":"Armaments","floor":13},{"not_picked":["True Grit","Power Through"],"picked":"Whirlwind","floor":14},{"not_picked":["Barricade","Exhume"],"picked":"Feed","floor":16},{"not_picked":[],"picked":"Power Through","floor":18},{"not_picked":[],"picked":"Thunderclap","floor":19},{"not_picked":[],"picked":"Blood for Blood","floor":20},{"not_picked":[],"picked":"Carnage+1","floor":21},{"not_picked":["Thunderclap+1"],"picked":"SKIP","floor":22},{"not_picked":["Wild Strike+1"],"picked":"SKIP","floor":24},{"not_picked":[],"picked":"Clothesline","floor":27},{"not_picked":[],"picked":"Feel No Pain","floor":29},{"not_picked":[],"picked":"Disarm","floor":31},{"not_picked":[],"picked":"Limit Break","floor":33},{"not_picked":[],"picked":"Sentinel","floor":35},{"not_picked":[],"picked":"Pummel","floor":37},{"not_picked":["Cleave+1"],"picked":"SKIP","floor":41},{"not_picked":["Pommel Strike"],"picked":"SKIP","floor":42},{"not_picked":[],"picked":"Iron Wave+1","floor":45},{"not_picked":[],"picked":"Headbutt+1","floor":46},{"not_picked":[],"picked":"Rage","floor":48},{"not_picked":[],"picked":"Anger","floor":54}],"player_experience":4932012,"relics_obtained":[{"floor":6,"key":"MawBank"},{"floor":8,"key":"Bag of Preparation"},{"floor":9,"key":"Art of War"},{"floor":12,"key":"Peace Pipe"},{"floor":24,"key":"Boot"},{"floor":26,"key":"Anchor"},{"floor":27,"key":"Red Mask"},{"floor":29,"key":"Kunai"},{"floor":42,"key":"Frozen Egg 2"},{"floor":45,"key":"Ancient Tea Set"},{"floor":48,"key":"Torii"},{"floor":54,"key":"FossilizedHelix"}],"event_choices":[{"damage_healed":0,"gold_gain":0,"player_choice":"Trade","damage_taken":0,"relics_obtained":["FaceOfCleric"],"max_hp_gain":0,"max_hp_loss":0,"event_name":"FaceTrader","floor":3,"gold_loss":0},{"damage_healed":0,"gold_gain":0,"player_choice":"Entered Light","damage_taken":16,"max_hp_gain":0,"max_hp_loss":0,"event_name":"Shining Light","floor":5,"gold_loss":0,"cards_upgraded":["Strike_R","Defend_R"]},{"damage_healed":0,"gold_gain":0,"player_choice":"Searched \u00270\u0027 times","damage_taken":0,"max_hp_gain":0,"max_hp_loss":0,"event_name":"Dead Adventurer","floor":10,"gold_loss":0},{"cards_removed":["Strike_R"],"damage_healed":0,"gold_gain":0,"player_choice":"Purged","damage_taken":0,"max_hp_gain":0,"max_hp_loss":0,"event_name":"Purifier","floor":11,"gold_loss":0},{"damage_healed":0,"gold_gain":0,"player_choice":"Fought Bandits","damage_taken":0,"max_hp_gain":0,"max_hp_loss":0,"event_name":"Masked Bandits","floor":27,"gold_loss":0},{"damage_healed":0,"gold_gain":0,"player_choice":"Embrace Madness","damage_taken":15,"max_hp_gain":0,"max_hp_loss":0,"event_name":"Winding Halls","floor":36,"gold_loss":0,"cards_obtained":["Madness","Madness"]},{"cards_removed":["Strike_R"],"damage_healed":0,"gold_gain":0,"player_choice":"Purged","damage_taken":0,"max_hp_gain":0,"max_hp_loss":0,"event_name":"Purifier","floor":39,"gold_loss":0},{"cards_removed":["Strike_R"],"damage_healed":0,"gold_gain":0,"player_choice":"Removed Attack","damage_taken":0,"max_hp_gain":0,"max_hp_loss":0,"event_name":"Falling","floor":47,"gold_loss":0}],"is_beta":true,"boss_relics":[{"not_picked":["White Beast Statue","Snecko Eye"],"picked":"Busted Crown"},{"not_picked":["Tiny House","Calling Bell"],"picked":"Runic Pyramid"}],"items_purged_floors":[],"is_endless":false,"potions_floor_spawned":[1,6,8,12,18,19,24,31,33,45,46,48,54],"ascension_level":1}