{"gold_per_floor":[111,128,142,142,242,242,268,268,294,305,2,2],"floor_reached":12,"playtime":260,"items_purged":[],"score":109,"play_id":"2b17bd28-5842-461c-941c-6e07442f8e33","local_time":"20190131161129","is_ascension_mode":true,"campfire_choices":[{"data":"Hologram","floor":6,"key":"SMITH"},{"floor":8,"key":"REST"}],"neow_cost":"NONE","seed_source_timestamp":142307656031179,"circlet_count":0,"master_deck":["Strike_B","Strike_B","Strike_B","Strike_B","Defend_B","Defend_B","Defend_B","Defend_B","Zap","Dualcast","White Noise+1","Tempest","Hologram+1","Thunder Strike","FTL","Self Repair","Beam Cell"],"relics":["Runic Dome","Ancient Tea Set","Regal Pillow","Toolbox"],"potions_floor_usage":[7,7],"damage_taken":[{"damage":2,"enemies":"Small Slimes","floor":1,"turns":4},{"damage":5,"enemies":"Cultist","floor":2,"turns":4},{"damage":0,"enemies":"2 Louse","floor":3,"turns":2},{"damage":59,"enemies":"Gremlin Nob","floor":7,"turns":5},{"damage":15,"enemies":"Exordium Wildlife","floor":10,"turns":4},{"damage":10,"enemies":"3 Sentries","floor":12,"turns":3}],"seed_played":"-9110854654682985061","potions_obtained":[{"floor":1,"key":"Energy Potion"},{"floor":3,"key":"SkillPotion"},{"floor":10,"key":"SmokeBomb"}],"is_trial":false,"path_per_floor":["M","M","M","?","?","R","E","R","T","M","$","E"],"character_chosen":"DEFECT","items_purchased":["Self Repair","Beam Cell","Toolbox"],"campfire_rested":1,"item_purchase_floors":[11,11,11],"current_hp_per_floor":[66,61,61,61,61,61,2,24,24,9,9,0],"gold":2,"neow_bonus":"BOSS_RELIC","is_prod":false,"is_daily":false,"chose_seed":false,"campfire_upgraded":1,"win_rate":0,"timestamp":1548961889,"path_taken":["M","M","M","?","?","R","E","R","T","?","?","E"],"build_version":"2019-01-23","purchased_purges":0,"victory":false,"max_hp_per_floor":[75,75,75,75,75,75,75,75,75,75,75,75],"card_choices":[{"not_picked":["Reinforced Body","Lockon"],"picked":"White Noise","floor":1},{"not_picked":["Go for the Eyes","Darkness"],"picked":"Tempest","floor":2},{"not_picked":["Reprogram","Cold Snap"],"picked":"Hologram","floor":3},{"not_picked":["Rebound","Cold Snap"],"picked":"Thunder Strike","floor":7},{"not_picked":["Cold Snap","Lockon"],"picked":"FTL","floor":10}],"player_experience":695945,"relics_obtained":[{"floor":7,"key":"Ancient Tea Set"},{"floor":9,"key":"Regal Pillow"}],"event_choices":[{"damage_healed":0,"gold_gain":0,"player_choice":"Grow","damage_taken":0,"max_hp_gain":0,"max_hp_loss":0,"event_name":"Living Wall","floor":4,"gold_loss":0,"cards_upgraded":["White Noise"]},{"damage_healed":0,"gold_gain":100,"player_choice":"Pray","damage_taken":0,"max_hp_gain":0,"max_hp_loss":0,"event_name":"Golden Shrine","floor":5,"gold_loss":0}],"is_beta":false,"boss_relics":[],"items_purged_floors":[],"is_endless":false,"potions_floor_spawned":[1,3,10],"killed_by":"3 Sentries","ascension_level":8}