{"gold_per_floor":[118,130,147,147,158,158,189,189,216,241,253,265,121,52,52,155,155,167,167,3,3,3,34,53,82,129,154,154,189,289,19,19,114,114,130,205,222,222,99,132,142,175,175,175,206,206,221,246,246,246,246,246,52,79,79],"floor_reached":56,"playtime":3443,"items_purged":[],"score":1809,"play_id":"426dcc01-aa40-4834-b69e-624cce35767a","local_time":"20190221112805","is_ascension_mode":true,"campfire_choices":[{"data":"Perfected Strike","floor":6,"key":"SMITH"},{"data":"Perfected Strike","floor":8,"key":"SMITH"},{"data":"Corruption","floor":15,"key":"SMITH"},{"data":"Perfected Strike","floor":28,"key":"SMITH"},{"data":"Shockwave","floor":32,"key":"SMITH"},{"floor":49,"key":"RECALL"},{"data":"Perfected Strike","floor":52,"key":"SMITH"}],"neow_cost":"NONE","seed_source_timestamp":5786099447611116,"circlet_count":0,"master_deck":["Strike_R","Strike_R","Strike_R","Strike_R","Strike_R","Defend_R","Defend_R","Defend_R","Defend_R","Bash","Twin Strike","Perfected Strike+1","Perfected Strike+1","Pommel Strike","Metallicize","Corruption+1","Armaments","Wild Strike","Power Through","Feed","Armaments","Pommel Strike","Battle Trance","Disarm","Thunderclap","Evolve","Good Instincts","Necronomicurse","Shrug It Off","True Grit+1","Whirlwind+1","Perfected Strike+1","Warcry+1","Shockwave+1","Double Tap","Shrug It Off+1","Battle Trance","Metallicize","Pommel Strike","Iron Wave+1","Double Tap","Pommel Strike+1","Perfected Strike+1","True Grit+1","Perfected Strike+1","Twin Strike"],"relics":["Burning Blood","Regal Pillow","Bag of Preparation","Happy Flower","Vajra","MawBank","Pantograph","Orrery","The Courier","Necronomicon","Question Card","Blue Candle","Art of War","Paper Frog","Girya","Unceasing Top","Pear","FossilizedHelix","Snecko Eye","PreservedInsect","Peace Pipe","Bottled Lightning","Bottled Flame","Calipers","DollysMirror","Mercury Hourglass"],"potions_floor_usage":[7,23,23,25,33,40,50,55,55],"damage_taken":[{"damage":8,"enemies":"Small Slimes","floor":1,"turns":4},{"damage":1,"enemies":"Cultist","floor":2,"turns":3},{"damage":1,"enemies":"Jaw Worm","floor":3,"turns":3},{"damage":19,"enemies":"Exordium Thugs","floor":5,"turns":3},{"damage":26,"enemies":"Lagavulin","floor":7,"turns":6},{"damage":0,"enemies":"Gremlin Nob","floor":10,"turns":2},{"damage":54,"enemies":"The Guardian","floor":16,"turns":11},{"damage":0,"enemies":"Spheric Guardian","floor":18,"turns":3},{"damage":41,"enemies":"Slavers","floor":23,"turns":9},{"damage":7,"enemies":"Chosen","floor":24,"turns":2},{"damage":0,"enemies":"Gremlin Leader","floor":25,"turns":4},{"damage":16,"enemies":"Book of Stabbing","floor":27,"turns":4},{"damage":5,"enemies":"Slavers","floor":29,"turns":7},{"damage":8,"enemies":"Colosseum Slavers","floor":30,"turns":5},{"damage":4,"enemies":"Colosseum Nobs","floor":30,"turns":9},{"damage":36,"enemies":"Collector","floor":33,"turns":8},{"damage":0,"enemies":"Orb Walker","floor":35,"turns":4},{"damage":0,"enemies":"3 Shapes","floor":37,"turns":4},{"damage":0,"enemies":"Reptomancer","floor":40,"turns":5},{"damage":0,"enemies":"Transient","floor":41,"turns":5},{"damage":53,"enemies":"Nemesis","floor":42,"turns":8},{"damage":8,"enemies":"Giant Head","floor":45,"turns":3},{"damage":0,"enemies":"Sphere and 2 Shapes","floor":47,"turns":9},{"damage":0,"enemies":"Nemesis","floor":48,"turns":1},{"damage":0,"enemies":"Time Eater","floor":50,"turns":4},{"damage":0,"enemies":"Shield and Spear","floor":54,"turns":4},{"damage":0,"enemies":"The Heart","floor":55,"turns":4}],"seed_played":"1822054892290975385","potions_obtained":[{"floor":2,"key":"Strength Potion"},{"floor":3,"key":"Explosive Potion"},{"floor":10,"key":"Regen Potion"},{"floor":18,"key":"Regen Potion"},{"floor":23,"key":"Swift Potion"},{"floor":27,"key":"Block Potion"},{"floor":30,"key":"SteroidPotion"},{"floor":35,"key":"SteroidPotion"},{"floor":41,"key":"Weak Potion"},{"floor":42,"key":"SkillPotion"}],"is_trial":false,"path_per_floor":["M","M","M","?","M","R","E","R","T","E","$","T","$","$","R","B",null,"M","?","$","T","?","E","M","E","T","E","R","E","?","$","R","B",null,"M","?","M","?","$","E","M","E","T","?","E","?","M","E","R","B",null,"R","$","E","B",null],"character_chosen":"IRONCLAD","items_purchased":["Corruption","Armaments","Wild Strike","Power Through","Evolve","Good Instincts","FossilizedHelix","Shockwave","Battle Trance","Metallicize","DollysMirror","SkillPotion"],"campfire_rested":0,"item_purchase_floors":[13,13,13,14,20,20,31,31,39,39,53,53],"current_hp_per_floor":[78,80,80,80,67,67,47,47,47,53,53,53,53,53,53,30,80,80,80,80,80,64,78,80,86,86,76,76,80,96,96,96,79,109,112,101,110,110,110,119,119,75,75,75,73,73,82,88,88,119,125,125,125,125,125],"gold":79,"neow_bonus":"RANDOM_COMMON_RELIC","is_prod":false,"is_daily":false,"chose_seed":false,"campfire_upgraded":6,"win_rate":0,"timestamp":1550766485,"path_taken":["M","M","M","?","?","R","E","R","T","E","$","?","?","$","R","BOSS","M","?","?","?","?","E","?","E","T","E","R","E","?","$","R","BOSS","M","?","?","?","$","E","?","E","T","?","E","?","?","E","R","BOSS","R","$","E","BOSS"],"build_version":"2019-02-06","purchased_purges":0,"victory":true,"max_hp_per_floor":[80,80,80,80,80,80,80,80,80,80,80,80,80,80,80,80,80,80,80,80,80,80,84,87,87,87,87,87,90,106,106,106,109,109,112,112,115,115,115,119,119,122,122,122,122,122,125,125,125,125,125,125,125,125,125],"card_choices":[{"not_picked":["Pummel","Warcry"],"picked":"Twin Strike","floor":1},{"not_picked":["Warcry","Clash"],"picked":"Perfected Strike","floor":2},{"not_picked":["Battle Trance","Cleave"],"picked":"Perfected Strike","floor":3},{"not_picked":["Body Slam","Anger"],"picked":"Clothesline","floor":5},{"not_picked":["Thunderclap","Second Wind"],"picked":"Pommel Strike","floor":7},{"not_picked":["Flex","Fire Breathing"],"picked":"Metallicize","floor":10},{"not_picked":["Exhume","Brutality"],"picked":"Feed","floor":16},{"not_picked":["Flex","Cleave"],"picked":"Armaments","floor":17},{"not_picked":["Sword Boomerang","Juggernaut"],"picked":"Pommel Strike","floor":17},{"not_picked":["Body Slam","Rampage"],"picked":"Battle Trance","floor":17},{"not_picked":["Inflame","Clash"],"picked":"Disarm","floor":17},{"not_picked":["Body Slam+1","Havoc"],"picked":"Thunderclap","floor":18},{"not_picked":["Twin Strike","Feed"],"picked":"Shrug It Off","floor":23},{"not_picked":["Warcry","Spot Weakness+1","Entrench"],"picked":"True Grit+1","floor":24},{"not_picked":["Iron Wave","Metallicize","Sentinel"],"picked":"Whirlwind+1","floor":25},{"not_picked":["Flame Barrier","Body Slam+1","True Grit"],"picked":"Perfected Strike","floor":27},{"not_picked":["Corruption","Blood for Blood","Body Slam","Fire Breathing+1"],"picked":"SKIP","floor":29},{"not_picked":["Havoc","Second Wind","Thunderclap"],"picked":"Warcry+1","floor":30},{"not_picked":["Brutality","Offering","Dark Embrace"],"picked":"Double Tap","floor":33},{"not_picked":["Havoc","Burning Pact","Cleave+1"],"picked":"Shrug It Off+1","floor":35},{"not_picked":["Anger+1","Fire Breathing+1","Cleave+1","Body Slam+1"],"picked":"SKIP","floor":37},{"not_picked":["Ghostly Armor+1","Reckless Charge+1","Whirlwind+1"],"picked":"Pommel Strike","floor":40},{"not_picked":["Havoc+1","Heavy Blade+1","Searing Blow"],"picked":"Iron Wave+1","floor":41},{"not_picked":["Iron Wave+1","True Grit+1","Armaments"],"picked":"Double Tap","floor":42},{"not_picked":["Armaments","Body Slam+1","Pummel"],"picked":"Pommel Strike+1","floor":45},{"not_picked":["Shrug It Off+1","Anger+1","Sentinel"],"picked":"Perfected Strike","floor":47},{"not_picked":["Metallicize","Rupture+1","Shrug It Off"],"picked":"True Grit+1","floor":48},{"not_picked":["Heavy Blade","Bludgeon","Inflame"],"picked":"Twin Strike","floor":54}],"player_experience":4631485,"relics_obtained":[{"floor":4,"key":"Bag of Preparation"},{"floor":7,"key":"Happy Flower"},{"floor":9,"key":"Vajra"},{"floor":10,"key":"MawBank"},{"floor":12,"key":"Pantograph"},{"floor":21,"key":"The Courier"},{"floor":22,"key":"Necronomicon"},{"floor":23,"key":"Question Card"},{"floor":25,"key":"Blue Candle"},{"floor":26,"key":"Art of War"},{"floor":27,"key":"Paper Frog"},{"floor":29,"key":"Girya"},{"floor":30,"key":"Unceasing Top"},{"floor":30,"key":"Pear"},{"floor":40,"key":"Peace Pipe"},{"floor":42,"key":"Bottled Lightning"},{"floor":45,"key":"Bottled Flame"},{"floor":48,"key":"Calipers"},{"floor":54,"key":"Mercury Hourglass"}],"event_choices":[{"damage_healed":0,"gold_gain":0,"player_choice":"Relic","damage_taken":0,"max_hp_gain":0,"max_hp_loss":0,"event_name":"Wheel of Change","floor":4,"gold_loss":0},{"cards_removed":["Clothesline"],"damage_healed":0,"gold_gain":0,"player_choice":"Card Removal","damage_taken":0,"max_hp_gain":0,"max_hp_loss":0,"event_name":"Wheel of Change","floor":19,"gold_loss":0},{"damage_healed":0,"gold_gain":0,"player_choice":"Obtained Book","damage_taken":16,"max_hp_gain":0,"max_hp_loss":0,"event_name":"Cursed Tome","floor":22,"gold_loss":0},{"damage_healed":0,"gold_gain":0,"player_choice":"Fight","damage_taken":0,"max_hp_gain":0,"max_hp_loss":0,"event_name":"Colosseum","floor":30,"gold_loss":0},{"damage_healed":0,"gold_gain":0,"player_choice":"Fought Nobs","damage_taken":0,"max_hp_gain":0,"max_hp_loss":0,"event_name":"Colosseum","floor":30,"gold_loss":0},{"damage_healed":0,"gold_gain":75,"player_choice":"Touch","damage_taken":11,"max_hp_gain":0,"max_hp_loss":0,"event_name":"FaceTrader","floor":36,"gold_loss":0},{"damage_healed":0,"gold_gain":0,"player_choice":"Gave Potion","damage_taken":0,"relics_obtained":["PreservedInsect"],"max_hp_gain":0,"max_hp_loss":0,"event_name":"WeMeetAgain","floor":38,"gold_loss":0},{"damage_healed":0,"gold_gain":0,"player_choice":"Ignored","damage_taken":0,"max_hp_gain":0,"max_hp_loss":0,"event_name":"Tomb of Lord Red Mask","floor":44,"gold_loss":0},{"damage_healed":0,"gold_gain":0,"player_choice":"Ignored","damage_taken":0,"max_hp_gain":0,"max_hp_loss":0,"event_name":"SecretPortal","floor":46,"gold_loss":0}],"is_beta":true,"boss_relics":[{"not_picked":["White Beast Statue","Runic Pyramid"],"picked":"Orrery"},{"not_picked":["Astrolabe","Fusion Hammer"],"picked":"Snecko Eye"}],"items_purged_floors":[],"is_endless":false,"potions_floor_spawned":[2,3,10,18,23,27,30,35,41,42,47],"ascension_level":1}