{"gold_per_floor":[110,122,122,132,132,132,151,218,218,218,247,247,247,259,259,334,334,347,397,416,416,95,95,123,123,123,123,123,141,157,157],"floor_reached":31,"playtime":1049,"items_purged":["Writhe"],"score":443,"play_id":"e02d4d1e-99ba-4100-a2b9-ee820faed70d","local_time":"20190414175544","is_ascension_mode":true,"campfire_choices":[{"data":"Evolve","floor":6,"key":"SMITH"},{"data":"Feel No Pain","floor":10,"key":"SMITH"},{"data":"True Grit","floor":12,"key":"SMITH"},{"floor":15,"key":"REST"},{"data":"Demon Form","floor":23,"key":"SMITH"},{"data":"Armaments","floor":25,"key":"SMITH"},{"floor":27,"key":"REST"}],"neow_cost":"TEN_PERCENT_HP_LOSS","seed_source_timestamp":273419527733116,"circlet_count":0,"master_deck":["AscendersBane","Strike_R","Strike_R","Strike_R","Strike_R","Defend_R","Defend_R","Defend_R","Defend_R","Bash","Bludgeon+1","Power Through+1","Iron Wave+1","Evolve+1","Feel No Pain+1","True Grit+1","Dropkick","Demon Form+1","Armaments+1","Pummel","Demon Form","Rage"],"relics":["Burning Blood","Pocketwatch","Gambling Chip","Philosopher\u0027s Stone","MawBank","Sundial","Bottled Flame","Art of War"],"potions_floor_usage":[16,16,24,31,31],"damage_taken":[{"damage":12,"enemies":"Jaw Worm","floor":1,"turns":2},{"damage":0,"enemies":"Small Slimes","floor":2,"turns":2},{"damage":9,"enemies":"2 Louse","floor":4,"turns":2},{"damage":12,"enemies":"Looter","floor":7,"turns":3},{"damage":15,"enemies":"Lagavulin","floor":11,"turns":6},{"damage":0,"enemies":"Blue Slaver","floor":14,"turns":3},{"damage":25,"enemies":"Hexaghost","floor":16,"turns":14},{"damage":0,"enemies":"Chosen","floor":18,"turns":4},{"damage":4,"enemies":"Spheric Guardian","floor":20,"turns":4},{"damage":38,"enemies":"Slavers","floor":24,"turns":6},{"damage":21,"enemies":"Centurion and Healer","floor":29,"turns":5},{"damage":30,"enemies":"Snake Plant","floor":30,"turns":5},{"damage":25,"enemies":"Gremlin Leader","floor":31,"turns":7}],"seed_played":"-4650012882516825520","potions_obtained":[{"floor":2,"key":"Dexterity Potion"},{"floor":11,"key":"AttackPotion"},{"floor":16,"key":"Block Potion"},{"floor":18,"key":"LiquidBronze"},{"floor":29,"key":"Fire Potion"}],"is_trial":false,"path_per_floor":["M","M","?","M","?","R","M","?","T","R","E","R","?","M","R","B",null,"M","?","M","?","$","R","E","R","T","R","?","M","M","E"],"character_chosen":"IRONCLAD","items_purchased":["Sundial"],"campfire_rested":2,"item_purchase_floors":[22],"current_hp_per_floor":[62,68,48,45,45,45,39,39,39,39,30,30,19,25,45,26,58,64,64,66,66,66,66,34,34,34,54,54,39,15,0],"gold":157,"neow_bonus":"THREE_RARE_CARDS","is_prod":false,"is_daily":false,"chose_seed":false,"campfire_upgraded":5,"win_rate":0,"timestamp":1555275344,"path_taken":["M","M","?","M","?","R","M","?","T","R","E","R","?","M","R","BOSS","M","?","M","?","$","R","E","R","T","R","?","?","M","E"],"build_version":"2019-01-23","purchased_purges":1,"victory":false,"max_hp_per_floor":[68,68,68,68,68,68,68,68,68,68,68,68,68,68,68,68,68,68,68,68,68,68,68,68,68,68,68,68,68,68,68],"card_choices":[{"not_picked":["Offering","Impervious"],"picked":"Bludgeon","floor":0},{"not_picked":["Twin Strike","Sword Boomerang"],"picked":"Power Through","floor":1},{"not_picked":["Cleave","Metallicize"],"picked":"Iron Wave","floor":2},{"not_picked":["Clothesline","Iron Wave"],"picked":"Evolve","floor":4},{"not_picked":["Heavy Blade","Armaments"],"picked":"Feel No Pain","floor":7},{"not_picked":["Clothesline","Perfected Strike"],"picked":"True Grit","floor":11},{"not_picked":["Body Slam","Limit Break"],"picked":"Dropkick","floor":14},{"not_picked":["Berserk","Juggernaut"],"picked":"Demon Form","floor":16},{"not_picked":["Wild Strike","Body Slam"],"picked":"Armaments","floor":18},{"not_picked":["Shrug It Off","Bloodletting","Pommel Strike"],"picked":"SKIP","floor":20},{"not_picked":["Flex","Shrug It Off"],"picked":"Pummel","floor":24},{"not_picked":["Headbutt+1","Pommel Strike"],"picked":"Rage","floor":29},{"not_picked":["Perfected Strike+1","Headbutt","Flex"],"picked":"SKIP","floor":30}],"player_experience":1110392,"relics_obtained":[{"floor":9,"key":"Pocketwatch"},{"floor":11,"key":"Gambling Chip"},{"floor":24,"key":"Bottled Flame"},{"floor":26,"key":"Art of War"}],"event_choices":[{"damage_healed":0,"gold_gain":0,"player_choice":"Entered Light","damage_taken":20,"max_hp_gain":0,"max_hp_loss":0,"event_name":"Shining Light","floor":3,"gold_loss":0,"cards_upgraded":["Bludgeon","Iron Wave"]},{"damage_healed":0,"gold_gain":0,"player_choice":"Grow","damage_taken":0,"max_hp_gain":0,"max_hp_loss":0,"event_name":"Living Wall","floor":5,"gold_loss":0,"cards_upgraded":["Power Through"]},{"damage_healed":0,"gold_gain":67,"player_choice":"Gained Gold","damage_taken":0,"max_hp_gain":0,"max_hp_loss":0,"event_name":"Golden Wing","floor":8,"gold_loss":0},{"damage_healed":0,"gold_gain":0,"player_choice":"Fled","damage_taken":11,"max_hp_gain":0,"max_hp_loss":0,"event_name":"Scrap Ooze","floor":13,"gold_loss":0},{"damage_healed":0,"gold_gain":50,"player_choice":"Stole From Cult","damage_taken":0,"max_hp_gain":0,"max_hp_loss":0,"event_name":"Nest","floor":19,"gold_loss":0},{"damage_healed":0,"gold_gain":0,"player_choice":"Opened","damage_taken":0,"relics_obtained":["MawBank"],"max_hp_gain":0,"max_hp_loss":0,"event_name":"The Mausoleum","floor":21,"gold_loss":0,"cards_obtained":["Writhe"]},{"damage_healed":0,"gold_gain":0,"cards_transformed":["Strike_R"],"player_choice":"Transformed","damage_taken":0,"max_hp_gain":0,"max_hp_loss":0,"event_name":"Transmorgrifier","floor":28,"gold_loss":0,"cards_obtained":["Demon Form"]}],"is_beta":false,"boss_relics":[{"not_picked":["Snecko Eye","Empty Cage"],"picked":"Philosopher\u0027s Stone"}],"items_purged_floors":[22],"is_endless":false,"potions_floor_spawned":[2,11,16,18,20,29,30],"killed_by":"Gremlin Leader","ascension_level":15}