{"gold_per_floor":[111,111,129,4,21,21,40,50,120,120,132,132,53,33,33,33],"floor_reached":16,"playtime":643,"items_purged":["Strike_R"],"score":175,"play_id":"db71f81e-6ce4-4551-b6b5-73c37f4bca19","local_time":"20190509160036","is_ascension_mode":true,"campfire_choices":[{"data":"Armaments","floor":6,"key":"SMITH"},{"data":"Flex","floor":10,"key":"SMITH"},{"floor":15,"key":"REST"}],"neow_cost":"TEN_PERCENT_HP_LOSS","seed_source_timestamp":2427073266625531,"circlet_count":0,"master_deck":["AscendersBane","Strike_R","Strike_R","Strike_R+1","Strike_R+1","Defend_R","Defend_R","Defend_R","Defend_R","Bash","Sword Boomerang","Flex+1","Armaments+1","True Grit","Pommel Strike","Metallicize","Double Tap"],"relics":["Burning Blood","Nunchaku","StoneCalendar"],"potions_floor_usage":[8,16,16],"damage_taken":[{"damage":3,"enemies":"2 Louse","floor":1,"turns":3},{"damage":4,"enemies":"Jaw Worm","floor":3,"turns":4},{"damage":0,"enemies":"Cultist","floor":5,"turns":4},{"damage":0,"enemies":"Large Slime","floor":7,"turns":2},{"damage":35,"enemies":"Gremlin Gang","floor":8,"turns":3},{"damage":9,"enemies":"Red Slaver","floor":11,"turns":3},{"damage":49,"enemies":"Slime Boss","floor":16,"turns":5}],"seed_played":"-3580909631800735995","potions_obtained":[{"floor":3,"key":"PowerPotion"},{"floor":5,"key":"Regen Potion"},{"floor":11,"key":"Weak Potion"}],"is_trial":false,"path_per_floor":["M","?","M","$","M","R","M","M","T","R","M","?","$","?","R","B"],"character_chosen":"IRONCLAD","items_purchased":["Armaments","Double Tap"],"campfire_rested":1,"item_purchase_floors":[4,13],"current_hp_per_floor":[68,48,50,50,56,56,62,33,33,33,30,19,19,19,39,0],"gold":33,"neow_bonus":"ONE_RARE_RELIC","is_prod":false,"is_daily":false,"chose_seed":false,"campfire_upgraded":2,"win_rate":0,"timestamp":1557428436,"path_taken":["M","?","M","$","M","R","M","M","T","R","M","?","$","?","R","BOSS"],"build_version":"2019-01-23","purchased_purges":1,"victory":false,"max_hp_per_floor":[68,68,68,68,68,68,68,68,68,68,68,68,68,68,68,68],"card_choices":[{"not_picked":["Warcry","Combust"],"picked":"Sword Boomerang","floor":1},{"not_picked":["Rage","Bloodletting"],"picked":"Flex","floor":3},{"not_picked":["Rampage","Flex"],"picked":"True Grit","floor":5},{"not_picked":["Ghostly Armor","Warcry"],"picked":"Pommel Strike","floor":7},{"not_picked":["Rage","Pommel Strike","Burning Pact"],"picked":"SKIP","floor":8},{"not_picked":["Flex","Body Slam"],"picked":"Metallicize","floor":11}],"player_experience":1312395,"relics_obtained":[],"event_choices":[{"damage_healed":0,"gold_gain":0,"player_choice":"Entered Light","damage_taken":20,"max_hp_gain":0,"max_hp_loss":0,"event_name":"Shining Light","floor":2,"gold_loss":0,"cards_upgraded":["Strike_R","Strike_R"]},{"damage_healed":0,"gold_gain":0,"player_choice":"Success","damage_taken":11,"relics_obtained":["StoneCalendar"],"max_hp_gain":0,"max_hp_loss":0,"event_name":"Scrap Ooze","floor":12,"gold_loss":0},{"damage_healed":0,"gold_gain":0,"player_choice":"Bought 1 Potion","damage_taken":0,"max_hp_gain":0,"max_hp_loss":0,"event_name":"The Woman in Blue","floor":14,"gold_loss":0}],"is_beta":false,"boss_relics":[],"items_purged_floors":[4],"is_endless":false,"potions_floor_spawned":[3,5,11],"killed_by":"Slime Boss","ascension_level":18}