{"gold_per_floor":[109,59,10,25,25,53,53,65,111,138,138,56,56,76,76,153,153,135,135,151,161,76,102,102,102],"floor_reached":25,"playtime":628,"items_purged":[],"score":419,"play_id":"5bf752c5-6853-4513-b323-a75e01cbed43","local_time":"20190416210044","is_ascension_mode":true,"campfire_choices":[{"data":"Setup","floor":7,"key":"SMITH"},{"data":"Footwork","floor":13,"key":"SMITH"},{"data":"Deadly Poison","floor":15,"key":"SMITH"},{"floor":24,"key":"REST"}],"neow_cost":"NONE","seed_source_timestamp":457753605084469,"circlet_count":0,"master_deck":["AscendersBane","Defend_G","Defend_G","Defend_G","Defend_G","Defend_G","Strike_G","Strike_G","Strike_G","Strike_G","Survivor","Neutralize+1","Deadly Poison","Deadly Poison+1","Deadly Poison+1","Setup+1","Poisoned Stab","Footwork+1","Bullet Time","A Thousand Cuts","Bane","Caltrops"],"relics":["Ring of the Snake","NeowsBlessing","Centennial Puzzle","Pen Nib","Omamori","Busted Crown","Orichalcum","Regal Pillow","Calipers"],"potions_floor_usage":[10,23],"damage_taken":[{"damage":0,"enemies":"Jaw Worm","floor":1,"turns":1},{"damage":0,"enemies":"Small Slimes","floor":4,"turns":1},{"damage":0,"enemies":"Lagavulin","floor":6,"turns":1},{"damage":0,"enemies":"2 Louse","floor":8,"turns":3},{"damage":25,"enemies":"Gremlin Nob","floor":10,"turns":4},{"damage":9,"enemies":"Blue Slaver","floor":14,"turns":4},{"damage":16,"enemies":"The Guardian","floor":16,"turns":9},{"damage":11,"enemies":"2 Thieves","floor":18,"turns":4},{"damage":7,"enemies":"3 Byrds","floor":20,"turns":4},{"damage":5,"enemies":"Centurion and Healer","floor":21,"turns":7},{"damage":33,"enemies":"Book of Stabbing","floor":23,"turns":5},{"damage":39,"enemies":"Slavers","floor":25,"turns":3}],"seed_played":"-2988135729053483394","potions_obtained":[{"floor":6,"key":"Poison Potion"},{"floor":8,"key":"LiquidBronze"},{"floor":20,"key":"Ancient Potion"},{"floor":21,"key":"SkillPotion"}],"is_trial":false,"path_per_floor":["M","?","$","M","?","E","R","M","T","E","?","$","R","M","R","B",null,"M","?","M","M","?","E","R","E"],"character_chosen":"THE_SILENT","items_purchased":["Deadly Poison","Bullet Time"],"campfire_rested":1,"item_purchase_floors":[3,12],"current_hp_per_floor":[63,63,63,63,49,49,49,49,49,24,47,47,47,38,38,22,58,47,47,40,35,35,2,38,0],"gold":102,"neow_bonus":"THREE_ENEMY_KILL","is_prod":false,"is_daily":false,"chose_seed":false,"campfire_upgraded":3,"win_rate":0,"timestamp":1555459244,"path_taken":["M","?","$","M","?","E","R","M","T","E","?","?","R","?","R","BOSS","M","?","M","?","?","E","R","E"],"build_version":"2019-01-23","purchased_purges":0,"victory":false,"max_hp_per_floor":[70,70,70,70,70,70,70,70,70,70,70,70,70,70,70,70,70,70,70,70,70,70,70,70,70],"card_choices":[{"not_picked":["PiercingWail","Catalyst"],"picked":"Deadly Poison","floor":1},{"not_picked":["Distraction","Acrobatics"],"picked":"Deadly Poison","floor":4},{"not_picked":["Riddle With Holes","Sucker Punch"],"picked":"Setup","floor":6},{"not_picked":["Choke","Prepared"],"picked":"Poisoned Stab","floor":8},{"not_picked":["Outmaneuver","Blade Dance"],"picked":"Footwork","floor":10},{"not_picked":["Outmaneuver","Dagger Throw","Underhanded Strike"],"picked":"SKIP","floor":14},{"not_picked":["Malaise","Phantasmal Killer"],"picked":"A Thousand Cuts","floor":16},{"not_picked":[],"picked":"Bane","floor":18},{"not_picked":[],"picked":"Caltrops","floor":20},{"not_picked":["Tactician"],"picked":"SKIP","floor":21},{"not_picked":["Sucker Punch"],"picked":"SKIP","floor":23}],"player_experience":1142699,"relics_obtained":[{"floor":6,"key":"Centennial Puzzle"},{"floor":9,"key":"Pen Nib"},{"floor":10,"key":"Omamori"},{"floor":23,"key":"Calipers"}],"event_choices":[{"cards_removed":["Strike_G"],"damage_healed":0,"gold_gain":0,"player_choice":"Card Removal","damage_taken":0,"max_hp_gain":0,"max_hp_loss":0,"event_name":"The Cleric","floor":2,"gold_loss":50},{"damage_healed":0,"gold_gain":0,"player_choice":"Entered Light","damage_taken":14,"max_hp_gain":0,"max_hp_loss":0,"event_name":"Shining Light","floor":5,"gold_loss":0,"cards_upgraded":["Deadly Poison","Neutralize"]},{"damage_healed":23,"gold_gain":0,"player_choice":"Banana","damage_taken":0,"max_hp_gain":0,"max_hp_loss":0,"event_name":"Big Fish","floor":11,"gold_loss":0},{"damage_healed":0,"gold_gain":0,"player_choice":"Gave Potion","damage_taken":0,"relics_obtained":["Orichalcum"],"max_hp_gain":0,"max_hp_loss":0,"event_name":"WeMeetAgain","floor":19,"gold_loss":0},{"damage_healed":0,"gold_gain":0,"player_choice":"Obtained Relic","damage_taken":0,"relics_obtained":["Regal Pillow"],"max_hp_gain":0,"max_hp_loss":0,"event_name":"Addict","floor":22,"gold_loss":85}],"is_beta":false,"boss_relics":[{"not_picked":["Eternal Feather","Pandora\u0027s Box"],"picked":"Busted Crown"}],"items_purged_floors":[],"is_endless":false,"potions_floor_spawned":[6,8,20,21],"killed_by":"Slavers","ascension_level":13}