{"gold_per_floor":[119,119,137,154,172,172,203,203,280,314,489,563,598,613,613,687,687,706,716,727,238,0,0,0,0,0,35,53,53,53,63,63,142,142,156,79,0,16,28,28,58,58,84,84,10,37,37,51,51,51,51,51,17,45,45],"floor_reached":55,"playtime":2698,"items_purged":["Doubt"],"score":1201,"play_id":"f2453b78-27c3-4f31-b46f-ef59b48c56b1","local_time":"20190420103905","is_ascension_mode":true,"campfire_choices":[{"data":"Terror","floor":6,"key":"SMITH"},{"data":"Dagger Throw","floor":8,"key":"SMITH"},{"floor":15,"key":"REST"},{"floor":23,"key":"REST"},{"floor":25,"key":"REST"},{"floor":32,"key":"RECALL"},{"floor":40,"key":"REST"},{"floor":47,"key":"REST"},{"floor":49,"key":"REST"},{"floor":52,"key":"REST"}],"neow_cost":"NONE","seed_source_timestamp":764000190860639,"circlet_count":0,"master_deck":["AscendersBane","Defend_G","Defend_G","Defend_G","Defend_G","Defend_G","Strike_G+1","Strike_G","Strike_G","Survivor","Neutralize","Sucker Punch","Terror+1","Dagger Throw+1","Escape Plan+1","Sucker Punch","Concentrate+1","Skewer","Backstab","After Image","Deflect","Dagger Spray+1","Slice","Apotheosis","Infinite Blades","Cloak And Dagger","Dash+1","Calculated Gamble","Dagger Throw","Tools of the Trade","Acrobatics","Caltrops","Accuracy","Prepared+1","Choke+1","Finesse","Leg Sweep","Leg Sweep","Footwork","Blur+1"],"relics":["Ring of the Snake","Tough Bandages","Matryoshka","Bronze Scales","Boot","Fusion Hammer","War Paint","Blood Vial","Oddly Smooth Stone","Whetstone","Sozu","Red Mask","Anchor","Singing Bowl","Snake Skull","Art of War"],"potions_floor_usage":[7,10,13,14,33,33,35],"damage_taken":[{"damage":4,"enemies":"Small Slimes","floor":1,"turns":4},{"damage":0,"enemies":"Cultist","floor":3,"turns":4},{"damage":1,"enemies":"Jaw Worm","floor":4,"turns":3},{"damage":6,"enemies":"2 Fungi Beasts","floor":5,"turns":4},{"damage":17,"enemies":"Lagavulin","floor":7,"turns":5},{"damage":30,"enemies":"3 Sentries","floor":10,"turns":10},{"damage":11,"enemies":"Gremlin Nob","floor":13,"turns":4},{"damage":0,"enemies":"Exordium Thugs","floor":14,"turns":3},{"damage":4,"enemies":"Hexaghost","floor":16,"turns":9},{"damage":8,"enemies":"Spheric Guardian","floor":18,"turns":4},{"damage":5,"enemies":"3 Byrds","floor":19,"turns":3},{"damage":37,"enemies":"Sentry and Sphere","floor":20,"turns":7},{"damage":19,"enemies":"Book of Stabbing","floor":27,"turns":6},{"damage":10,"enemies":"3 Cultists","floor":28,"turns":4},{"damage":1,"enemies":"Snake Plant","floor":31,"turns":3},{"damage":38,"enemies":"Automaton","floor":33,"turns":11},{"damage":11,"enemies":"3 Shapes","floor":35,"turns":5},{"damage":8,"enemies":"Orb Walker","floor":38,"turns":3},{"damage":13,"enemies":"Jaw Worm Horde","floor":39,"turns":6},{"damage":53,"enemies":"Giant Head","floor":41,"turns":10},{"damage":7,"enemies":"Nemesis","floor":46,"turns":9},{"damage":5,"enemies":"Writhing Mass","floor":48,"turns":8},{"damage":46,"enemies":"Awakened One","floor":50,"turns":23},{"damage":57,"enemies":"Shield and Spear","floor":54,"turns":12},{"damage":68,"enemies":"The Heart","floor":55,"turns":3}],"seed_played":"3016784079401879971","potions_obtained":[{"floor":1,"key":"Poison Potion"},{"floor":3,"key":"LiquidBronze"},{"floor":7,"key":"SpeedPotion"},{"floor":13,"key":"GamblersBrew"},{"floor":16,"key":"Poison Potion"},{"floor":28,"key":"AttackPotion"},{"floor":33,"key":"EntropicBrew"}],"is_trial":false,"path_per_floor":["M","?","M","M","M","R","E","R","T","E","?","?","E","M","R","B",null,"M","M","M","$","?","R","$","R","T","E","M","?","$","M","R","B",null,"M","$","?","M","M","R","E","?","T","?","$","E","R","M","R","B",null,"R","$","E","B"],"character_chosen":"THE_SILENT","items_purchased":["Apotheosis","Infinite Blades","War Paint","Cloak And Dagger","Caltrops","Leg Sweep","Footwork"],"campfire_rested":7,"item_purchase_floors":[21,21,21,21,36,45,53],"current_hp_per_floor":[66,66,66,65,59,59,42,42,42,12,12,12,1,1,24,20,63,55,50,13,13,13,36,36,59,59,42,34,59,59,60,60,24,64,55,55,55,49,38,61,10,10,10,10,10,5,28,27,50,6,61,79,79,22,0],"gold":45,"neow_bonus":"TEN_PERCENT_HP_BONUS","is_prod":false,"is_daily":false,"chose_seed":false,"campfire_upgraded":2,"win_rate":0,"timestamp":1555767545,"path_taken":["M","?","?","M","M","R","E","R","T","E","?","?","E","?","R","BOSS","M","M","M","$","?","R","$","R","T","E","M","?","$","M","R","BOSS","M","$","?","M","M","R","E","?","T","?","$","E","R","M","R","BOSS","R","$","E","BOSS"],"build_version":"2019-01-23","purchased_purges":1,"victory":false,"max_hp_per_floor":[77,77,77,77,77,77,77,77,77,77,77,77,77,77,77,77,77,77,77,77,77,77,77,77,77,77,77,77,77,77,77,77,77,77,77,77,77,77,77,77,77,77,77,77,77,77,77,79,79,79,79,79,79,79,79],"card_choices":[{"not_picked":["PiercingWail","Calculated Gamble"],"picked":"Sucker Punch","floor":1},{"not_picked":["Skewer","Sucker Punch"],"picked":"Terror","floor":3},{"not_picked":["Well Laid Plans","Backflip"],"picked":"Dagger Throw","floor":4},{"not_picked":["Poisoned Stab","Dagger Throw"],"picked":"Escape Plan","floor":5},{"not_picked":["Venomology","Poisoned Stab"],"picked":"Sucker Punch","floor":7},{"not_picked":["Eviscerate","Masterful Stab"],"picked":"Concentrate","floor":10},{"not_picked":["PiercingWail","Dodge and Roll"],"picked":"Skewer","floor":13},{"not_picked":["Sucker Punch","Crippling Poison"],"picked":"Backstab","floor":14},{"not_picked":["Grand Finale","Die Die Die"],"picked":"After Image","floor":16},{"not_picked":["Accuracy+1","PiercingWail"],"picked":"Deflect","floor":18},{"not_picked":["Deflect","Slice"],"picked":"Dagger Spray","floor":19},{"not_picked":["Calculated Gamble","Bane"],"picked":"Slice","floor":20},{"not_picked":["Well Laid Plans","Flechettes+1"],"picked":"Dash+1","floor":27},{"not_picked":["Blade Dance","Expertise+1"],"picked":"Calculated Gamble","floor":28},{"not_picked":["Predator","Dagger Spray"],"picked":"Dagger Throw","floor":31},{"not_picked":["Storm of Steel","Die Die Die"],"picked":"Tools of the Trade","floor":33},{"not_picked":["Sucker Punch","Dodge and Roll"],"picked":"Acrobatics","floor":35},{"not_picked":["Outmaneuver","Noxious Fumes"],"picked":"Accuracy","floor":38},{"not_picked":["Outmaneuver","Flechettes+1"],"picked":"Prepared+1","floor":39},{"not_picked":["Outmaneuver","Sucker Punch"],"picked":"Choke+1","floor":41},{"not_picked":["Deep Breath","HandOfGreed"],"picked":"Finesse","floor":42},{"not_picked":["Deflect+1","Dagger Spray"],"picked":"Leg Sweep","floor":46},{"not_picked":["Bane+1","Deadly Poison","Sucker Punch"],"picked":"Singing Bowl","floor":48},{"not_picked":["Night Terror","Blade Dance"],"picked":"Blur+1","floor":54}],"player_experience":1157141,"relics_obtained":[{"floor":7,"key":"Tough Bandages"},{"floor":9,"key":"Matryoshka"},{"floor":10,"key":"Bronze Scales"},{"floor":13,"key":"Boot"},{"floor":26,"key":"Blood Vial"},{"floor":26,"key":"Oddly Smooth Stone"},{"floor":27,"key":"Whetstone"},{"floor":41,"key":"Anchor"},{"floor":43,"key":"Singing Bowl"},{"floor":46,"key":"Snake Skull"},{"floor":54,"key":"Art of War"}],"event_choices":[{"cards_removed":["Strike_G"],"damage_healed":0,"gold_gain":0,"player_choice":"Offered Basic","damage_taken":0,"max_hp_gain":0,"max_hp_loss":0,"event_name":"Bonfire Elementals","floor":2,"gold_loss":0},{"damage_healed":0,"gold_gain":175,"player_choice":"AGREE","damage_taken":0,"max_hp_gain":0,"max_hp_loss":0,"event_name":"Liars Game","floor":11,"gold_loss":0,"cards_obtained":["Doubt"]},{"damage_healed":0,"gold_gain":74,"player_choice":"Gained Gold","damage_taken":0,"max_hp_gain":0,"max_hp_loss":0,"event_name":"Golden Wing","floor":12,"gold_loss":0},{"damage_healed":0,"gold_gain":0,"player_choice":"Paid Fearfully","damage_taken":0,"max_hp_gain":0,"max_hp_loss":0,"event_name":"Masked Bandits","floor":22,"gold_loss":238},{"damage_healed":25,"gold_gain":0,"player_choice":"Heal","damage_taken":0,"max_hp_gain":0,"max_hp_loss":0,"event_name":"The Library","floor":29,"gold_loss":0},{"damage_healed":0,"gold_gain":0,"player_choice":"Paid","damage_taken":0,"relics_obtained":["Red Mask"],"max_hp_gain":0,"max_hp_loss":0,"event_name":"Tomb of Lord Red Mask","floor":37,"gold_loss":79},{"damage_healed":0,"gold_gain":0,"player_choice":"Memory 1","damage_taken":0,"max_hp_gain":0,"max_hp_loss":0,"event_name":"SensoryStone","floor":42,"gold_loss":0},{"cards_removed":["Strike_G"],"damage_healed":0,"gold_gain":0,"player_choice":"Removed Attack","damage_taken":0,"max_hp_gain":0,"max_hp_loss":0,"event_name":"Falling","floor":44,"gold_loss":0}],"is_beta":false,"boss_relics":[{"not_picked":["Astrolabe","Philosopher\u0027s Stone"],"picked":"Fusion Hammer"},{"not_picked":["White Beast Statue","HoveringKite"],"picked":"Sozu"}],"items_purged_floors":[21],"is_endless":false,"potions_floor_spawned":[1,3,5,7,13,16,28,31,33,39,48],"killed_by":"The Heart","ascension_level":13}