{"gold_per_floor":[213,213,229,229,4,4,32,48,48,48,59,11,11,49,49,169,169,187,187,241,266,287,322,343,343,343,383,383,422,422,447,447,573,573,593,613,631,655,668,701,715,754,780,917,972,984,1032,1065,1077,1089,1101,1113,403,437,437],"floor_reached":56,"playtime":4179,"items_purged":["Defend_R","Strike_R"],"score":1438,"play_id":"859a1589-32ad-4097-b7b4-4fe63d04cc1d","local_time":"20190311221542","is_ascension_mode":true,"campfire_choices":[{"data":"Armaments","floor":10,"key":"SMITH"},{"floor":15,"key":"REST"},{"data":"1","floor":25,"key":"LIFT"},{"data":"2","floor":28,"key":"LIFT"},{"data":"3","floor":30,"key":"LIFT"},{"data":"Demon Form","floor":32,"key":"SMITH"},{"floor":49,"key":"RECALL"},{"data":"Shockwave","floor":52,"key":"SMITH"}],"neow_cost":"NONE","seed_source_timestamp":8925269195775,"circlet_count":0,"master_deck":["Strike_R","Strike_R","Strike_R","Strike_R","Defend_R","Defend_R","Defend_R","Bash","True Grit+1","Clothesline","Reaper","Armaments+1","Limit Break","Shrug It Off","Headbutt","Exhume","Sword Boomerang","Feed","Flex+1","Metallicize","Battle Trance+1","Demon Form+1","Feel No Pain","Sword Boomerang","True Grit+1","Shrug It Off","Pummel+1","Brutality","Shockwave+1","Parasite","Shrug It Off+1","Warcry+1","Demon Form","Thunderclap+1","Ghostly Armor+1","Warcry+1","Iron Wave+1","Flame Barrier","Battle Trance","Shrug It Off","Pommel Strike+1"],"relics":["Burning Blood","Dream Catcher","Torii","Gremlin Horn","Golden Idol","Question Card","Coffee Dripper","Girya","Pear","Mercury Hourglass","Bag of Preparation","Velvet Choker","Molten Egg 2","Orichalcum","MawBank","Incense Burner","Red Skull","Blood Vial","Mummified Hand","Oddly Smooth Stone","Toolbox","Turnip"],"potions_floor_usage":[14,16,23,37,55,55],"damage_taken":[{"damage":5,"enemies":"2 Louse","floor":1,"turns":3},{"damage":2,"enemies":"Jaw Worm","floor":3,"turns":5},{"damage":53,"enemies":"3 Sentries","floor":7,"turns":13},{"damage":2,"enemies":"Cultist","floor":8,"turns":4},{"damage":2,"enemies":"Looter","floor":11,"turns":3},{"damage":17,"enemies":"Lagavulin","floor":14,"turns":7},{"damage":47,"enemies":"The Guardian","floor":16,"turns":16},{"damage":18,"enemies":"Chosen","floor":18,"turns":6},{"damage":10,"enemies":"Shell Parasite","floor":21,"turns":7},{"damage":22,"enemies":"Centurion and Healer","floor":22,"turns":7},{"damage":32,"enemies":"Book of Stabbing","floor":23,"turns":6},{"damage":16,"enemies":"Shelled Parasite and Fungi","floor":24,"turns":9},{"damage":28,"enemies":"Slavers","floor":27,"turns":8},{"damage":9,"enemies":"Book of Stabbing","floor":29,"turns":6},{"damage":6,"enemies":"Snecko","floor":31,"turns":4},{"damage":9,"enemies":"Champ","floor":33,"turns":10},{"damage":0,"enemies":"Orb Walker","floor":35,"turns":2},{"damage":0,"enemies":"3 Shapes","floor":36,"turns":2},{"damage":4,"enemies":"Writhing Mass","floor":37,"turns":6},{"damage":35,"enemies":"Jaw Worm Horde","floor":38,"turns":5},{"damage":26,"enemies":"Maw","floor":39,"turns":8},{"damage":3,"enemies":"Giant Head","floor":40,"turns":6},{"damage":2,"enemies":"Transient","floor":41,"turns":5},{"damage":34,"enemies":"Nemesis","floor":42,"turns":7},{"damage":18,"enemies":"Mind Bloom Boss Battle","floor":44,"turns":8},{"damage":7,"enemies":"Giant Head","floor":45,"turns":8},{"damage":36,"enemies":"Nemesis","floor":47,"turns":5},{"damage":11,"enemies":"4 Shapes","floor":48,"turns":5},{"damage":59,"enemies":"Donu and Deca","floor":50,"turns":7},{"damage":23,"enemies":"Shield and Spear","floor":54,"turns":15},{"damage":89,"enemies":"The Heart","floor":55,"turns":11}],"seed_played":"1878405897102844317","potions_obtained":[{"floor":7,"key":"Explosive Potion"},{"floor":8,"key":"Ancient Potion"},{"floor":11,"key":"Block Potion"},{"floor":16,"key":"LiquidBronze"},{"floor":23,"key":"Explosive Potion"},{"floor":29,"key":"Fire Potion"},{"floor":31,"key":"Swift Potion"},{"floor":33,"key":"SteroidPotion"},{"floor":38,"key":"Dexterity Potion"},{"floor":44,"key":"BloodPotion"}],"is_trial":false,"path_per_floor":["M","?","M","?","$","?","E","M","T","R","M","$","?","E","R","B",null,"M","?","T","M","M","E","M","R","T","E","R","E","R","M","R","B",null,"M","M","M","M","M","E","M","E","T","?","E","?","E","M","R","B",null,"R","$","E","B",null],"character_chosen":"IRONCLAD","items_purchased":["Reaper","Headbutt","Mummified Hand","Oddly Smooth Stone","Toolbox","Shrug It Off"],"campfire_rested":1,"item_purchase_floors":[5,12,53,53,53,53],"current_hp_per_floor":[80,55,59,59,59,64,29,39,39,39,43,43,43,32,55,26,79,75,75,75,76,71,49,71,71,81,115,115,116,116,116,116,116,122,122,122,125,125,129,129,129,126,126,132,132,132,102,136,136,136,136,136,136,137,93],"gold":437,"neow_bonus":"HUNDRED_GOLD","is_prod":false,"is_daily":false,"chose_seed":false,"campfire_upgraded":3,"win_rate":0,"timestamp":1552356942,"path_taken":["M","?","M","?","$","?","E","M","T","R","M","$","?","E","R","BOSS","M","?","?","M","M","E","M","R","T","E","R","E","R","?","R","BOSS","M","M","M","M","M","E","M","E","T","?","E","?","E","M","R","BOSS","R","$","E","BOSS"],"build_version":"2019-02-06","purchased_purges":2,"victory":true,"max_hp_per_floor":[80,80,80,80,80,85,85,85,85,85,85,85,79,79,79,79,79,82,82,82,86,90,94,101,101,111,115,115,119,119,119,119,122,122,122,122,125,125,129,129,129,129,129,132,132,132,132,136,136,136,136,136,136,139,139],"card_choices":[{"not_picked":["Thunderclap","Searing Blow"],"picked":"True Grit","floor":1},{"not_picked":["Iron Wave","Headbutt"],"picked":"Clothesline","floor":3},{"not_picked":["Intimidate","Rupture"],"picked":"Armaments","floor":7},{"not_picked":["Sentinel","Flex"],"picked":"Limit Break","floor":8},{"not_picked":["Anger","Bloodletting"],"picked":"Shrug It Off","floor":11},{"not_picked":["Bloodletting","Fiend Fire"],"picked":"Exhume","floor":14},{"not_picked":["Perfected Strike","Heavy Blade","Havoc"],"picked":"Sword Boomerang","floor":15},{"not_picked":["Juggernaut","Limit Break","Fiend Fire"],"picked":"Feed","floor":16},{"not_picked":["Pummel","Clothesline","Rampage"],"picked":"Flex+1","floor":18},{"not_picked":["Second Wind","Armaments","Clash"],"picked":"Battle Trance+1","floor":21},{"not_picked":["Twin Strike","Perfected Strike","Havoc"],"picked":"Demon Form","floor":22},{"not_picked":["Thunderclap","Reckless Charge+1","Headbutt"],"picked":"Feel No Pain","floor":23},{"not_picked":["Twin Strike","Combust","Entrench"],"picked":"Sword Boomerang","floor":24},{"not_picked":["Second Wind","Fire Breathing","Battle Trance"],"picked":"True Grit+1","floor":27},{"not_picked":["Sever Soul","Inflame+1","Clash"],"picked":"Shrug It Off","floor":29},{"not_picked":["Thunderclap","Burning Pact","Flex"],"picked":"Pummel+1","floor":31},{"not_picked":["Berserk","Dark Embrace","Feed"],"picked":"Brutality","floor":33},{"not_picked":["Warcry","Rage+1","Battle Trance"],"picked":"Shockwave","floor":35},{"not_picked":["Hemokinesis","Combust","Pommel Strike","Rampage"],"picked":"SKIP","floor":36},{"not_picked":["Infernal Blade","Iron Wave","Anger","True Grit"],"picked":"SKIP","floor":37},{"not_picked":["Brutality","Searing Blow+1","Perfected Strike"],"picked":"Shrug It Off+1","floor":38},{"not_picked":["Anger+1","Infernal Blade+1","Searing Blow"],"picked":"Warcry+1","floor":39},{"not_picked":["Pommel Strike","Bloodletting+1","Havoc"],"picked":"Demon Form","floor":40},{"not_picked":["Sword Boomerang+1","Dual Wield","Pommel Strike+1"],"picked":"Thunderclap+1","floor":41},{"not_picked":["Evolve","Bludgeon+1","Clash+1"],"picked":"Ghostly Armor+1","floor":42},{"not_picked":["True Grit","Seeing Red","Dropkick+1"],"picked":"Warcry+1","floor":44},{"not_picked":["True Grit","Wild Strike+1","Clothesline+1"],"picked":"Iron Wave+1","floor":45},{"not_picked":["Rampage+1","Searing Blow+1","Wild Strike+1"],"picked":"Flame Barrier","floor":47},{"not_picked":["Shrug It Off","Sword Boomerang+1","Clash+1"],"picked":"Battle Trance","floor":48},{"not_picked":["Bludgeon+1","Armaments+1","Rage"],"picked":"Pommel Strike+1","floor":54}],"player_experience":4878483,"relics_obtained":[{"floor":7,"key":"Torii"},{"floor":9,"key":"Gremlin Horn"},{"floor":14,"key":"Question Card"},{"floor":23,"key":"Girya"},{"floor":26,"key":"Pear"},{"floor":27,"key":"Mercury Hourglass"},{"floor":29,"key":"Bag of Preparation"},{"floor":40,"key":"Molten Egg 2"},{"floor":42,"key":"Orichalcum"},{"floor":43,"key":"MawBank"},{"floor":44,"key":"Incense Burner"},{"floor":45,"key":"Red Skull"},{"floor":47,"key":"Blood Vial"},{"floor":54,"key":"Turnip"}],"event_choices":[{"damage_healed":0,"gold_gain":0,"player_choice":"Success","damage_taken":25,"relics_obtained":["Dream Catcher"],"max_hp_gain":0,"max_hp_loss":0,"event_name":"Scrap Ooze","floor":2,"gold_loss":0},{"damage_healed":0,"gold_gain":0,"player_choice":"Grow","damage_taken":0,"max_hp_gain":0,"max_hp_loss":0,"event_name":"Living Wall","floor":4,"gold_loss":0,"cards_upgraded":["True Grit"]},{"damage_healed":0,"gold_gain":0,"player_choice":"Donut","damage_taken":0,"max_hp_gain":5,"max_hp_loss":0,"event_name":"Big Fish","floor":6,"gold_loss":0},{"damage_healed":0,"gold_gain":0,"player_choice":"Lose Max HP","damage_taken":0,"relics_obtained":["Golden Idol"],"max_hp_gain":0,"max_hp_loss":6,"event_name":"Golden Idol","floor":13,"gold_loss":0},{"damage_healed":0,"gold_gain":0,"player_choice":"Read","damage_taken":0,"max_hp_gain":0,"max_hp_loss":0,"event_name":"The Library","floor":19,"gold_loss":0,"cards_obtained":["Metallicize"]},{"damage_healed":0,"gold_gain":0,"player_choice":"Fight","damage_taken":0,"max_hp_gain":0,"max_hp_loss":0,"event_name":"MindBloom","floor":44,"gold_loss":0},{"damage_healed":0,"gold_gain":0,"player_choice":"Ignored","damage_taken":0,"max_hp_gain":0,"max_hp_loss":0,"event_name":"Tomb of Lord Red Mask","floor":46,"gold_loss":0}],"is_beta":true,"boss_relics":[{"not_picked":["Empty Cage","Black Blood"],"picked":"Coffee Dripper"},{"not_picked":["Runic Pyramid","Tiny House"],"picked":"Velvet Choker"}],"items_purged_floors":[5,53],"is_endless":false,"potions_floor_spawned":[7,8,11,16,23,29,31,33,35,38,41,44,48],"ascension_level":1}