{"gold_per_floor":[119,131,150,169,244,274,274,303,303,322,335,335,335,363,363,461,461,475,494,56,68,68,68,93,93,120,150,150,150,160,176,176,278,278,298,68,82,82,100,133,133,179,179,209,209,237,250,150,150,150,150,150,25,54,54],"floor_reached":56,"playtime":3476,"items_purged":["Strike_B","Hyperbeam","Multi-Cast"],"score":1475,"play_id":"9074ae93-a2fd-4ec4-8759-106795679dd7","local_time":"20190329113207","is_ascension_mode":true,"campfire_choices":[{"data":"Zap","floor":7,"key":"SMITH"},{"data":"Defragment","floor":12,"key":"SMITH"},{"data":"Coolheaded","floor":15,"key":"SMITH"},{"floor":23,"key":"REST"},{"data":"Coolheaded","floor":25,"key":"SMITH"},{"data":"Hologram","floor":32,"key":"SMITH"},{"floor":45,"key":"RECALL"},{"data":"Biased Cognition","floor":49,"key":"SMITH"},{"data":"Capacitor","floor":52,"key":"SMITH"}],"neow_cost":"TEN_PERCENT_HP_LOSS","seed_source_timestamp":1526196016802663,"circlet_count":0,"master_deck":["Zap+1","Dualcast","Cold Snap+1","Coolheaded+1","Gash","Streamline","Self Repair","Defragment+1","Stack","Coolheaded+1","Double Energy","FTL","All For One","Steam","Doom and Gloom","FTL","Capacitor","Hologram+1","Hologram","BootSequence","Storm+1","Conserve Battery","Biased Cognition+1","Rip and Tear","Sunder","Coolheaded","FTL","Capacitor+1","Leap+1","Panache","Mayhem","Coolheaded","Go for the Eyes+1","Hello World+1","Stack+1","Sweeping Beam+1","Go for the Eyes+1"],"relics":["Cracked Core","Peace Pipe","Kunai","Omamori","Happy Flower","Shuriken","Philosopher\u0027s Stone","Whetstone","Lantern","Bottled Tornado","Centennial Puzzle","Oddly Smooth Stone","Bottled Lightning","Pandora\u0027s Box","OrangePellets","Mercury Hourglass","Ice Cream","Anchor","Letter Opener","Thread and Needle"],"potions_floor_usage":[10,16,16,18,24,42,55,55,55],"damage_taken":[{"damage":1,"enemies":"Cultist","floor":1,"turns":3},{"damage":6,"enemies":"Jaw Worm","floor":2,"turns":3},{"damage":3,"enemies":"Small Slimes","floor":3,"turns":4},{"damage":4,"enemies":"Gremlin Gang","floor":4,"turns":4},{"damage":13,"enemies":"3 Sentries","floor":6,"turns":9},{"damage":4,"enemies":"Lagavulin","floor":8,"turns":7},{"damage":0,"enemies":"Exordium Wildlife","floor":10,"turns":1},{"damage":15,"enemies":"Large Slime","floor":11,"turns":5},{"damage":16,"enemies":"3 Sentries","floor":14,"turns":9},{"damage":0,"enemies":"The Guardian","floor":16,"turns":10},{"damage":13,"enemies":"2 Thieves","floor":18,"turns":4},{"damage":12,"enemies":"Shell Parasite","floor":19,"turns":5},{"damage":23,"enemies":"Snake Plant","floor":21,"turns":5},{"damage":16,"enemies":"Slavers","floor":24,"turns":4},{"damage":0,"enemies":"Book of Stabbing","floor":27,"turns":5},{"damage":0,"enemies":"Centurion and Healer","floor":30,"turns":6},{"damage":0,"enemies":"3 Cultists","floor":31,"turns":3},{"damage":7,"enemies":"Champ","floor":33,"turns":8},{"damage":4,"enemies":"Orb Walker","floor":35,"turns":3},{"damage":0,"enemies":"3 Darklings","floor":37,"turns":2},{"damage":2,"enemies":"Sphere and 2 Shapes","floor":39,"turns":4},{"damage":5,"enemies":"Reptomancer","floor":40,"turns":4},{"damage":10,"enemies":"2 Orb Walkers","floor":42,"turns":4},{"damage":0,"enemies":"Giant Head","floor":44,"turns":6},{"damage":0,"enemies":"Nemesis","floor":46,"turns":5},{"damage":0,"enemies":"Spire Growth","floor":47,"turns":3},{"damage":7,"enemies":"Awakened One","floor":50,"turns":7},{"damage":34,"enemies":"Shield and Spear","floor":54,"turns":4},{"damage":3,"enemies":"The Heart","floor":55,"turns":8}],"seed_played":"-6798969671566773226","potions_obtained":[{"floor":4,"key":"PowerPotion"},{"floor":6,"key":"SpeedPotion"},{"floor":8,"key":"Explosive Potion"},{"floor":14,"key":"FearPotion"},{"floor":18,"key":"LiquidBronze"},{"floor":19,"key":"Fire Potion"},{"floor":27,"key":"LiquidBronze"},{"floor":33,"key":"SpeedPotion"},{"floor":44,"key":"Regen Potion"}],"is_trial":false,"path_per_floor":["M","M","M","M","?","E","R","E","T","M","M","R","?","E","R","B",null,"M","M","$","M","?","R","E","R","T","E","T","?","M","M","R","B",null,"M","$","M","?","M","E","?","?","T","E","R","E","M","$","R","B",null,"R","$","E","B",null],"character_chosen":"DEFECT","items_purchased":["FTL","Capacitor","Whetstone","FocusPotion","OrangePellets","Capacitor"],"campfire_rested":1,"item_purchase_floors":[20,20,20,20,36,36],"current_hp_per_floor":[67,61,58,54,43,30,30,33,33,33,25,25,25,16,16,23,68,62,57,57,41,41,61,45,45,45,45,45,45,52,59,59,59,68,68,68,68,58,63,65,65,55,55,62,62,68,68,68,68,68,68,68,68,41,60],"gold":54,"neow_bonus":"ONE_RARE_RELIC","is_prod":false,"is_daily":false,"chose_seed":false,"campfire_upgraded":7,"win_rate":0,"timestamp":1553873527,"path_taken":["M","M","?","M","?","E","R","E","T","M","M","R","?","E","R","BOSS","M","?","$","M","?","R","E","R","T","E","?","?","M","?","R","BOSS","M","$","M","?","M","E","?","?","T","E","R","E","M","$","R","BOSS","R","$","E","BOSS"],"build_version":"2019-03-15","purchased_purges":3,"victory":true,"max_hp_per_floor":[68,68,68,68,68,68,68,68,68,68,68,68,68,68,68,68,68,68,68,68,68,68,68,68,68,68,68,68,68,68,68,68,68,68,68,68,68,68,68,68,68,68,68,68,68,68,68,68,68,68,68,68,68,68,68],"card_choices":[{"not_picked":["Barrage","Hologram"],"picked":"Cold Snap","floor":1},{"not_picked":["Cold Snap","Barrage"],"picked":"Coolheaded","floor":2},{"not_picked":["Turbo","Genetic Algorithm"],"picked":"Gash","floor":3},{"not_picked":["Sweeping Beam","Hello World"],"picked":"Streamline","floor":4},{"not_picked":["Lockon","Sweeping Beam"],"picked":"Self Repair","floor":6},{"not_picked":["Hello World","Capacitor"],"picked":"Defragment","floor":8},{"not_picked":["Beam Cell","Static Discharge"],"picked":"Stack","floor":10},{"not_picked":["Compile Driver","Leap"],"picked":"Coolheaded","floor":11},{"not_picked":["Hyperbeam","Reinforced Body"],"picked":"FTL","floor":14},{"not_picked":["Creative AI","Multi-Cast"],"picked":"All For One","floor":16},{"not_picked":["Ball Lightning+1","Beam Cell"],"picked":"Steam","floor":18},{"not_picked":["Cold Snap","Streamline+1"],"picked":"Doom and Gloom","floor":19},{"not_picked":["Scrape","Streamline"],"picked":"Hologram","floor":21},{"not_picked":["Redo","Amplify"],"picked":"Hologram","floor":24},{"not_picked":["Hologram","Hello World"],"picked":"BootSequence","floor":27},{"not_picked":["Leap","Stack+1"],"picked":"Storm+1","floor":30},{"not_picked":["Multi-Cast","Barrage"],"picked":"Conserve Battery","floor":31},{"not_picked":["Seek","Amplify"],"picked":"Biased Cognition","floor":33},{"not_picked":["Undo","Leap+1"],"picked":"FTL","floor":35},{"not_picked":["Gash","Rebound"],"picked":"Leap+1","floor":37},{"not_picked":["Dramatic Entrance","Purity"],"picked":"Panache","floor":38},{"not_picked":["Swift Strike","Violence"],"picked":"Mayhem","floor":38},{"not_picked":["Lockon+1","Double Energy","Streamline"],"picked":"SKIP","floor":39},{"not_picked":["Streamline+1","Recycle+1"],"picked":"Coolheaded","floor":40},{"not_picked":["Genetic Algorithm","Streamline"],"picked":"Go for the Eyes+1","floor":42},{"not_picked":["BootSequence","Rebound"],"picked":"Hello World+1","floor":44},{"not_picked":["Beam Cell+1","Compile Driver+1"],"picked":"Stack+1","floor":46},{"not_picked":["Lockon","Multi-Cast"],"picked":"Sweeping Beam+1","floor":47},{"not_picked":["Chaos+1","Force Field"],"picked":"Go for the Eyes+1","floor":54}],"player_experience":5075314,"relics_obtained":[{"floor":6,"key":"Kunai"},{"floor":8,"key":"Omamori"},{"floor":9,"key":"Happy Flower"},{"floor":14,"key":"Shuriken"},{"floor":24,"key":"Bottled Tornado"},{"floor":26,"key":"Centennial Puzzle"},{"floor":27,"key":"Oddly Smooth Stone"},{"floor":28,"key":"Bottled Lightning"},{"floor":40,"key":"Mercury Hourglass"},{"floor":42,"key":"Ice Cream"},{"floor":44,"key":"Anchor"},{"floor":46,"key":"Letter Opener"},{"floor":54,"key":"Thread and Needle"}],"event_choices":[{"damage_healed":0,"gold_gain":75,"player_choice":"Gather Gold","damage_taken":11,"max_hp_gain":0,"max_hp_loss":0,"event_name":"World of Goop","floor":5,"gold_loss":0},{"damage_healed":0,"gold_gain":0,"cards_transformed":["Strike_B"],"player_choice":"Transformed","damage_taken":0,"max_hp_gain":0,"max_hp_loss":0,"event_name":"Transmorgrifier","floor":13,"gold_loss":0,"cards_obtained":["Double Energy"]},{"damage_healed":0,"gold_gain":0,"player_choice":"Stole Relic","damage_taken":0,"relics_obtained":["Lantern"],"max_hp_gain":0,"max_hp_loss":0,"event_name":"Addict","floor":22,"gold_loss":0,"cards_obtained":["Shame"]},{"cards_removed":["Strike_B"],"damage_healed":0,"gold_gain":0,"player_choice":"Purged","damage_taken":0,"max_hp_gain":0,"max_hp_loss":0,"event_name":"Purifier","floor":29,"gold_loss":0},{"damage_healed":0,"gold_gain":0,"player_choice":"Memory 3","damage_taken":10,"max_hp_gain":0,"max_hp_loss":0,"event_name":"SensoryStone","floor":38,"gold_loss":0},{"damage_healed":0,"gold_gain":0,"player_choice":"Ignored","damage_taken":0,"max_hp_gain":0,"max_hp_loss":0,"event_name":"Tomb of Lord Red Mask","floor":41,"gold_loss":0},{"damage_healed":0,"gold_gain":0,"player_choice":"Fight","damage_taken":0,"max_hp_gain":0,"max_hp_loss":0,"event_name":"Mysterious Sphere","floor":42,"gold_loss":0}],"is_beta":true,"boss_relics":[{"not_picked":["White Beast Statue","Eternal Feather"],"picked":"Philosopher\u0027s Stone"},{"not_picked":["Empty Cage","Orrery"],"picked":"Pandora\u0027s Box"}],"items_purged_floors":[20,48,53],"is_endless":false,"potions_floor_spawned":[4,6,8,14,18,19,27,33,44,46,47],"ascension_level":1}