{"gold_per_floor":[109,124,135,146,163,163,173,185,212,212,237,237,202,229,229,325,325,338,261,278,296,395,427,427,427,482,492,492,511,511,511,511,616,616,630,52,52,52,22,52,52,52,52,52,69,99,99,114,114,114],"floor_reached":51,"playtime":2935,"items_purged":[],"score":956,"play_id":"0d573550-190a-4d82-b737-e4bdb4c9ae8a","local_time":"20180713123548","is_ascension_mode":true,"campfire_choices":[{"data":"Feed","floor":6,"key":"SMITH"},{"floor":10,"key":"REST"},{"data":"Offering","floor":12,"key":"SMITH"},{"floor":15,"key":"REST"},{"floor":24,"key":"REST"},{"floor":28,"key":"REST"},{"floor":30,"key":"REST"},{"floor":32,"key":"REST"},{"floor":41,"key":"REST"},{"floor":49,"key":"REST"}],"neow_cost":"NONE","seed_source_timestamp":43203578425307,"circlet_count":0,"master_deck":["Strike_R","Strike_R","Strike_R","Strike_R","Defend_R","Defend_R","Defend_R","Defend_R","Bash","Feed+1","Warcry","Iron Wave","Headbutt","Offering+1","Thunderclap","Shockwave","Battle Trance","Pommel Strike","Demon Form","Whirlwind+1","Spot Weakness+1","Flex","Iron Wave","Warcry","Iron Wave+1","Dropkick+1","Double Tap","Sword Boomerang+1","Flex","Evolve","Warcry+1","Panache+1","Armaments+1","Rage+1","Shrug It Off"],"relics":["Burning Blood","Art of War","Pen Nib","Question Card","Philosopher\u0027s Stone","Centennial Puzzle","Nloth\u0027s Gift","Mark of Pain","Lee\u0027s Waffle","Thread and Needle","Bronze Scales","Frozen Egg 2","Strawberry"],"potions_floor_usage":[16,16,21,21,33,40,46,50],"damage_taken":[{"damage":10,"enemies":"Cultist","floor":1,"turns":4},{"damage":9,"enemies":"Jaw Worm","floor":2,"turns":4},{"damage":6,"enemies":"2 Louse","floor":3,"turns":3},{"damage":5,"enemies":"2 Fungi Beasts","floor":4,"turns":3},{"damage":5,"enemies":"Looter","floor":5,"turns":2},{"damage":32,"enemies":"Exordium Thugs","floor":7,"turns":4},{"damage":13,"enemies":"3 Louse","floor":8,"turns":3},{"damage":13,"enemies":"Gremlin Nob","floor":11,"turns":3},{"damage":34,"enemies":"Lagavulin","floor":14,"turns":6},{"damage":81,"enemies":"The Guardian","floor":16,"turns":11},{"damage":29,"enemies":"3 Byrds","floor":18,"turns":5},{"damage":28,"enemies":"Shell Parasite","floor":20,"turns":3},{"damage":16,"enemies":"Centurion and Healer","floor":21,"turns":3},{"damage":11,"enemies":"Slavers","floor":23,"turns":2},{"damage":30,"enemies":"Cultist and Chosen","floor":27,"turns":5},{"damage":19,"enemies":"Snecko","floor":29,"turns":4},{"damage":119,"enemies":"Collector","floor":33,"turns":9},{"damage":56,"enemies":"3 Darklings","floor":35,"turns":4},{"damage":30,"enemies":"Nemesis","floor":40,"turns":3},{"damage":12,"enemies":"Flame Bruiser 1 Orb","floor":45,"turns":4},{"damage":36,"enemies":"Giant Head","floor":46,"turns":6},{"damage":48,"enemies":"Maw","floor":48,"turns":6},{"damage":97,"enemies":"Donu and Deca","floor":50,"turns":6}],"seed_played":"8878221897166451515","potions_obtained":[{"floor":2,"key":"LiquidBronze"},{"floor":5,"key":"FearPotion"},{"floor":8,"key":"SmokeBomb"},{"floor":14,"key":"PowerPotion"},{"floor":20,"key":"SkillPotion"},{"floor":29,"key":"BloodPotion"},{"floor":35,"key":"Explosive Potion"},{"floor":39,"key":"BloodPotion"},{"floor":39,"key":"Regen Potion"},{"floor":46,"key":"Fire Potion"},{"floor":48,"key":"Regen Potion"}],"is_trial":false,"path_per_floor":["M","M","M","M","M","R","M","M","T","R","E","R","?","E","R","B",null,"M","$","M","M","?","E","R","?","T","M","R","M","R","?","R","B",null,"M","$","?","?","?","E","R","$","T","?","M","E","$","M","R","B"],"character_chosen":"IRONCLAD","items_purchased":["Spot Weakness","Lee\u0027s Waffle","Flex","Thread and Needle","Evolve"],"campfire_rested":8,"item_purchase_floors":[19,36,36,36,36],"current_hp_per_floor":[79,79,82,86,90,90,64,57,57,85,82,82,99,75,103,32,88,69,69,51,41,41,36,70,46,46,22,58,45,81,81,117,20,98,48,131,131,131,131,111,135,135,135,135,129,119,119,77,119,43],"gold":114,"neow_bonus":"ONE_RANDOM_RARE_CARD","is_prod":false,"is_daily":false,"chose_seed":false,"campfire_upgraded":2,"win_rate":0,"timestamp":1531496148,"path_taken":["M","M","M","M","M","R","M","M","T","R","E","R","?","E","R","BOSS","M","$","M","M","?","E","R","?","T","M","R","M","R","?","R","BOSS","M","$","?","?","?","E","R","?","T","?","?","E","?","M","R","BOSS"],"build_version":"2018-07-12","purchased_purges":0,"victory":true,"max_hp_per_floor":[83,86,89,92,95,95,95,95,95,95,99,99,99,103,103,107,107,111,111,115,115,115,115,115,120,120,120,120,120,120,120,120,124,124,124,131,131,131,131,135,135,135,135,135,135,142,142,142,142,142],"card_choices":[{"not_picked":["Perfected Strike","Fire Breathing"],"picked":"Warcry","floor":1},{"not_picked":["Infernal Blade","Warcry"],"picked":"Iron Wave","floor":2},{"not_picked":["Thunderclap","Clash"],"picked":"Headbutt","floor":3},{"not_picked":["Clothesline","Anger"],"picked":"Offering","floor":4},{"not_picked":["Havoc","Shockwave"],"picked":"Thunderclap","floor":5},{"not_picked":["Pommel Strike","Havoc"],"picked":"Shockwave","floor":7},{"not_picked":["Uppercut","Anger"],"picked":"Battle Trance","floor":8},{"not_picked":["Carnage","Body Slam"],"picked":"Pommel Strike","floor":11},{"not_picked":["Twin Strike","Brutality","Sword Boomerang"],"picked":"SKIP","floor":14},{"not_picked":["Brutality","Offering","Feed"],"picked":"Demon Form","floor":16},{"not_picked":["Warcry+1","Havoc","Pommel Strike"],"picked":"Whirlwind+1","floor":18},{"not_picked":["Havoc","Twin Strike","Pummel+1"],"picked":"Flex","floor":20},{"not_picked":["Body Slam","Hemokinesis","Whirlwind"],"picked":"Iron Wave","floor":21},{"not_picked":["Entrench","Clash","Anger+1"],"picked":"Warcry","floor":23},{"not_picked":["Searing Blow","Pommel Strike","Warcry"],"picked":"Iron Wave+1","floor":27},{"not_picked":["Burning Pact","True Grit+1","Iron Wave+1"],"picked":"Dropkick+1","floor":29},{"not_picked":["Brutality","Dark Embrace","Feed"],"picked":"Double Tap","floor":33},{"not_picked":["Combust+1","Sever Soul","Havoc+1"],"picked":"Sword Boomerang+1","floor":35},{"not_picked":["Twin Strike","True Grit","Body Slam"],"picked":"Warcry+1","floor":40},{"not_picked":["Bandage Up","Apotheosis","Secret Technique"],"picked":"Panache+1","floor":44},{"not_picked":["Headbutt","Clash","Shockwave+1"],"picked":"Armaments+1","floor":45},{"not_picked":["Feed","True Grit+1","Clothesline"],"picked":"Rage+1","floor":46},{"not_picked":["Anger+1","Hemokinesis+1","Thunderclap"],"picked":"Shrug It Off","floor":48}],"player_experience":468450,"relics_obtained":[{"floor":9,"key":"Art of War"},{"floor":11,"key":"Pen Nib"},{"floor":14,"key":"Question Card"},{"floor":23,"key":"Centennial Puzzle"},{"floor":26,"key":"Orichalcum"},{"floor":40,"key":"Bronze Scales"},{"floor":43,"key":"Frozen Egg 2"},{"floor":46,"key":"Strawberry"}],"event_choices":[{"event_name":"The Cleric","player_choice":"Healed","floor":13,"damage_taken":0},{"event_name":"Nest","player_choice":"Stole From Cult","floor":22,"damage_taken":0},{"event_name":"Forgotten Altar","player_choice":"Shed Blood","floor":25,"damage_taken":0},{"event_name":"N\u0027loth","player_choice":"Traded a Orichalcum","floor":31,"damage_taken":0},{"event_name":"Wheel of Change","player_choice":"Card Removal","floor":37,"damage_taken":0},{"event_name":"Upgrade Shrine","player_choice":"Upgraded","floor":38,"damage_taken":0},{"event_name":"The Woman in Blue","player_choice":"Bought 2 Potions","floor":39,"damage_taken":0},{"event_name":"SensoryStone","player_choice":"Memory 1","floor":44,"damage_taken":0}],"boss_relics":[{"not_picked":["Runic Pyramid","Lizard Tail"],"picked":"Philosopher\u0027s Stone"},{"not_picked":["Orrery","Coffee Dripper"],"picked":"Mark of Pain"}],"items_purged_floors":[],"is_endless":false,"potions_floor_spawned":[2,5,8,14,20,29,35,46,48],"ascension_level":5}