{"gold_per_floor":[16,16,31,31,41,73,73,102,102,117,117,130,84,115,115,217,217,234,252,262,24,58,58,89,89,135,168,168,198,215,137,137,137],"floor_reached":33,"playtime":1266,"items_purged":[],"score":420,"play_id":"fe86a15f-8ae7-4120-a09e-02d595b9554d","local_time":"20181225162003","is_ascension_mode":true,"campfire_choices":[{"data":"Inflame","floor":7,"key":"SMITH"},{"data":"Armaments","floor":15,"key":"SMITH"},{"floor":23,"key":"REST"},{"data":"Armaments","floor":25,"key":"SMITH"},{"data":"Infernal Blade","floor":28,"key":"SMITH"},{"floor":32,"key":"REST"}],"neow_cost":"NO_GOLD","seed_source_timestamp":330073782408526,"circlet_count":0,"master_deck":["Strike_R","Strike_R","Strike_R","Strike_R","Strike_R","Defend_R","Defend_R","Defend_R","Bash","Dark Shackles","Secret Technique+1","Pommel Strike","Flex","Inflame+1","Armaments+1","Immolate","Pommel Strike","Flame Barrier","Shrug It Off","Entrench","Impervious","Flex","Perfected Strike+1","Armaments+1","Infernal Blade+1","Immolate","Ghostly Armor+1","Flex","Thunderclap","Thunderclap","Inflame"],"relics":["Burning Blood","Red Skull","Turnip","Pantograph","The Courier","Runic Dome","Ice Cream","Red Mask","Ancient Tea Set","Art of War","Strawberry","Centennial Puzzle"],"potions_floor_usage":[8,10,14,20,20,24,27,29,33],"damage_taken":[{"damage":6,"enemies":"Jaw Worm","floor":1,"turns":5},{"damage":7,"enemies":"Small Slimes","floor":3,"turns":4},{"damage":0,"enemies":"Cultist","floor":5,"turns":3},{"damage":60,"enemies":"3 Sentries","floor":6,"turns":11},{"damage":22,"enemies":"Gremlin Nob","floor":8,"turns":4},{"damage":4,"enemies":"Large Slime","floor":10,"turns":2},{"damage":0,"enemies":"Exordium Wildlife","floor":12,"turns":1},{"damage":12,"enemies":"Lagavulin","floor":14,"turns":5},{"damage":39,"enemies":"Slime Boss","floor":16,"turns":9},{"damage":7,"enemies":"3 Byrds","floor":18,"turns":5},{"damage":20,"enemies":"Spheric Guardian","floor":19,"turns":5},{"damage":18,"enemies":"Shelled Parasite and Fungi","floor":20,"turns":4},{"damage":15,"enemies":"Masked Bandits","floor":22,"turns":3},{"damage":15,"enemies":"Slavers","floor":24,"turns":4},{"damage":16,"enemies":"Book of Stabbing","floor":27,"turns":4},{"damage":20,"enemies":"Slavers","floor":29,"turns":4},{"damage":19,"enemies":"Chosen and Byrds","floor":30,"turns":5},{"damage":94,"enemies":"Automaton","floor":33,"turns":6}],"seed_played":"-7682932364972938466","potions_obtained":[{"floor":6,"key":"Dexterity Potion"},{"floor":8,"key":"Energy Potion"},{"floor":10,"key":"Poison Potion"},{"floor":16,"key":"EntropicBrew"},{"floor":20,"key":"Explosive Potion"},{"floor":24,"key":"EssenceOfSteel"},{"floor":29,"key":"Energy Potion"}],"is_trial":false,"path_per_floor":["M","?","M","?","M","E","R","E","T","M","?","M","$","E","R","B",null,"M","M","M","$","?","R","E","R","T","E","R","E","M","$","R","B"],"character_chosen":"IRONCLAD","items_purchased":["Shrug It Off","Ice Cream","Thunderclap","Inflame"],"campfire_rested":2,"item_purchase_floors":[13,21,31,31],"current_hp_per_floor":[72,72,71,71,77,23,23,7,7,9,35,41,41,35,35,27,67,66,52,40,40,31,55,46,46,46,43,43,29,16,16,42,0],"gold":137,"neow_bonus":"RANDOM_COLORLESS_2","is_prod":false,"is_daily":false,"chose_seed":false,"campfire_upgraded":4,"win_rate":0,"timestamp":1545765603,"path_taken":["M","?","M","?","?","E","R","E","T","M","?","M","$","E","R","BOSS","M","M","M","$","?","R","E","R","T","E","R","E","M","$","R","BOSS"],"build_version":"2018-12-20","purchased_purges":0,"victory":false,"max_hp_per_floor":[80,80,80,80,80,80,80,80,80,80,80,80,80,80,80,80,80,80,80,80,80,80,80,80,80,80,87,87,87,87,87,87,87],"card_choices":[{"not_picked":["Anger","Body Slam"],"picked":"Pommel Strike","floor":1},{"not_picked":["Dropkick","Whirlwind"],"picked":"Flex","floor":3},{"not_picked":["Heavy Blade","Pommel Strike"],"picked":"Inflame","floor":5},{"not_picked":["Rupture","Sword Boomerang"],"picked":"Armaments","floor":6},{"not_picked":["Iron Wave","Wild Strike"],"picked":"Immolate","floor":8},{"not_picked":["Cleave","Thunderclap"],"picked":"Pommel Strike","floor":10},{"not_picked":["True Grit","Whirlwind"],"picked":"Flame Barrier","floor":12},{"not_picked":["Havoc","Dual Wield"],"picked":"Entrench","floor":14},{"not_picked":["Feed","Dark Embrace"],"picked":"Impervious","floor":16},{"not_picked":["Clothesline","Sentinel"],"picked":"Flex","floor":18},{"not_picked":["Warcry","Iron Wave+1"],"picked":"Perfected Strike+1","floor":19},{"not_picked":["Fire Breathing","Havoc"],"picked":"Armaments","floor":20},{"not_picked":["Cleave","Iron Wave"],"picked":"Infernal Blade","floor":22},{"not_picked":["Rampage","Warcry"],"picked":"Immolate","floor":24},{"not_picked":["Dropkick","Anger"],"picked":"Ghostly Armor+1","floor":27},{"not_picked":["Twin Strike","Havoc"],"picked":"Flex","floor":29},{"not_picked":["Sword Boomerang","True Grit"],"picked":"Thunderclap","floor":30}],"player_experience":530974,"relics_obtained":[{"floor":6,"key":"Red Skull"},{"floor":8,"key":"Turnip"},{"floor":9,"key":"Pantograph"},{"floor":14,"key":"The Courier"},{"floor":22,"key":"Red Mask"},{"floor":24,"key":"Ancient Tea Set"},{"floor":26,"key":"Art of War"},{"floor":27,"key":"Strawberry"},{"floor":29,"key":"Centennial Puzzle"}],"event_choices":[{"damage_healed":0,"gold_gain":0,"player_choice":"Grow","damage_taken":0,"max_hp_gain":0,"max_hp_loss":0,"event_name":"Living Wall","floor":2,"gold_loss":0,"cards_upgraded":["Secret Technique"]},{"cards_removed":["Defend_R"],"damage_healed":0,"gold_gain":0,"player_choice":"Offered Basic","damage_taken":0,"max_hp_gain":0,"max_hp_loss":0,"event_name":"Bonfire Elementals","floor":4,"gold_loss":0},{"damage_healed":26,"gold_gain":0,"player_choice":"Banana","damage_taken":0,"max_hp_gain":0,"max_hp_loss":0,"event_name":"Big Fish","floor":11,"gold_loss":0},{"damage_healed":0,"gold_gain":0,"player_choice":"Fought Bandits","damage_taken":0,"max_hp_gain":0,"max_hp_loss":0,"event_name":"Masked Bandits","floor":22,"gold_loss":0}],"is_beta":false,"boss_relics":[{"not_picked":["Eternal Feather","Runic Cube"],"picked":"Runic Dome"}],"items_purged_floors":[],"is_endless":false,"potions_floor_spawned":[6,8,10,16,20,24,29],"killed_by":"Automaton","ascension_level":6}