{"gold_per_floor":[111,40,40,40,54,79,40,40,64,92,92,111,111,122,122,122],"floor_reached":16,"playtime":449,"items_purged":[],"score":193,"play_id":"b21f0f3f-3de1-42dd-af35-844d544b0691","local_time":"20190224151953","is_ascension_mode":true,"campfire_choices":[{"data":"Self Repair","floor":8,"key":"SMITH"},{"data":"Fusion","floor":11,"key":"SMITH"},{"floor":15,"key":"REST"}],"neow_cost":"NONE","seed_source_timestamp":870284732597414,"circlet_count":0,"master_deck":["Strike_B","Strike_B+1","Strike_B","Strike_B","Defend_B","Defend_B","Defend_B","Defend_B","Zap","Dualcast","FTL+1","Thunder Strike","Regret","Fusion+1","Machine Learning","Self Repair+1","Sweeping Beam","Darkness","Darkness"],"relics":["Cracked Core","NeowsBlessing","Vajra","Dream Catcher","Art of War","PreservedInsect","GremlinMask"],"potions_floor_usage":[10],"damage_taken":[{"damage":0,"enemies":"Cultist","floor":1,"turns":1},{"damage":0,"enemies":"Jaw Worm","floor":5,"turns":1},{"damage":0,"enemies":"Lagavulin","floor":6,"turns":1},{"damage":31,"enemies":"Gremlin Nob","floor":10,"turns":4},{"damage":2,"enemies":"Small Slimes","floor":12,"turns":3},{"damage":18,"enemies":"Blue Slaver","floor":14,"turns":3},{"damage":47,"enemies":"The Guardian","floor":16,"turns":4}],"seed_played":"7464162387605216021","potions_obtained":[{"floor":1,"key":"Ancient Potion"},{"floor":6,"key":"Block Potion"},{"floor":12,"key":"Ancient Potion"},{"floor":14,"key":"LiquidBronze"}],"is_trial":false,"path_per_floor":["M","$","?","?","M","E","$","R","T","E","R","M","?","M","R","B"],"character_chosen":"DEFECT","items_purchased":["Thunder Strike","Self Repair"],"campfire_rested":1,"item_purchase_floors":[2,7],"current_hp_per_floor":[68,68,68,53,53,53,53,53,53,32,32,30,30,22,44,0],"gold":122,"neow_bonus":"THREE_ENEMY_KILL","is_prod":false,"is_daily":false,"chose_seed":false,"campfire_upgraded":2,"win_rate":0,"timestamp":1551032393,"path_taken":["M","?","?","?","M","E","?","R","T","E","R","?","?","?","R","BOSS"],"build_version":"2019-01-23","purchased_purges":0,"victory":false,"max_hp_per_floor":[75,75,75,75,75,75,75,75,75,75,75,75,75,75,75,75],"card_choices":[{"not_picked":["Tempest","Capacitor"],"picked":"FTL","floor":1},{"not_picked":["Redo","Leap"],"picked":"Fusion","floor":5},{"not_picked":["Scrape","BootSequence"],"picked":"Machine Learning","floor":6},{"not_picked":["Static Discharge","Turbo"],"picked":"Sweeping Beam","floor":10},{"not_picked":["Barrage","Coolheaded"],"picked":"Darkness","floor":12},{"not_picked":["Turbo","Coolheaded"],"picked":"Darkness","floor":14}],"player_experience":861357,"relics_obtained":[{"floor":6,"key":"Dream Catcher"},{"floor":9,"key":"Art of War"},{"floor":10,"key":"PreservedInsect"}],"event_choices":[{"damage_healed":0,"gold_gain":0,"player_choice":"Box","damage_taken":0,"relics_obtained":["Vajra"],"max_hp_gain":0,"max_hp_loss":0,"event_name":"Big Fish","floor":3,"gold_loss":0,"cards_obtained":["Regret"]},{"damage_healed":0,"gold_gain":0,"player_choice":"Entered Light","damage_taken":15,"max_hp_gain":0,"max_hp_loss":0,"event_name":"Shining Light","floor":4,"gold_loss":0,"cards_upgraded":["FTL","Strike_B"]},{"damage_healed":0,"gold_gain":0,"player_choice":"Trade","damage_taken":0,"relics_obtained":["GremlinMask"],"max_hp_gain":0,"max_hp_loss":0,"event_name":"FaceTrader","floor":13,"gold_loss":0}],"is_beta":false,"boss_relics":[],"items_purged_floors":[],"is_endless":false,"potions_floor_spawned":[1,6,12,14],"killed_by":"The Guardian","ascension_level":9}