{"gold_per_floor":[364,380,392,248,248,281,281,306,332,345,377,397,408,434,434,535,535,548,69,169,187,187,215,98,133,159,190,209,239,253,268,268,371,371,386,71,81,92,92,120,120,154,154,187,206,219,230,263,263,263,263,263,14,44,44],"floor_reached":56,"playtime":2580,"items_purged":[],"score":1872,"play_id":"9aa668ec-d660-4de8-89f2-385bd9862da7","local_time":"20190222102220","is_ascension_mode":true,"campfire_choices":[{"floor":7,"key":"REST"},{"data":"Armaments","floor":15,"key":"SMITH"},{"data":"Perfected Strike","floor":32,"key":"SMITH"},{"floor":41,"key":"RECALL"},{"data":"Perfected Strike","floor":49,"key":"SMITH"},{"data":"Perfected Strike","floor":52,"key":"SMITH"}],"neow_cost":"TEN_PERCENT_HP_LOSS","seed_source_timestamp":5869407904897543,"circlet_count":0,"master_deck":["Strike_R","Strike_R+1","Strike_R","Strike_R","Strike_R","Defend_R+1","Defend_R+1","Defend_R","Defend_R","Bash","Perfected Strike+1","Ghostly Armor+1","Twin Strike","Wild Strike","Armaments+1","Headbutt","Pommel Strike","Thunderclap","Perfected Strike+1","Double Tap","Shockwave","Evolve","Armaments","Wild Strike+1","Power Through+1","Necronomicurse","Wild Strike","Pommel Strike","True Grit+1","Twin Strike","Battle Trance+1","Disarm+1","Flame Barrier+1","Dual Wield+1","Pommel Strike","Bludgeon","Uppercut","Corruption","Shrug It Off+1","Rage+1","Perfected Strike+1","Power Through+1","Dark Shackles+1","Deep Breath+1","Jack Of All Trades+1","Offering+1","Perfected Strike+1","Armaments+1","Twin Strike","Rage+1","Shrug It Off+1"],"relics":["Burning Blood","Juzu Bracelet","Anchor","Bag of Marbles","War Paint","Sundial","Meat on the Bone","Philosopher\u0027s Stone","Orichalcum","Strange Spoon","Torii","Toxic Egg 2","Necronomicon","Thread and Needle","Kunai","Strawberry","Paper Frog","Dream Catcher","Snecko Eye","PreservedInsect","Happy Flower","Bottled Flame","Bottled Lightning","Pantograph","Self Forming Clay","Red Skull"],"potions_floor_usage":[6,8,25,55,55,55],"damage_taken":[{"damage":2,"enemies":"Small Slimes","floor":1,"turns":4},{"damage":8,"enemies":"Jaw Worm","floor":2,"turns":3},{"damage":0,"enemies":"2 Louse","floor":3,"turns":2},{"damage":22,"enemies":"Lagavulin","floor":6,"turns":12},{"damage":15,"enemies":"3 Sentries","floor":8,"turns":10},{"damage":0,"enemies":"2 Fungi Beasts","floor":10,"turns":2},{"damage":14,"enemies":"Gremlin Nob","floor":11,"turns":3},{"damage":0,"enemies":"3 Louse","floor":12,"turns":3},{"damage":0,"enemies":"Large Slime","floor":13,"turns":4},{"damage":3,"enemies":"3 Sentries","floor":14,"turns":6},{"damage":23,"enemies":"The Guardian","floor":16,"turns":11},{"damage":0,"enemies":"3 Byrds","floor":18,"turns":3},{"damage":7,"enemies":"Colosseum Slavers","floor":20,"turns":3},{"damage":2,"enemies":"Colosseum Nobs","floor":20,"turns":3},{"damage":0,"enemies":"Shell Parasite","floor":21,"turns":1},{"damage":0,"enemies":"Gremlin Leader","floor":23,"turns":4},{"damage":8,"enemies":"Book of Stabbing","floor":25,"turns":4},{"damage":14,"enemies":"Slavers","floor":27,"turns":6},{"damage":0,"enemies":"Snake Plant","floor":28,"turns":1},{"damage":0,"enemies":"Gremlin Leader","floor":29,"turns":3},{"damage":0,"enemies":"Snecko","floor":30,"turns":1},{"damage":2,"enemies":"Sentry and Sphere","floor":31,"turns":4},{"damage":0,"enemies":"Champ","floor":33,"turns":4},{"damage":0,"enemies":"3 Shapes","floor":35,"turns":2},{"damage":0,"enemies":"Orb Walker","floor":37,"turns":1},{"damage":0,"enemies":"Transient","floor":38,"turns":5},{"damage":0,"enemies":"Reptomancer","floor":40,"turns":2},{"damage":0,"enemies":"Nemesis","floor":42,"turns":1},{"damage":0,"enemies":"Giant Head","floor":44,"turns":1},{"damage":0,"enemies":"Writhing Mass","floor":45,"turns":1},{"damage":0,"enemies":"Sphere and 2 Shapes","floor":46,"turns":2},{"damage":0,"enemies":"Spire Growth","floor":47,"turns":1},{"damage":0,"enemies":"Reptomancer","floor":48,"turns":1},{"damage":0,"enemies":"Time Eater","floor":50,"turns":3},{"damage":6,"enemies":"Shield and Spear","floor":54,"turns":2},{"damage":12,"enemies":"The Heart","floor":55,"turns":6}],"seed_played":"3635724827542236826","potions_obtained":[{"floor":2,"key":"PowerPotion"},{"floor":6,"key":"GamblersBrew"},{"floor":8,"key":"Dexterity Potion"},{"floor":11,"key":"LiquidBronze"},{"floor":13,"key":"SkillPotion"},{"floor":16,"key":"Ancient Potion"},{"floor":27,"key":"AttackPotion"},{"floor":28,"key":"Weak Potion"},{"floor":46,"key":"PowerPotion"}],"is_trial":false,"path_per_floor":["M","M","M","$","?","E","R","E","T","M","E","M","M","E","R","B",null,"M","$","?","M","?","E","$","E","T","E","M","E","M","M","R","B",null,"M","$","M","M","?","E","R","E","T","E","M","M","M","E","R","B",null,"R","$","E","B",null],"character_chosen":"IRONCLAD","items_purchased":["Juzu Bracelet","Evolve","Orichalcum","Strange Spoon","Armaments","Wild Strike","Pommel Strike","True Grit+1","Corruption","Shrug It Off+1","Rage+1","PreservedInsect","Self Forming Clay"],"campfire_rested":1,"item_purchase_floors":[4,19,19,19,19,24,24,24,36,36,36,36,53],"current_hp_per_floor":[72,70,72,72,58,42,63,54,54,60,52,58,64,67,67,50,72,72,72,72,72,56,62,62,60,67,59,65,71,77,79,79,79,79,79,79,79,79,69,75,75,79,79,79,79,79,79,79,79,79,79,79,79,79,73],"gold":44,"neow_bonus":"TWO_FIFTY_GOLD","is_prod":false,"is_daily":false,"chose_seed":false,"campfire_upgraded":4,"win_rate":0,"timestamp":1550848940,"path_taken":["M","M","M","$","?","E","R","E","T","M","E","M","M","E","R","BOSS","M","$","?","M","?","E","?","E","T","E","M","E","M","M","R","BOSS","M","$","M","M","?","E","R","E","T","E","M","M","M","E","R","BOSS","R","$","E","BOSS"],"build_version":"2019-02-06","purchased_purges":0,"victory":true,"max_hp_per_floor":[72,72,72,72,72,72,72,72,72,72,72,72,72,72,72,72,72,72,72,72,72,72,72,72,72,79,79,79,79,79,79,79,79,79,79,79,79,79,79,79,79,79,79,79,79,79,79,79,79,79,79,79,79,79,79],"card_choices":[{"not_picked":["Anger","Thunderclap"],"picked":"Perfected Strike","floor":1},{"not_picked":["Havoc","Thunderclap"],"picked":"Ghostly Armor","floor":2},{"not_picked":["Seeing Red","Cleave"],"picked":"Twin Strike","floor":3},{"not_picked":["Limit Break","Sword Boomerang","Body Slam"],"picked":"SKIP","floor":6},{"not_picked":["True Grit","Clothesline"],"picked":"Wild Strike","floor":8},{"not_picked":["Cleave","Brutality"],"picked":"Armaments","floor":10},{"not_picked":["Entrench","Anger"],"picked":"Headbutt","floor":11},{"not_picked":["Iron Wave","Cleave"],"picked":"Pommel Strike","floor":12},{"not_picked":["Flame Barrier","Inflame"],"picked":"Thunderclap","floor":13},{"not_picked":["Anger","Havoc"],"picked":"Perfected Strike","floor":14},{"not_picked":["Juggernaut","Demon Form"],"picked":"Double Tap","floor":16},{"not_picked":["Fire Breathing","Metallicize"],"picked":"Shockwave","floor":18},{"not_picked":["Sword Boomerang+1","Clash+1"],"picked":"Wild Strike+1","floor":20},{"not_picked":["Carnage","Cleave"],"picked":"Power Through+1","floor":21},{"not_picked":["Sword Boomerang+1","Evolve","Clash"],"picked":"SKIP","floor":23},{"not_picked":["Body Slam","Impervious+1"],"picked":"Twin Strike","floor":25},{"not_picked":["Warcry+1","Clash+1"],"picked":"Battle Trance+1","floor":27},{"not_picked":["Battle Trance+1","Warcry+1"],"picked":"Disarm+1","floor":28},{"not_picked":["Anger+1","Pummel"],"picked":"Flame Barrier+1","floor":29},{"not_picked":["Disarm+1","Dropkick"],"picked":"Dual Wield+1","floor":30},{"not_picked":["Armaments+1","Heavy Blade"],"picked":"Pommel Strike","floor":31},{"not_picked":["Barricade","Demon Form"],"picked":"Bludgeon","floor":33},{"not_picked":["Feel No Pain","Havoc+1"],"picked":"Uppercut","floor":35},{"not_picked":["True Grit+1","Wild Strike"],"picked":"Perfected Strike","floor":37},{"not_picked":["Intimidate+1","Seeing Red+1"],"picked":"Power Through+1","floor":38},{"not_picked":["Sadistic Nature","Forethought+1"],"picked":"Dark Shackles+1","floor":39},{"not_picked":["Madness+1","Bandage Up+1"],"picked":"Deep Breath+1","floor":39},{"not_picked":["Thinking Ahead+1","Trip+1"],"picked":"Jack Of All Trades+1","floor":39},{"not_picked":["Heavy Blade+1","Warcry+1"],"picked":"Offering+1","floor":40},{"not_picked":["Cleave+1","Shrug It Off+1"],"picked":"Perfected Strike+1","floor":42},{"not_picked":["Thunderclap","Rage+1"],"picked":"Armaments+1","floor":44},{"not_picked":["Body Slam+1","Warcry+1"],"picked":"Twin Strike","floor":45},{"not_picked":["Clash","Heavy Blade+1"],"picked":"Rage+1","floor":46},{"not_picked":["Iron Wave","Feed","Combust+1"],"picked":"SKIP","floor":47},{"not_picked":["Body Slam+1","Heavy Blade+1"],"picked":"Shrug It Off+1","floor":48},{"not_picked":["Immolate","Anger","Second Wind+1"],"picked":"SKIP","floor":54}],"player_experience":4646806,"relics_obtained":[{"floor":6,"key":"Anchor"},{"floor":8,"key":"Bag of Marbles"},{"floor":9,"key":"War Paint"},{"floor":11,"key":"Sundial"},{"floor":14,"key":"Meat on the Bone"},{"floor":20,"key":"Torii"},{"floor":20,"key":"Toxic Egg 2"},{"floor":22,"key":"Necronomicon"},{"floor":23,"key":"Thread and Needle"},{"floor":25,"key":"Kunai"},{"floor":26,"key":"Strawberry"},{"floor":27,"key":"Paper Frog"},{"floor":29,"key":"Dream Catcher"},{"floor":40,"key":"Happy Flower"},{"floor":42,"key":"Bottled Flame"},{"floor":44,"key":"Bottled Lightning"},{"floor":48,"key":"Pantograph"},{"floor":54,"key":"Red Skull"}],"event_choices":[{"damage_healed":0,"gold_gain":0,"player_choice":"Entered Light","damage_taken":14,"max_hp_gain":0,"max_hp_loss":0,"event_name":"Shining Light","floor":5,"gold_loss":0,"cards_upgraded":["Strike_R","Defend_R"]},{"damage_healed":0,"gold_gain":0,"player_choice":"Fight","damage_taken":0,"max_hp_gain":0,"max_hp_loss":0,"event_name":"Colosseum","floor":20,"gold_loss":0},{"damage_healed":0,"gold_gain":0,"player_choice":"Fought Nobs","damage_taken":0,"max_hp_gain":0,"max_hp_loss":0,"event_name":"Colosseum","floor":20,"gold_loss":0},{"damage_healed":0,"gold_gain":0,"player_choice":"Obtained Book","damage_taken":16,"max_hp_gain":0,"max_hp_loss":0,"event_name":"Cursed Tome","floor":22,"gold_loss":0},{"damage_healed":0,"gold_gain":0,"player_choice":"Memory 3","damage_taken":10,"max_hp_gain":0,"max_hp_loss":0,"event_name":"SensoryStone","floor":39,"gold_loss":0}],"is_beta":true,"boss_relics":[{"not_picked":["White Beast Statue","Fusion Hammer"],"picked":"Philosopher\u0027s Stone"},{"not_picked":["Runic Pyramid","Empty Cage"],"picked":"Snecko Eye"}],"items_purged_floors":[],"is_endless":false,"potions_floor_spawned":[2,6,8,11,13,16,21,27,28,31,33,40,44,45,46,47,54],"ascension_level":1}