{"gold_per_floor":[113,35,35,45,58,58,58,74,99,99,128,128,106,137,137,240,240,259,259,184,184,41,41,60,90,90,90,120,120,131,148,148,243,243,260,280,80,80,91,91],"floor_reached":40,"playtime":1292,"items_purged":[],"score":731,"play_id":"b59e763e-dfd5-4ee7-a09b-94f27089d2bb","local_time":"20190320014451","is_ascension_mode":true,"campfire_choices":[{"data":"Rupture","floor":6,"key":"SMITH"},{"data":"Havoc","floor":10,"key":"SMITH"},{"floor":12,"key":"REST"},{"floor":15,"key":"REST"},{"floor":23,"key":"REST"},{"floor":29,"key":"RECALL"},{"floor":32,"key":"REST"}],"neow_cost":"NONE","seed_source_timestamp":604975481832022,"circlet_count":0,"master_deck":["AscendersBane","Defend_R+1","Defend_R","Defend_R","Defend_R","Bash+1","Combust+1","Rupture+1","Blood for Blood","Shrug It Off","Havoc+1","Spot Weakness","Armaments","Reaper","Immolate","Infernal Blade+1","Headbutt+1","Immolate+1","Blood for Blood","Armaments+1","Spot Weakness","Limit Break","Sword Boomerang+1","True Grit","Impervious","Parasite"],"relics":["Burning Blood","Ancient Tea Set","Art of War","Kunai","Astrolabe","Blood Vial","Strawberry","Gremlin Horn","Happy Flower","Philosopher\u0027s Stone","Medical Kit"],"potions_floor_usage":[25,25,28,33,36,36],"damage_taken":[{"damage":1,"enemies":"Cultist","floor":1,"turns":3},{"damage":2,"enemies":"2 Louse","floor":4,"turns":3},{"damage":6,"enemies":"Jaw Worm","floor":5,"turns":4},{"damage":3,"enemies":"Large Slime","floor":8,"turns":4},{"damage":39,"enemies":"Gremlin Nob","floor":11,"turns":4},{"damage":21,"enemies":"Lagavulin","floor":14,"turns":7},{"damage":41,"enemies":"Slime Boss","floor":16,"turns":9},{"damage":24,"enemies":"3 Byrds","floor":18,"turns":3},{"damage":32,"enemies":"Shell Parasite","floor":24,"turns":6},{"damage":0,"enemies":"Gremlin Leader","floor":25,"turns":4},{"damage":25,"enemies":"Slavers","floor":28,"turns":3},{"damage":26,"enemies":"Shelled Parasite and Fungi","floor":30,"turns":3},{"damage":15,"enemies":"Snecko","floor":31,"turns":4},{"damage":87,"enemies":"Automaton","floor":33,"turns":8},{"damage":22,"enemies":"Orb Walker","floor":35,"turns":4},{"damage":10,"enemies":"3 Shapes","floor":36,"turns":4},{"damage":29,"enemies":"Writhing Mass","floor":39,"turns":6},{"damage":97,"enemies":"Nemesis","floor":40,"turns":6}],"seed_played":"6481916492149268600","potions_obtained":[{"floor":1,"key":"GamblersBrew"},{"floor":8,"key":"SpeedPotion"},{"floor":16,"key":"Strength Potion"},{"floor":25,"key":"Poison Potion"},{"floor":28,"key":"Explosive Potion"},{"floor":30,"key":"AttackPotion"},{"floor":33,"key":"AttackPotion"}],"is_trial":false,"path_per_floor":["M","$","?","M","M","R","?","M","T","R","E","R","$","E","R","B",null,"M","?","?","?","$","R","M","E","T","$","E","R","M","M","R","B",null,"M","M","$","?","M","E"],"character_chosen":"IRONCLAD","items_purchased":["Rupture","Armaments","Blood Vial","Medical Kit"],"campfire_rested":4,"item_purchase_floors":[2,13,22,37],"current_hp_per_floor":[77,77,61,65,65,65,65,68,68,68,35,59,59,44,68,51,73,61,61,61,46,46,71,58,82,82,82,65,65,47,50,77,15,73,66,76,76,76,70,0],"gold":91,"neow_bonus":"UPGRADE_CARD","is_prod":false,"is_daily":false,"chose_seed":false,"campfire_upgraded":2,"win_rate":0,"timestamp":1553057091,"path_taken":["M","?","?","M","M","R","?","M","T","R","E","R","$","E","R","BOSS","M","?","?","?","$","R","M","E","T","?","E","R","?","M","R","BOSS","M","M","$","?","M","E"],"build_version":"2019-01-23","purchased_purges":0,"victory":false,"max_hp_per_floor":[80,80,80,80,80,80,80,80,80,80,80,80,80,80,80,80,80,80,80,80,85,85,85,85,92,92,92,92,92,92,92,92,92,92,92,92,92,92,92,92],"card_choices":[{"not_picked":["Heavy Blade","Reckless Charge"],"picked":"Combust","floor":1},{"not_picked":["Body Slam","Thunderclap"],"picked":"Blood for Blood","floor":4},{"not_picked":["Anger","Seeing Red"],"picked":"Shrug It Off","floor":5},{"not_picked":["Flame Barrier","Second Wind"],"picked":"Havoc","floor":8},{"not_picked":["Combust","Infernal Blade"],"picked":"Spot Weakness","floor":11},{"not_picked":["Spot Weakness","Battle Trance"],"picked":"Reaper","floor":14},{"not_picked":["Demon Form","Barricade"],"picked":"Immolate","floor":16},{"not_picked":["Warcry+1","Headbutt"],"picked":"Blood for Blood","floor":18},{"not_picked":["Anger","True Grit"],"picked":"Armaments+1","floor":24},{"not_picked":["Sword Boomerang","Twin Strike"],"picked":"Spot Weakness","floor":25},{"not_picked":["Rage","Perfected Strike","Armaments"],"picked":"SKIP","floor":28},{"not_picked":["Havoc","Combust+1","Shrug It Off"],"picked":"SKIP","floor":30},{"not_picked":["Wild Strike","Perfected Strike","Reckless Charge"],"picked":"SKIP","floor":31},{"not_picked":["Double Tap","Immolate"],"picked":"Limit Break","floor":33},{"not_picked":["Perfected Strike+1","Flex+1"],"picked":"Sword Boomerang+1","floor":35},{"not_picked":["Cleave","Flex","Whirlwind"],"picked":"SKIP","floor":36},{"not_picked":["Combust+1","Ghostly Armor","Anger"],"picked":"SKIP","floor":39}],"player_experience":977432,"relics_obtained":[{"floor":9,"key":"Ancient Tea Set"},{"floor":11,"key":"Art of War"},{"floor":14,"key":"Kunai"},{"floor":25,"key":"Strawberry"},{"floor":26,"key":"Gremlin Horn"},{"floor":28,"key":"Happy Flower"}],"event_choices":[{"damage_healed":0,"gold_gain":0,"player_choice":"Entered Light","damage_taken":16,"max_hp_gain":0,"max_hp_loss":0,"event_name":"Shining Light","floor":3,"gold_loss":0,"cards_upgraded":["Strike_R","Defend_R"]},{"damage_healed":0,"gold_gain":0,"player_choice":"Grow","damage_taken":0,"max_hp_gain":0,"max_hp_loss":0,"event_name":"Living Wall","floor":7,"gold_loss":0,"cards_upgraded":["Combust"]},{"cards_removed":["Strike_R"],"damage_healed":0,"gold_gain":0,"player_choice":"Elegance","damage_taken":0,"max_hp_gain":0,"max_hp_loss":0,"event_name":"Back to Basics","floor":19,"gold_loss":0},{"cards_removed":["Strike_R"],"damage_healed":0,"gold_gain":0,"player_choice":"Gave Gold","damage_taken":0,"max_hp_gain":0,"max_hp_loss":0,"event_name":"Beggar","floor":20,"gold_loss":75},{"damage_healed":0,"gold_gain":0,"player_choice":"Shed Blood","damage_taken":20,"max_hp_gain":5,"max_hp_loss":0,"event_name":"Forgotten Altar","floor":21,"gold_loss":0},{"damage_healed":0,"gold_gain":0,"player_choice":"2 cards matched","damage_taken":0,"max_hp_gain":0,"max_hp_loss":0,"event_name":"Match and Keep!","floor":38,"gold_loss":0,"cards_obtained":["True Grit","Impervious"]}],"is_beta":false,"boss_relics":[{"not_picked":["Calling Bell","Eternal Feather"],"picked":"Astrolabe"},{"not_picked":["Black Star","Empty Cage"],"picked":"Philosopher\u0027s Stone"}],"items_purged_floors":[],"is_endless":false,"potions_floor_spawned":[1,8,16,25,28,30,33,35],"killed_by":"Nemesis","ascension_level":12}