{"gold_per_floor":[114,114,127,146,165,165,190,190,215,215,215,16,43,6,6,6],"floor_reached":16,"playtime":686,"items_purged":[],"score":130,"play_id":"f133f02b-7961-43e2-9642-603e0a8615a7","local_time":"20180712133126","is_ascension_mode":true,"campfire_choices":[{"data":"Redo","floor":6,"key":"SMITH"},{"floor":8,"key":"REST"},{"floor":10,"key":"REST"},{"floor":15,"key":"REST"}],"neow_cost":"NONE","seed_source_timestamp":1018318937492538,"circlet_count":0,"master_deck":["Strike_B","Strike_B","Strike_B","Strike_B","Defend_B","Defend_B","Defend_B","Zap","Dualcast","FTL","White Noise","Capacitor","Redo+1","Streamline","Capacitor","Go for the Eyes"],"relics":["Cracked Core","Dream Catcher","Juzu Bracelet","Ancient Tea Set","Toy Ornithopter","Lantern"],"potions_floor_usage":[5],"damage_taken":[{"damage":5,"enemies":"Cultist","floor":1,"turns":4},{"damage":1,"enemies":"2 Louse","floor":3,"turns":2},{"damage":9,"enemies":"Jaw Worm","floor":4,"turns":3},{"damage":7,"enemies":"Blue Slaver","floor":5,"turns":4},{"damage":25,"enemies":"Gremlin Nob","floor":7,"turns":4},{"damage":17,"enemies":"3 Sentries","floor":13,"turns":6},{"damage":71,"enemies":"The Guardian","floor":16,"turns":9}],"seed_played":"6136245672249474669","potions_obtained":[{"floor":2,"key":"FairyPotion"},{"floor":2,"key":"LiquidBronze"},{"floor":2,"key":"Block Potion"},{"floor":4,"key":"SkillPotion"},{"floor":13,"key":"PowerPotion"}],"is_trial":false,"path_per_floor":["M","?","M","M","M","R","E","R","T","R","?","$","E","$","R"],"character_chosen":"DEFECT","items_purchased":["Toy Ornithopter","Capacitor"],"campfire_rested":3,"item_purchase_floors":[12,14],"current_hp_per_floor":[70,70,69,60,53,53,28,50,50,72,65,65,48,48,70,7],"gold":6,"neow_bonus":"RANDOM_COMMON_RELIC","is_prod":false,"is_daily":false,"chose_seed":false,"campfire_upgraded":1,"win_rate":0,"timestamp":1531413086,"path_taken":["M","?","?","M","M","R","E","R","T","R","?","$","E","?","R","BOSS"],"build_version":"2018-07-05","purchased_purges":0,"victory":false,"max_hp_per_floor":[75,75,75,75,75,75,75,75,75,75,75,75,75,75,75,75],"card_choices":[{"not_picked":["Redo","Leap"],"picked":"FTL","floor":1},{"not_picked":["Steam","Ball Lightning"],"picked":"White Noise","floor":3},{"not_picked":["Auto Shields","Coolheaded"],"picked":"Capacitor","floor":4},{"not_picked":["Cold Snap","Barrage"],"picked":"Redo","floor":5},{"not_picked":["Cold Snap","Fusion","Blizzard"],"picked":"SKIP","floor":7},{"not_picked":["Sweeping Beam","Reinforced Body"],"picked":"Streamline","floor":13},{"not_picked":["Fusion","Genetic Algorithm"],"picked":"Go for the Eyes","floor":15}],"player_experience":438002,"relics_obtained":[{"floor":7,"key":"Juzu Bracelet"},{"floor":9,"key":"Ancient Tea Set"},{"floor":13,"key":"Lantern"}],"event_choices":[{"event_name":"The Lab","player_choice":"Got Potions","floor":2,"damage_taken":0},{"event_name":"Golden Wing","player_choice":"Card Removal","floor":11,"damage_taken":0}],"boss_relics":[],"items_purged_floors":[],"is_endless":false,"potions_floor_spawned":[4,13],"killed_by":"The Guardian","ascension_level":4}