{"gold_per_floor":[112,63,63,11,29,56,70,89,137,137,137,165,165,194,194,297,297,310,327,357,372,392,422,8,37,37,62,82,82,82,96,96,196,196,215,437,437,450,127,158,158,184,184,196,528,542,542,542,542,542,542,542,33,67,67],"floor_reached":56,"playtime":4471,"items_purged":["Strike_B","Strike_B","Strike_B+1"],"score":1782,"play_id":"3ee5f27f-9497-46ea-bb5f-3527a0445954","local_time":"20190307151931","is_ascension_mode":true,"campfire_choices":[{"data":"Consume","floor":11,"key":"SMITH"},{"data":"Zap","floor":15,"key":"SMITH"},{"data":"Loop","floor":30,"key":"SMITH"},{"data":"Darkness","floor":32,"key":"SMITH"},{"data":"Storm","floor":41,"key":"SMITH"},{"floor":47,"key":"RECALL"},{"floor":49,"key":"REST"},{"floor":52,"key":"REST"}],"neow_cost":"NONE","seed_source_timestamp":446689051435,"circlet_count":0,"master_deck":["Strike_B+1","Defend_B+1","Defend_B+1","Defend_B+1","Defend_B+1","Zap+1","Dualcast+1","FTL+1","Conserve Battery+1","Ball Lightning+1","Cold Snap+1","Conserve Battery+1","Consume+1","Undo+1","White Noise+1","Electrodynamics+1","Cold Snap+1","Chill+1","Darkness+1","Loop+1","Glacier+1","Loop+1","Conserve Battery+1","Ghostly+1","Ghostly+1","Ghostly+1","Ghostly+1","Ghostly+1","Sweeping Beam+1","Buffer+1","Capacitor+1","Ball Lightning+1","Storm+1","Go for the Eyes+1","Coolheaded+1","Hologram+1","Loop","Reinforced Body+1"],"relics":["Cracked Core","NeowsBlessing","Singing Bowl","Anchor","Vajra","DataDisk","Cables","Runic Pyramid","Red Mask","Darkstone Periapt","Runic Capacitor","Happy Flower","Incense Burner","Potion Belt","Velvet Choker","Toolbox","Matryoshka","Question Card","Oddly Smooth Stone","Old Coin","Mark of the Bloom","Bottled Tornado"],"potions_floor_usage":[20,23,55,55],"damage_taken":[{"damage":0,"enemies":"Cultist","floor":1,"turns":1},{"damage":0,"enemies":"2 Louse","floor":5,"turns":1},{"damage":0,"enemies":"Lagavulin","floor":6,"turns":1},{"damage":0,"enemies":"Jaw Worm","floor":7,"turns":3},{"damage":2,"enemies":"3 Louse","floor":8,"turns":4},{"damage":5,"enemies":"3 Sentries","floor":12,"turns":6},{"damage":16,"enemies":"Gremlin Nob","floor":14,"turns":4},{"damage":11,"enemies":"The Guardian","floor":16,"turns":10},{"damage":1,"enemies":"2 Thieves","floor":18,"turns":4},{"damage":0,"enemies":"Chosen","floor":19,"turns":3},{"damage":0,"enemies":"Masked Bandits","floor":20,"turns":2},{"damage":0,"enemies":"Centurion and Healer","floor":21,"turns":5},{"damage":0,"enemies":"Shelled Parasite and Fungi","floor":22,"turns":5},{"damage":5,"enemies":"Gremlin Leader","floor":23,"turns":6},{"damage":0,"enemies":"Book of Stabbing","floor":25,"turns":5},{"damage":0,"enemies":"Gremlin Leader","floor":27,"turns":4},{"damage":0,"enemies":"Cultist and Chosen","floor":28,"turns":4},{"damage":0,"enemies":"Snake Plant","floor":31,"turns":4},{"damage":0,"enemies":"Collector","floor":33,"turns":10},{"damage":0,"enemies":"3 Darklings","floor":35,"turns":5},{"damage":0,"enemies":"Orb Walker","floor":38,"turns":2},{"damage":0,"enemies":"Giant Head","floor":40,"turns":8},{"damage":0,"enemies":"Reptomancer","floor":42,"turns":5},{"damage":10,"enemies":"Writhing Mass","floor":44,"turns":5},{"damage":0,"enemies":"Giant Head","floor":45,"turns":9},{"damage":0,"enemies":"Maw","floor":46,"turns":5},{"damage":0,"enemies":"Time Eater","floor":50,"turns":9},{"damage":0,"enemies":"Shield and Spear","floor":54,"turns":6},{"damage":0,"enemies":"The Heart","floor":55,"turns":12}],"seed_played":"-8978256478008801780","potions_obtained":[{"floor":1,"key":"Regen Potion"},{"floor":7,"key":"SmokeBomb"},{"floor":12,"key":"Ancient Potion"},{"floor":16,"key":"Block Potion"},{"floor":21,"key":"PowerPotion"},{"floor":23,"key":"Swift Potion"},{"floor":27,"key":"SteroidPotion"},{"floor":31,"key":"EntropicBrew"},{"floor":33,"key":"Swift Potion"}],"is_trial":false,"path_per_floor":["M","$","?","$","M","E","M","M","T","?","R","E","?","E","R","B",null,"M","M","?","M","M","E","$","E","T","E","M","?","R","M","R","B",null,"M","?","?","M","$","E","R","E","T","M","E","M","R","?","R","B",null,"R","$","E","B",null],"character_chosen":"DEFECT","items_purchased":["Conserve Battery","Ball Lightning","Runic Capacitor","Glacier","Loop","Ball Lightning","Toolbox","Bottled Tornado","PowerPotion","Loop"],"campfire_rested":2,"item_purchase_floors":[2,4,24,24,24,39,39,53,53,53],"current_hp_per_floor":[75,75,75,75,75,75,75,75,75,63,63,58,63,47,47,36,82,83,83,83,83,85,80,80,82,82,84,84,45,45,45,45,45,45,47,47,45,45,45,45,45,45,45,37,37,37,37,37,37,37,37,37,37,37,37],"gold":67,"neow_bonus":"THREE_ENEMY_KILL","is_prod":false,"is_daily":false,"chose_seed":false,"campfire_upgraded":5,"win_rate":0,"timestamp":1551989971,"path_taken":["M","$","?","$","M","E","?","M","T","?","R","E","?","E","R","BOSS","M","M","?","M","M","E","?","E","T","E","M","?","R","?","R","BOSS","M","?","?","M","$","E","R","E","T","M","E","M","R","?","R","BOSS","R","$","E","BOSS"],"build_version":"2019-02-06","purchased_purges":3,"victory":true,"max_hp_per_floor":[75,75,75,75,75,75,75,77,77,77,77,77,82,82,82,82,82,84,84,84,84,86,86,86,88,88,90,90,45,45,45,45,45,45,47,47,45,45,45,45,45,45,45,47,47,47,47,47,47,47,47,47,47,47,47],"card_choices":[{"not_picked":["Beam Cell","Compile Driver"],"picked":"FTL","floor":1},{"not_picked":["Turbo","White Noise"],"picked":"Cold Snap","floor":5},{"not_picked":["Aggregate","Static Discharge"],"picked":"Conserve Battery","floor":6},{"not_picked":["Hologram","Sweeping Beam"],"picked":"Consume","floor":7},{"not_picked":["Streamline","Hyperbeam","Leap"],"picked":"Singing Bowl","floor":8},{"not_picked":["Heatsinks","Beam Cell"],"picked":"Undo","floor":12},{"not_picked":["Redo","Recycle"],"picked":"White Noise","floor":14},{"not_picked":["Fission","Biased Cognition"],"picked":"Electrodynamics","floor":16},{"not_picked":["Genetic Algorithm","Consume","Hologram"],"picked":"Singing Bowl","floor":18},{"not_picked":["Streamline","Rebound"],"picked":"Cold Snap","floor":19},{"not_picked":["Beam Cell","Conserve Battery+1"],"picked":"Chill+1","floor":20},{"not_picked":["Go for the Eyes","White Noise"],"picked":"Darkness","floor":21},{"not_picked":["Aggregate","Streamline","Barrage"],"picked":"Singing Bowl","floor":22},{"not_picked":["Aggregate","Heatsinks"],"picked":"Loop+1","floor":23},{"not_picked":["Rebound+1","Sweeping Beam","Gash"],"picked":"Singing Bowl","floor":25},{"not_picked":["Barrage","Ball Lightning","Beam Cell+1"],"picked":"Singing Bowl","floor":27},{"not_picked":["All For One","Steam"],"picked":"Conserve Battery+1","floor":28},{"not_picked":["Barrage","Lockon"],"picked":"Sweeping Beam+1","floor":31},{"not_picked":["Seek","Machine Learning"],"picked":"Buffer","floor":33},{"not_picked":["Compile Driver+1","Force Field","Fusion"],"picked":"Singing Bowl","floor":35},{"not_picked":["Hologram+1","Blizzard"],"picked":"Capacitor","floor":38},{"not_picked":["Double Energy+1","BootSequence"],"picked":"Storm","floor":40},{"not_picked":["Melter+1","Rebound+1"],"picked":"Go for the Eyes","floor":42},{"not_picked":["Sweeping Beam","Beam Cell+1","Lockon+1","Barrage+1"],"picked":"Singing Bowl","floor":44},{"not_picked":["Hologram","Blizzard","Double Energy"],"picked":"Coolheaded","floor":45},{"not_picked":["Stack","White Noise","Leap+1"],"picked":"Hologram+1","floor":46},{"not_picked":["Stack+1","Beam Cell","Rip and Tear"],"picked":"Reinforced Body+1","floor":54}],"player_experience":4843482,"relics_obtained":[{"floor":6,"key":"Singing Bowl"},{"floor":9,"key":"Anchor"},{"floor":12,"key":"DataDisk"},{"floor":14,"key":"Cables"},{"floor":20,"key":"Red Mask"},{"floor":23,"key":"Darkstone Periapt"},{"floor":25,"key":"Happy Flower"},{"floor":26,"key":"Incense Burner"},{"floor":27,"key":"Potion Belt"},{"floor":40,"key":"Matryoshka"},{"floor":42,"key":"Question Card"},{"floor":43,"key":"Oddly Smooth Stone"},{"floor":45,"key":"Old Coin"}],"event_choices":[{"damage_healed":0,"gold_gain":0,"player_choice":"Bought 0 Potions","damage_taken":0,"max_hp_gain":0,"max_hp_loss":0,"event_name":"The Woman in Blue","floor":3,"gold_loss":0},{"damage_healed":0,"gold_gain":0,"player_choice":"Success","damage_taken":12,"relics_obtained":["Vajra"],"max_hp_gain":0,"max_hp_loss":0,"event_name":"Scrap Ooze","floor":10,"gold_loss":0},{"damage_healed":0,"gold_gain":0,"player_choice":"Donut","damage_taken":0,"max_hp_gain":5,"max_hp_loss":0,"event_name":"Big Fish","floor":13,"gold_loss":0},{"damage_healed":0,"gold_gain":0,"player_choice":"Fought Bandits","damage_taken":0,"max_hp_gain":0,"max_hp_loss":0,"event_name":"Masked Bandits","floor":20,"gold_loss":0},{"damage_healed":0,"gold_gain":0,"player_choice":"Became a Ghost","damage_taken":0,"max_hp_gain":0,"max_hp_loss":45,"event_name":"Ghosts","floor":29,"gold_loss":0,"cards_obtained":["Ghostly","Ghostly","Ghostly","Ghostly","Ghostly"]},{"damage_healed":0,"gold_gain":222,"player_choice":"Wore Mask","damage_taken":0,"max_hp_gain":0,"max_hp_loss":0,"event_name":"Tomb of Lord Red Mask","floor":36,"gold_loss":0},{"damage_healed":0,"gold_gain":0,"player_choice":"Max HP","damage_taken":0,"max_hp_gain":0,"max_hp_loss":2,"event_name":"Winding Halls","floor":37,"gold_loss":0},{"damage_healed":0,"gold_gain":0,"player_choice":"Upgrade","damage_taken":0,"relics_obtained":["Mark of the Bloom"],"max_hp_gain":0,"max_hp_loss":0,"event_name":"MindBloom","floor":48,"gold_loss":0,"cards_upgraded":["Strike_B","Strike_B","Defend_B","Defend_B","Defend_B","Defend_B","Dualcast","FTL","Conserve Battery","Ball Lightning","Cold Snap","Conserve Battery","Undo","White Noise","Electrodynamics","Cold Snap","Glacier","Ghostly","Ghostly","Ghostly","Ghostly","Ghostly","Buffer","Capacitor","Ball Lightning","Go for the Eyes","Coolheaded"]}],"is_beta":true,"boss_relics":[{"not_picked":["Eternal Feather","White Beast Statue"],"picked":"Runic Pyramid"},{"not_picked":["Pandora\u0027s Box","Astrolabe"],"picked":"Velvet Choker"}],"items_purged_floors":[24,39,53],"is_endless":false,"potions_floor_spawned":[1,7,12,16,18,21,23,27,31,33,35],"ascension_level":1}