{"gold_per_floor":[13,13,13,32,43,75,87,115,115,132,132,132,164,174,174,273,273,285,385,54,67,67,93,112,112,112,112,137,157,176,21,21,126,126,141,151,202,219,23,55,55,55,101,115,115,140,140,166,166,166,166,166,26,60,60],"floor_reached":56,"playtime":4024,"items_purged":["Defend_B","Strike_B"],"score":1345,"play_id":"28180d04-2d9c-4099-b92b-fcc141d646e2","local_time":"20190425140905","is_ascension_mode":true,"campfire_choices":[{"data":"Defragment","floor":11,"key":"SMITH"},{"data":"Streamline","floor":15,"key":"SMITH"},{"floor":25,"key":"REST"},{"data":"Biased Cognition","floor":27,"key":"SMITH"},{"data":"Meteor Strike","floor":32,"key":"SMITH"},{"data":"Coolheaded","floor":42,"key":"SMITH"},{"data":"Amplify","floor":45,"key":"SMITH"},{"floor":49,"key":"RECALL"},{"data":"Fission","floor":52,"key":"SMITH"}],"neow_cost":"NO_GOLD","seed_source_timestamp":392461931233335,"circlet_count":0,"master_deck":["Strike_B","Defend_B+1","Defend_B","Defend_B","Zap","Dualcast","Rip and Tear","Barrage","Conserve Battery","Ball Lightning","Streamline+1","Fusion","Defragment+1","Sweeping Beam","Chill","Biased Cognition+1","Undo+1","Undo","Hologram+1","Meteor Strike+1","Glacier","Fission+1","Coolheaded+1","Ball Lightning","Lockon+1","Hologram+1","Defragment+1","Capacitor+1","Skim","Amplify+1","Loop+1","Static Discharge+1","Glacier"],"relics":["Cracked Core","Pocketwatch","Bronze Scales","Oddly Smooth Stone","Question Card","Bird Faced Urn","Busted Crown","Ice Cream","Frozen Egg 2","Mummified Hand","Prayer Wheel","Pantograph","War Paint","Orrery","Gambling Chip","Orichalcum","Ginger","Omamori","Unceasing Top"],"potions_floor_usage":[19,21,23,28,33,33,37,40,55,55,55],"damage_taken":[{"damage":0,"enemies":"Cultist","floor":1,"turns":3},{"damage":0,"enemies":"2 Louse","floor":4,"turns":2},{"damage":2,"enemies":"Jaw Worm","floor":5,"turns":2},{"damage":19,"enemies":"3 Sentries","floor":6,"turns":7},{"damage":1,"enemies":"Exordium Wildlife","floor":7,"turns":2},{"damage":9,"enemies":"Gremlin Nob","floor":8,"turns":3},{"damage":1,"enemies":"2 Fungi Beasts","floor":10,"turns":3},{"damage":13,"enemies":"3 Sentries","floor":13,"turns":6},{"damage":0,"enemies":"Looter","floor":14,"turns":3},{"damage":9,"enemies":"Hexaghost","floor":16,"turns":7},{"damage":4,"enemies":"Shell Parasite","floor":18,"turns":4},{"damage":3,"enemies":"Colosseum Slavers","floor":19,"turns":4},{"damage":19,"enemies":"Colosseum Nobs","floor":19,"turns":4},{"damage":0,"enemies":"3 Byrds","floor":21,"turns":2},{"damage":34,"enemies":"Slavers","floor":23,"turns":5},{"damage":4,"enemies":"Cultist and Chosen","floor":24,"turns":5},{"damage":18,"enemies":"Gremlin Leader","floor":28,"turns":5},{"damage":5,"enemies":"Snake Plant","floor":29,"turns":4},{"damage":0,"enemies":"Centurion and Healer","floor":30,"turns":6},{"damage":15,"enemies":"Champ","floor":33,"turns":9},{"damage":1,"enemies":"3 Shapes","floor":35,"turns":4},{"damage":0,"enemies":"3 Darklings","floor":36,"turns":6},{"damage":15,"enemies":"2 Orb Walkers","floor":37,"turns":4},{"damage":1,"enemies":"Sphere and 2 Shapes","floor":38,"turns":5},{"damage":7,"enemies":"Reptomancer","floor":40,"turns":5},{"damage":0,"enemies":"Writhing Mass","floor":44,"turns":6},{"damage":2,"enemies":"Giant Head","floor":46,"turns":8},{"damage":0,"enemies":"Reptomancer","floor":48,"turns":5},{"damage":4,"enemies":"Time Eater","floor":50,"turns":11},{"damage":20,"enemies":"Shield and Spear","floor":54,"turns":4},{"damage":21,"enemies":"The Heart","floor":55,"turns":10}],"seed_played":"8181135164863657631","potions_obtained":[{"floor":1,"key":"Swift Potion"},{"floor":8,"key":"SpeedPotion"},{"floor":10,"key":"SmokeBomb"},{"floor":14,"key":"Block Potion"},{"floor":18,"key":"Strength Potion"},{"floor":24,"key":"Explosive Potion"},{"floor":28,"key":"SpeedPotion"},{"floor":36,"key":"SkillPotion"},{"floor":38,"key":"EssenceOfSteel"},{"floor":44,"key":"LiquidBronze"},{"floor":46,"key":"LiquidBronze"}],"is_trial":false,"path_per_floor":["M","$","?","M","M","E","M","E","T","M","R","?","E","M","R","B",null,"M","?","$","M","?","E","M","R","T","R","E","M","M","$","R","B",null,"M","M","?","M","$","E","?","R","T","M","R","E","?","E","R","B",null,"R","$","E","B",null],"character_chosen":"DEFECT","items_purchased":["Mummified Hand","Ancient Potion","Glacier","Capacitor+1","Skim","Dexterity Potion","Static Discharge+1"],"campfire_rested":1,"item_purchase_floors":[20,20,31,39,39,39,53],"current_hp_per_floor":[75,75,75,75,73,54,53,44,44,43,43,43,30,32,32,25,75,75,56,56,58,58,28,28,50,50,50,36,35,39,39,39,53,75,75,75,62,63,63,64,64,64,64,72,72,75,75,75,75,75,75,75,75,57,66],"gold":60,"neow_bonus":"ONE_RARE_RELIC","is_prod":false,"is_daily":false,"chose_seed":false,"campfire_upgraded":7,"win_rate":1,"timestamp":1556197745,"path_taken":["M","?","?","?","M","E","M","E","T","M","R","?","E","M","R","BOSS","M","?","$","M","?","E","M","R","T","R","E","M","M","?","R","BOSS","M","M","?","M","$","E","?","R","T","M","R","E","?","E","R","BOSS","R","$","E","BOSS"],"build_version":"2019-04-23","purchased_purges":2,"victory":true,"max_hp_per_floor":[75,75,75,75,75,75,75,75,75,75,75,75,75,75,75,75,75,75,75,75,75,75,75,75,75,75,75,75,75,75,75,75,75,75,75,75,75,75,75,75,75,75,75,75,75,75,75,75,75,75,75,75,75,75,75],"card_choices":[{"not_picked":["FTL","Hello World"],"picked":"Rip and Tear","floor":1},{"not_picked":["Redo","Reprogram"],"picked":"Barrage","floor":4},{"not_picked":["Steam","Leap"],"picked":"Conserve Battery","floor":5},{"not_picked":["Fission","Steam"],"picked":"Ball Lightning","floor":6},{"not_picked":["Redo","Stack"],"picked":"Streamline","floor":7},{"not_picked":["Reboot","Redo"],"picked":"Fusion","floor":8},{"not_picked":["Sweeping Beam","Reprogram","Consume"],"picked":"Defragment","floor":10},{"not_picked":["Darkness","Hologram","Compile Driver"],"picked":"Sweeping Beam","floor":13},{"not_picked":["Static Discharge","BootSequence","Conserve Battery"],"picked":"Chill","floor":14},{"not_picked":["Echo Form","All For One","Rainbow"],"picked":"Biased Cognition","floor":16},{"not_picked":["Double Energy+1"],"picked":"Leap","floor":18},{"not_picked":["Chaos","Cold Snap"],"picked":"SKIP","floor":21},{"not_picked":["Rebound+1","Gash"],"picked":"SKIP","floor":23},{"not_picked":["Double Energy"],"picked":"Undo","floor":24},{"not_picked":["Doom and Gloom","Beam Cell"],"picked":"SKIP","floor":24},{"not_picked":["Reprogram","Cold Snap"],"picked":"SKIP","floor":28},{"not_picked":["Aggregate"],"picked":"Undo","floor":29},{"not_picked":["FTL","Hologram"],"picked":"SKIP","floor":29},{"not_picked":["Chill"],"picked":"Hologram+1","floor":30},{"not_picked":["Leap+1"],"picked":"Meteor Strike","floor":30},{"not_picked":["Rainbow"],"picked":"Fission","floor":33},{"not_picked":["Steam"],"picked":"Coolheaded","floor":34},{"not_picked":["Cold Snap"],"picked":"Ball Lightning","floor":34},{"not_picked":["Redo"],"picked":"Lockon+1","floor":35},{"not_picked":["Storm+1","Fusion+1"],"picked":"SKIP","floor":35},{"not_picked":["Streamline"],"picked":"Hologram+1","floor":36},{"not_picked":["Hologram","Force Field"],"picked":"SKIP","floor":36},{"not_picked":["Steam"],"picked":"Defragment+1","floor":38},{"not_picked":["Beam Cell+1","Streamline"],"picked":"SKIP","floor":38},{"not_picked":["Leap","Melter+1"],"picked":"SKIP","floor":40},{"not_picked":["Redo"],"picked":"Amplify","floor":44},{"not_picked":["Stack","Cold Snap"],"picked":"SKIP","floor":44},{"not_picked":["Lockon","Hologram+1"],"picked":"SKIP","floor":46},{"not_picked":["Stack+1"],"picked":"Loop+1","floor":48},{"not_picked":["Gash"],"picked":"Glacier","floor":54}],"player_experience":24327,"relics_obtained":[{"floor":6,"key":"Bronze Scales"},{"floor":8,"key":"Oddly Smooth Stone"},{"floor":9,"key":"Question Card"},{"floor":13,"key":"Bird Faced Urn"},{"floor":19,"key":"Ice Cream"},{"floor":19,"key":"Frozen Egg 2"},{"floor":23,"key":"Prayer Wheel"},{"floor":26,"key":"Pantograph"},{"floor":28,"key":"War Paint"},{"floor":37,"key":"Gambling Chip"},{"floor":40,"key":"Orichalcum"},{"floor":46,"key":"Ginger"},{"floor":48,"key":"Omamori"},{"floor":54,"key":"Unceasing Top"}],"event_choices":[{"cards_removed":["Strike_B"],"damage_healed":0,"gold_gain":0,"player_choice":"Offered Basic","damage_taken":0,"max_hp_gain":0,"max_hp_loss":0,"event_name":"Bonfire Elementals","floor":3,"gold_loss":0},{"cards_removed":["Strike_B"],"damage_healed":0,"gold_gain":0,"player_choice":"Purged","damage_taken":0,"max_hp_gain":0,"max_hp_loss":0,"event_name":"Purifier","floor":12,"gold_loss":0},{"damage_healed":0,"gold_gain":0,"player_choice":"Fight","damage_taken":0,"max_hp_gain":0,"max_hp_loss":0,"event_name":"Colosseum","floor":19,"gold_loss":0},{"damage_healed":0,"gold_gain":0,"player_choice":"Fought Nobs","damage_taken":0,"max_hp_gain":0,"max_hp_loss":0,"event_name":"Colosseum","floor":19,"gold_loss":0},{"damage_healed":0,"gold_gain":0,"player_choice":"Fight","damage_taken":0,"max_hp_gain":0,"max_hp_loss":0,"event_name":"Mysterious Sphere","floor":37,"gold_loss":0},{"cards_removed":["Leap"],"damage_healed":0,"gold_gain":0,"player_choice":"Removed Skill","damage_taken":0,"max_hp_gain":0,"max_hp_loss":0,"event_name":"Falling","floor":41,"gold_loss":0},{"damage_healed":0,"gold_gain":0,"player_choice":"Memory 1","damage_taken":0,"max_hp_gain":0,"max_hp_loss":0,"event_name":"SensoryStone","floor":47,"gold_loss":0}],"is_beta":true,"boss_relics":[{"not_picked":["Astrolabe","Cursed Key"],"picked":"Busted Crown"},{"not_picked":["Calling Bell","Philosopher\u0027s Stone"],"picked":"Orrery"}],"items_purged_floors":[31,53],"is_endless":false,"potions_floor_spawned":[1,8,10,14,18,24,28,36,38,44,46],"ascension_level":2}