{"gold_per_floor":[113,129,0,75,75,106,106,106,106,147,216,216,252,202,202,323,323,337,358,358,358,358,391,391,426,449,485,2,2,25,58,58,178,178,203,222,222,247,247,286,298,310,322,334,380,415,462,499,511,523,535,547,29,64,64],"floor_reached":56,"playtime":3515,"items_purged":["Writhe"],"score":1558,"play_id":"22c3fb6d-660a-4294-9306-0d3424b59016","local_time":"20190326174332","is_ascension_mode":true,"campfire_choices":[{"data":"Noxious Fumes","floor":7,"key":"SMITH"},{"data":"Footwork","floor":12,"key":"SMITH"},{"data":"Neutralize","floor":15,"key":"SMITH"},{"floor":24,"key":"REST"},{"data":"Catalyst","floor":29,"key":"SMITH"},{"data":"Doppelganger","floor":32,"key":"SMITH"},{"data":"Burst","floor":41,"key":"SMITH"},{"floor":44,"key":"RECALL"},{"data":"Tools of the Trade","floor":49,"key":"SMITH"},{"data":"Venomology","floor":52,"key":"SMITH"}],"neow_cost":"NONE","seed_source_timestamp":1289246092115552,"circlet_count":0,"master_deck":["Defend_G+1","Defend_G+1","Defend_G+1","Defend_G+1","Defend_G+1","Strike_G+1","Strike_G+1","Survivor","Neutralize+1","Flying Knee","Dodge and Roll","Noxious Fumes+1","Leg Sweep","Bane","Footwork+1","Corpse Explosion","Venomology+1","Heel Hook+1","Catalyst+1","Choke","Doppelganger+1","Necronomicurse","Crippling Poison+1","Cloak And Dagger","Escape Plan+1","Tools of the Trade+1","Burst+1","Expertise+1","Pain","Predator+1","Backflip+1","Escape Plan+1","Backflip+1","Acrobatics","Escape Plan+1","Noxious Fumes","Jack Of All Trades"],"relics":["Ring of the Snake","NeowsBlessing","Golden Idol","Potion Belt","Pear","Strawberry","Blood Vial","Snake Skull","White Beast Statue","Necronomicon","Centennial Puzzle","Dream Catcher","Art of War","Bronze Scales","The Specimen","Lee\u0027s Waffle","Lantern","Cursed Key","WarpedTongs","MawBank","Orichalcum","Gremlin Horn","Oddly Smooth Stone","War Paint"],"potions_floor_usage":[10,16,16,16,23,23,23,25,27,27,31,31,35,38,45,50,50,50,54,55,55,55,55],"damage_taken":[{"damage":0,"enemies":"Small Slimes","floor":1,"turns":1},{"damage":0,"enemies":"2 Louse","floor":2,"turns":1},{"damage":0,"enemies":"3 Sentries","floor":6,"turns":1},{"damage":7,"enemies":"Gremlin Nob","floor":10,"turns":4},{"damage":22,"enemies":"3 Sentries","floor":11,"turns":9},{"damage":2,"enemies":"3 Sentries","floor":13,"turns":7},{"damage":7,"enemies":"Slime Boss","floor":16,"turns":8},{"damage":13,"enemies":"Shell Parasite","floor":18,"turns":6},{"damage":0,"enemies":"Chosen","floor":19,"turns":5},{"damage":21,"enemies":"Slavers","floor":23,"turns":4},{"damage":8,"enemies":"Book of Stabbing","floor":25,"turns":5},{"damage":13,"enemies":"Gremlin Leader","floor":27,"turns":5},{"damage":1,"enemies":"Snecko","floor":30,"turns":4},{"damage":4,"enemies":"Slavers","floor":31,"turns":4},{"damage":0,"enemies":"Automaton","floor":33,"turns":8},{"damage":0,"enemies":"Orb Walker","floor":35,"turns":2},{"damage":0,"enemies":"3 Shapes","floor":36,"turns":3},{"damage":1,"enemies":"Sphere and 2 Shapes","floor":38,"turns":3},{"damage":7,"enemies":"Reptomancer","floor":40,"turns":6},{"damage":5,"enemies":"Giant Head","floor":45,"turns":8},{"damage":0,"enemies":"Writhing Mass","floor":46,"turns":4},{"damage":3,"enemies":"Reptomancer","floor":47,"turns":6},{"damage":0,"enemies":"3 Darklings","floor":48,"turns":4},{"damage":43,"enemies":"Time Eater","floor":50,"turns":13},{"damage":6,"enemies":"Shield and Spear","floor":54,"turns":3},{"damage":56,"enemies":"The Heart","floor":55,"turns":9}],"seed_played":"8277811021238208664","potions_obtained":[{"floor":2,"key":"LiquidBronze"},{"floor":10,"key":"PowerPotion"},{"floor":13,"key":"Strength Potion"},{"floor":16,"key":"Fruit Juice"},{"floor":18,"key":"GhostInAJar"},{"floor":19,"key":"EssenceOfSteel"},{"floor":23,"key":"Explosive Potion"},{"floor":25,"key":"Explosive Potion"},{"floor":27,"key":"Fire Potion"},{"floor":31,"key":"FearPotion"},{"floor":33,"key":"Energy Potion"},{"floor":35,"key":"Weak Potion"},{"floor":36,"key":"Block Potion"},{"floor":38,"key":"Explosive Potion"},{"floor":42,"key":"LiquidBronze"},{"floor":54,"key":"SpeedPotion"}],"is_trial":false,"path_per_floor":["M","M","$","?","?","E","R","?","T","E","?","R","E","?","R","B",null,"M","M","?","?","?","E","R","E","T","E","$","R","M","E","R","B",null,"M","M","?","M","?","E","R","?","T","R","E","M","E","M","R","B",null,"R","$","E","B",null],"character_chosen":"THE_SILENT","items_purchased":["Noxious Fumes","AttackPotion","The Specimen","Lee\u0027s Waffle","LiquidBronze","LiquidBronze","Oddly Smooth Stone","Noxious Fumes","Jack Of All Trades"],"campfire_rested":1,"item_purchase_floors":[3,3,28,28,53,53,53,53,53],"current_hp_per_floor":[70,70,70,59,59,59,59,64,74,74,52,52,52,52,52,52,92,79,81,81,65,65,46,73,67,67,56,99,99,98,95,95,97,99,99,99,99,98,98,92,92,92,92,92,89,91,90,92,92,51,99,99,99,93,39],"gold":64,"neow_bonus":"THREE_ENEMY_KILL","is_prod":false,"is_daily":false,"chose_seed":false,"campfire_upgraded":8,"win_rate":0,"timestamp":1553636612,"path_taken":["M","M","$","?","?","E","R","?","T","E","?","R","E","?","R","BOSS","M","M","?","?","?","E","R","E","T","E","?","R","M","E","R","BOSS","M","M","?","?","?","E","R","?","T","R","E","M","E","?","R","BOSS","R","$","E","BOSS"],"build_version":"2019-03-15","purchased_purges":1,"victory":true,"max_hp_per_floor":[70,70,70,70,65,65,65,70,80,87,87,87,87,87,87,92,92,92,92,92,92,92,92,92,92,92,92,99,99,99,99,99,99,99,99,99,99,99,99,99,99,99,99,99,99,99,99,99,99,99,99,99,99,99,99],"card_choices":[{"not_picked":["Outmaneuver","Prepared"],"picked":"Flying Knee","floor":1},{"not_picked":["Finisher","Skewer"],"picked":"Dodge and Roll","floor":2},{"not_picked":["Acrobatics","Dagger Throw"],"picked":"Leg Sweep","floor":6},{"not_picked":["Deflect","Tactician"],"picked":"Bane","floor":10},{"not_picked":["Flying Knee","Dagger Spray"],"picked":"Footwork","floor":11},{"not_picked":["Dodge and Roll","Heel Hook"],"picked":"Corpse Explosion","floor":13},{"not_picked":["Wraith Form v2","Corpse Explosion"],"picked":"Venomology","floor":16},{"not_picked":["Quick Slash","Dagger Spray"],"picked":"Heel Hook+1","floor":18},{"not_picked":["Dodge and Roll","Slice"],"picked":"Catalyst","floor":19},{"not_picked":["Poisoned Stab","Underhanded Strike"],"picked":"Crippling Poison","floor":23},{"not_picked":["Terror","Concentrate"],"picked":"Cloak And Dagger","floor":25},{"not_picked":["Bane","Quick Slash"],"picked":"Escape Plan+1","floor":27},{"not_picked":["Blade Dance","Dodge and Roll"],"picked":"Tools of the Trade","floor":30},{"not_picked":["Finisher","Quick Slash+1","Riddle With Holes+1"],"picked":"SKIP","floor":31},{"not_picked":["Storm of Steel","After Image"],"picked":"Burst","floor":33},{"not_picked":["Quick Slash+1","Choke"],"picked":"Expertise","floor":35},{"not_picked":["Concentrate","Bane","Quick Slash"],"picked":"SKIP","floor":36},{"not_picked":["Terror+1","Dagger Spray"],"picked":"Predator+1","floor":38},{"not_picked":["Unload","A Thousand Cuts"],"picked":"Backflip+1","floor":40},{"not_picked":["Noxious Fumes","Skewer"],"picked":"Escape Plan+1","floor":45},{"not_picked":["Backstab","Blade Dance"],"picked":"Backflip+1","floor":46},{"not_picked":["Flying Knee+1","Backstab"],"picked":"Acrobatics","floor":47},{"not_picked":["Cloak And Dagger","Sucker Punch+1"],"picked":"Escape Plan+1","floor":48},{"not_picked":["Masterful Stab+1","Slice+1","Finisher"],"picked":"SKIP","floor":54}],"player_experience":5036988,"relics_obtained":[{"floor":6,"key":"Potion Belt"},{"floor":9,"key":"Pear"},{"floor":10,"key":"Strawberry"},{"floor":11,"key":"Blood Vial"},{"floor":13,"key":"Snake Skull"},{"floor":21,"key":"Necronomicon"},{"floor":23,"key":"Centennial Puzzle"},{"floor":25,"key":"Dream Catcher"},{"floor":26,"key":"Art of War"},{"floor":27,"key":"Bronze Scales"},{"floor":31,"key":"Lantern"},{"floor":40,"key":"MawBank"},{"floor":45,"key":"Orichalcum"},{"floor":47,"key":"Gremlin Horn"},{"floor":54,"key":"War Paint"}],"event_choices":[{"damage_healed":0,"gold_gain":75,"player_choice":"Gather Gold","damage_taken":11,"max_hp_gain":0,"max_hp_loss":0,"event_name":"World of Goop","floor":4,"gold_loss":0},{"damage_healed":0,"gold_gain":0,"player_choice":"Lose Max HP","damage_taken":0,"relics_obtained":["Golden Idol"],"max_hp_gain":0,"max_hp_loss":5,"event_name":"Golden Idol","floor":5,"gold_loss":0},{"damage_healed":0,"gold_gain":0,"player_choice":"Donut","damage_taken":0,"max_hp_gain":5,"max_hp_loss":0,"event_name":"Big Fish","floor":8,"gold_loss":0},{"damage_healed":0,"gold_gain":0,"player_choice":"Searched \u00272\u0027 times","damage_taken":0,"max_hp_gain":0,"max_hp_loss":0,"event_name":"Dead Adventurer","floor":11,"gold_loss":0},{"cards_removed":["Strike_G"],"damage_healed":0,"gold_gain":0,"player_choice":"Card Removal","damage_taken":0,"max_hp_gain":0,"max_hp_loss":0,"event_name":"The Cleric","floor":14,"gold_loss":50},{"damage_healed":0,"gold_gain":0,"cards_transformed":["Strike_G","Strike_G"],"player_choice":"Became Test Subject","damage_taken":0,"max_hp_gain":0,"max_hp_loss":0,"event_name":"Drug Dealer","floor":20,"gold_loss":0,"cards_obtained":["Choke","Doppelganger"]},{"damage_healed":0,"gold_gain":0,"player_choice":"Obtained Book","damage_taken":16,"max_hp_gain":0,"max_hp_loss":0,"event_name":"Cursed Tome","floor":21,"gold_loss":0},{"damage_healed":0,"gold_gain":0,"player_choice":"Simplicity","damage_taken":0,"max_hp_gain":0,"max_hp_loss":0,"event_name":"Back to Basics","floor":22,"gold_loss":0,"cards_upgraded":["Defend_G","Defend_G","Defend_G","Defend_G","Defend_G","Strike_G","Strike_G"]},{"damage_healed":0,"gold_gain":0,"player_choice":"Rummage","damage_taken":0,"relics_obtained":["WarpedTongs"],"max_hp_gain":0,"max_hp_loss":0,"event_name":"Accursed Blacksmith","floor":37,"gold_loss":0,"cards_obtained":["Pain"]},{"damage_healed":0,"gold_gain":0,"player_choice":"Ignored","damage_taken":0,"max_hp_gain":0,"max_hp_loss":0,"event_name":"Tomb of Lord Red Mask","floor":39,"gold_loss":0},{"damage_healed":0,"gold_gain":0,"player_choice":"Got Potions","damage_taken":0,"max_hp_gain":0,"max_hp_loss":0,"event_name":"Lab","floor":42,"gold_loss":0}],"is_beta":true,"boss_relics":[{"not_picked":["Ring of the Serpent","Calling Bell"],"picked":"White Beast Statue"},{"not_picked":["Velvet Choker","Fusion Hammer"],"picked":"Cursed Key"}],"items_purged_floors":[53],"is_endless":false,"potions_floor_spawned":[2,10,13,16,18,19,23,25,27,30,31,33,35,36,38,40,45,46,47,48,54],"ascension_level":1}