{"gold_per_floor":[111,129,38,55,74,74,101,121,148,148,163,194,194,194,194,294,294,309,327,14,30,50,50,64,80,80,80,92,119,119,136,136,235,235,251,251,271,145,158,158,193,193,217,217,252,265,265],"floor_reached":47,"playtime":3484,"items_purged":["Strike_B","Zap"],"score":625,"play_id":"adf6d513-a628-4e3f-b9ae-43d65e451ff5","local_time":"20180624023535","is_ascension_mode":true,"campfire_choices":[{"data":"Streamline","floor":6,"key":"SMITH"},{"data":"Glacier","floor":10,"key":"SMITH"},{"data":"Blizzard","floor":13,"key":"SMITH"},{"floor":15,"key":"REST"},{"floor":23,"key":"REST"},{"floor":27,"key":"REST"},{"floor":30,"key":"REST"},{"floor":32,"key":"REST"},{"floor":40,"key":"REST"},{"floor":42,"key":"REST"},{"floor":44,"key":"REST"}],"neow_cost":"NONE","seed_source_timestamp":187225248797028,"circlet_count":0,"master_deck":["Dualcast","Streamline+1","Blizzard+1","Loop","Turbo","Hello World","Glacier+1","Blizzard+1","Hologram","Reboot","Turbo","Cold Snap","Creative AI","Streamline","Amplify","Cold Snap+1","Steam","Double Energy","Conserve Battery","Conserve Battery+1","Amplify","Blizzard","Conserve Battery","Streamline","Sunder","Barrage","Hologram","Coolheaded+1","Madness","Madness","Coolheaded","Steam Power+1","Cold Snap+1"],"special_seed":17706,"relics":["Cracked Core","Letter Opener","Oddly Smooth Stone","Pen Nib","Fusion Hammer","Cables","Shuriken","Bag of Marbles","Pandora\u0027s Box","Omamori","Vajra","Ice Cream"],"potions_floor_usage":[12,12,12,16,19,29,33,45,45],"damage_taken":[{"damage":1,"enemies":"Cultist","floor":1,"turns":3},{"damage":0,"enemies":"Small Slimes","floor":2,"turns":2},{"damage":0,"enemies":"Jaw Worm","floor":4,"turns":1},{"damage":0,"enemies":"Looter","floor":5,"turns":2},{"damage":27,"enemies":"3 Sentries","floor":7,"turns":7},{"damage":3,"enemies":"Blue Slaver","floor":8,"turns":3},{"damage":0,"enemies":"Lots of Slimes","floor":11,"turns":3},{"damage":8,"enemies":"Lagavulin","floor":12,"turns":6},{"damage":24,"enemies":"Hexaghost","floor":16,"turns":9},{"damage":9,"enemies":"Chosen","floor":18,"turns":5},{"damage":4,"enemies":"3 Byrds","floor":19,"turns":4},{"damage":12,"enemies":"Centurion and Healer","floor":21,"turns":4},{"damage":8,"enemies":"Chosen and Byrds","floor":22,"turns":5},{"damage":20,"enemies":"Sentry and Sphere","floor":24,"turns":5},{"damage":17,"enemies":"3 Cultists","floor":25,"turns":4},{"damage":4,"enemies":"Slaver and Parasite","floor":28,"turns":7},{"damage":18,"enemies":"Book of Stabbing","floor":29,"turns":5},{"damage":19,"enemies":"Snecko","floor":31,"turns":7},{"damage":35,"enemies":"Collector","floor":33,"turns":9},{"damage":7,"enemies":"Orb Walker","floor":35,"turns":3},{"damage":17,"enemies":"3 Darklings","floor":37,"turns":6},{"damage":23,"enemies":"Sphere and 2 Shapes","floor":39,"turns":6},{"damage":35,"enemies":"Nemesis","floor":41,"turns":9},{"damage":32,"enemies":"2 Orb Walkers","floor":45,"turns":5},{"damage":16,"enemies":"4 Shapes","floor":46,"turns":6},{"damage":5,"enemies":"3 Darklings","floor":47,"turns":1}],"seed_played":"-3427693535342805100","potions_obtained":[{"floor":5,"key":"Poison Potion"},{"floor":8,"key":"Regen Potion"},{"floor":11,"key":"PowerPotion"},{"floor":12,"key":"AttackPotion"},{"floor":18,"key":"Fire Potion"},{"floor":24,"key":"LiquidBronze"},{"floor":31,"key":"GamblersBrew"},{"floor":37,"key":"Fire Potion"},{"floor":39,"key":"Fire Potion"}],"is_trial":false,"path_per_floor":["M","M","$","M","M","R","E","M","T","R","M","E","R","?","R","B",null,"M","M","$","M","M","R","M","M","T","R","M","E","R","M","R","B",null,"M","?","M","$","M","R","E","R","T","R","E","M"],"character_chosen":"DEFECT","items_purchased":["Turbo","Hello World","Cables","Coolheaded"],"campfire_rested":8,"item_purchase_floors":[3,3,20,38],"current_hp_per_floor":[74,74,74,74,74,74,47,44,44,44,44,51,51,51,73,49,75,66,62,62,50,42,64,44,27,27,49,45,27,49,30,52,17,75,68,59,42,42,19,41,6,28,28,50,18,2,0],"gold":265,"neow_bonus":"TRANSFORM_CARD","is_prod":false,"is_daily":false,"chose_seed":false,"campfire_upgraded":3,"win_rate":0,"timestamp":1529818535,"path_taken":["M","M","$","M","M","R","E","M","T","R","M","E","R","?","R","BOSS","M","M","$","M","M","R","M","M","T","R","M","E","R","M","R","BOSS","M","?","M","$","M","R","E","R","T","R","E","?","M"],"build_version":"2018-06-21v2","purchased_purges":2,"victory":false,"max_hp_per_floor":[75,75,75,75,75,75,75,75,75,75,75,75,75,75,75,75,75,75,75,75,75,75,75,75,75,75,75,75,75,75,75,75,75,75,75,75,75,75,75,75,75,75,75,75,75,75,75],"card_choices":[{"not_picked":["Steam","Compile Driver"],"picked":"Blizzard","floor":1},{"not_picked":["Tempest","Darkness"],"picked":"Loop","floor":2},{"not_picked":["Auto Shields","Barrage"],"picked":"Glacier","floor":4},{"not_picked":["Beam Cell","Tempest"],"picked":"Blizzard","floor":5},{"not_picked":["Stack","Skim"],"picked":"Hologram","floor":7},{"not_picked":["Ball Lightning","Gash"],"picked":"Reboot","floor":8},{"not_picked":["Ball Lightning","Genetic Algorithm"],"picked":"Turbo","floor":11},{"not_picked":["Sweeping Beam","Loop"],"picked":"Cold Snap","floor":12},{"not_picked":["Echo Form","Meteor Strike"],"picked":"Creative AI","floor":16},{"not_picked":["Gash","Darkness","Barrage+1"],"picked":"SKIP","floor":18},{"not_picked":["Beam Cell","Lockon"],"picked":"Streamline","floor":19},{"not_picked":["Fusion","Scrape","Barrage"],"picked":"SKIP","floor":21},{"not_picked":["Steam","Conserve Battery"],"picked":"Amplify","floor":22},{"not_picked":["Coolheaded","Rip and Tear"],"picked":"Cold Snap+1","floor":24},{"not_picked":["Sweeping Beam","Consume+1"],"picked":"Steam","floor":25},{"not_picked":["Force Field","Rip and Tear"],"picked":"Double Energy","floor":28},{"not_picked":["Barrage","Consume"],"picked":"Conserve Battery","floor":29},{"not_picked":["Stack","Steam"],"picked":"Conserve Battery+1","floor":31},{"not_picked":["Seek","Hyperbeam"],"picked":"Amplify","floor":33},{"not_picked":["Steam","Defragment"],"picked":"Coolheaded+1","floor":35},{"not_picked":["Ball Lightning+1","White Noise","Compile Driver"],"picked":"SKIP","floor":37},{"not_picked":["Darkness","Sweeping Beam+1","Ball Lightning"],"picked":"SKIP","floor":39},{"not_picked":["Genetic Algorithm+1","Skim","Beam Cell"],"picked":"SKIP","floor":41},{"not_picked":["Core Surge","Barrage"],"picked":"Steam Power+1","floor":45},{"not_picked":["Rip and Tear+1","Darkness+1"],"picked":"Cold Snap+1","floor":46}],"player_experience":392507,"relics_obtained":[{"floor":7,"key":"Letter Opener"},{"floor":9,"key":"Oddly Smooth Stone"},{"floor":12,"key":"Pen Nib"},{"floor":26,"key":"Shuriken"},{"floor":29,"key":"Bag of Marbles"},{"floor":41,"key":"Omamori"},{"floor":43,"key":"Vajra"},{"floor":45,"key":"Ice Cream"}],"event_choices":[{"event_name":"Living Wall","player_choice":"Grow","floor":14,"damage_taken":0},{"event_name":"Winding Halls","player_choice":"Embrace Madness","floor":36,"damage_taken":0}],"boss_relics":[{"not_picked":["Coffee Dripper","Nuclear Battery"],"picked":"Fusion Hammer"},{"not_picked":["Eternal Feather","Lizard Tail"],"picked":"Pandora\u0027s Box"}],"items_purged_floors":[20,38],"is_endless":false,"potions_floor_spawned":[5,8,11,12,18,24,31,37,39],"killed_by":"3 Darklings","ascension_level":4}