{"gold_per_floor":[114,189,149,82,101,101,128,141,141,152,152,162,197,217,217,217],"floor_reached":16,"playtime":396,"items_purged":[],"score":146,"play_id":"5d8a68ad-1963-4b4b-a61f-15470b59ed77","local_time":"20190126233954","is_ascension_mode":true,"campfire_choices":[{"data":"Caltrops","floor":6,"key":"SMITH"},{"floor":11,"key":"REST"},{"floor":15,"key":"REST"}],"neow_cost":"NONE","seed_source_timestamp":351862735004826,"circlet_count":0,"master_deck":["Defend_G","Defend_G","Defend_G","Defend_G","Defend_G","Strike_G","Strike_G","Strike_G","Strike_G","Strike_G","Survivor","Neutralize","Panacea","Poisoned Stab","Caltrops+1","Poisoned Stab","Die Die Die","Distraction","Masterful Stab","Poisoned Stab","Footwork","Blade Dance"],"relics":["Ring of the Snake","Mercury Hourglass","Smiling Mask"],"potions_floor_usage":[3,7,13],"damage_taken":[{"damage":3,"enemies":"Jaw Worm","floor":1,"turns":6},{"damage":0,"enemies":"Cultist","floor":5,"turns":4},{"damage":32,"enemies":"3 Sentries","floor":7,"turns":7},{"damage":0,"enemies":"Small Slimes","floor":8,"turns":1},{"damage":9,"enemies":"Red Slaver","floor":10,"turns":3},{"damage":0,"enemies":"Exordium Wildlife","floor":12,"turns":1},{"damage":22,"enemies":"Lagavulin","floor":13,"turns":4},{"damage":2,"enemies":"3 Louse","floor":14,"turns":2},{"damage":38,"enemies":"Slime Boss","floor":16,"turns":7}],"seed_played":"-238924185497799157","potions_obtained":[{"floor":3,"key":"Swift Potion"},{"floor":3,"key":"PowerPotion"},{"floor":3,"key":"Fruit Juice"},{"floor":5,"key":"Ancient Potion"},{"floor":10,"key":"SkillPotion"},{"floor":14,"key":"SpeedPotion"}],"is_trial":false,"path_per_floor":["M","?","?","$","M","R","E","M","T","M","R","M","E","M","R","B"],"character_chosen":"THE_SILENT","items_purchased":["Caltrops"],"campfire_rested":2,"item_purchase_floors":[4],"current_hp_per_floor":[60,49,54,54,54,54,22,22,22,13,35,35,13,11,33,0],"gold":217,"neow_bonus":"RANDOM_COLORLESS","is_prod":false,"is_daily":false,"chose_seed":false,"campfire_upgraded":1,"win_rate":0,"timestamp":1548556794,"path_taken":["M","?","?","$","M","R","E","M","T","?","R","M","E","M","R","BOSS"],"build_version":"2019-01-23","purchased_purges":0,"victory":false,"max_hp_per_floor":[70,70,75,75,75,75,75,75,75,75,75,75,75,75,75,75],"card_choices":[{"not_picked":["Escape Plan","PiercingWail"],"picked":"Poisoned Stab","floor":1},{"not_picked":["Eviscerate","All Out Attack"],"picked":"Poisoned Stab","floor":5},{"not_picked":["Doppelganger","Phantasmal Killer"],"picked":"Die Die Die","floor":7},{"not_picked":["Skewer","Sucker Punch"],"picked":"Distraction","floor":8},{"not_picked":["Deflect","Sucker Punch"],"picked":"Masterful Stab","floor":10},{"not_picked":["Quick Slash","Backflip"],"picked":"Poisoned Stab","floor":12},{"not_picked":["A Thousand Cuts","Slice"],"picked":"Footwork","floor":13},{"not_picked":["Infinite Blades","Catalyst"],"picked":"Blade Dance","floor":14}],"player_experience":681263,"relics_obtained":[{"floor":7,"key":"Mercury Hourglass"},{"floor":13,"key":"Smiling Mask"}],"event_choices":[{"damage_healed":0,"gold_gain":75,"player_choice":"Gather Gold","damage_taken":11,"max_hp_gain":0,"max_hp_loss":0,"event_name":"World of Goop","floor":2,"gold_loss":0},{"damage_healed":0,"gold_gain":0,"player_choice":"Bought 3 Potions","damage_taken":0,"max_hp_gain":0,"max_hp_loss":0,"event_name":"The Woman in Blue","floor":3,"gold_loss":0}],"is_beta":false,"boss_relics":[],"items_purged_floors":[],"is_endless":false,"potions_floor_spawned":[5,10,12,14],"killed_by":"Slime Boss","ascension_level":6}