{"path_per_floor":["M","M","?","$","M","R","M","M","T","R","E","R","?","E","R","B",null,"M","?","$","M","M","R","E","M","T","E","M","?","E","?","R"],"character_chosen":"IRONCLAD","items_purchased":["Inflame","Reaper"],"gold_per_floor":[114,125,125,50,63,63,82,95,119,119,148,148,108,140,140,238,238,248,248,49,66,83,83,83,102,102,130,141,141,169,169,169,169],"floor_reached":33,"campfire_rested":3,"playtime":2187,"item_purchase_floors":[20,20],"current_hp_per_floor":[80,80,80,80,80,80,46,55,55,79,65,65,65,65,80,72,80,75,75,75,77,80,80,68,67,67,57,65,65,63,63,80,0],"items_purged":["Regret"],"gold":169,"score":362,"play_id":"c00f03da-90c3-413c-bc0a-b6b02e174dec","local_time":"20180620024146","is_prod":false,"is_daily":false,"chose_seed":false,"is_ascension_mode":true,"campfire_upgraded":3,"win_rate":0,"timestamp":1529473306,"campfire_choices":[{"data":"Armaments","floor":6,"key":"SMITH"},{"floor":10,"key":"REST"},{"data":"Bash","floor":12,"key":"SMITH"},{"floor":15,"key":"REST"},{"data":"Offering","floor":23,"key":"SMITH"},{"floor":32,"key":"REST"}],"path_taken":["M","M","?","$","?","R","M","M","T","R","E","R","?","E","R","BOSS","M","?","?","M","M","R","E","M","T","E","M","?","E","?","R","BOSS"],"build_version":"2018-06-14v2","seed_source_timestamp":532644721614997,"purchased_purges":1,"victory":false,"master_deck":["Strike_R+1","Strike_R+1","Strike_R+1","Strike_R+1","Strike_R+1","Defend_R+1","Defend_R+1","Defend_R+1","Defend_R+1","Bash+1","Flex","Armaments+1","Blind","Pommel Strike","Flex+1","Flame Barrier","Pommel Strike","Fiend Fire","Offering+1","Intimidate","Spot Weakness","Inflame","Reaper","Flex","Shrug It Off","Double Tap","Bloodletting","Shockwave","Pommel Strike+1","Fiend Fire"],"max_hp_per_floor":[80,80,80,80,80,80,80,80,80,80,80,80,80,80,80,80,80,80,80,80,80,80,80,80,80,80,80,80,80,80,80,80,80],"relics":["Burning Blood","NeowsBlessing","Happy Flower","Juzu Bracelet","War Paint","Snecko Eye","Question Card","Bag of Preparation","Singing Bowl"],"card_choices":[{"not_picked":["Dropkick","Pommel Strike"],"picked":"Flex","floor":1},{"not_picked":["Pommel Strike","Whirlwind"],"picked":"Armaments","floor":2},{"not_picked":["Infernal Blade","Wild Strike"],"picked":"Pommel Strike","floor":5},{"not_picked":["Burning Pact","Perfected Strike"],"picked":"Flex","floor":7},{"not_picked":["True Grit","Hemokinesis"],"picked":"Flame Barrier","floor":8},{"not_picked":["Combust","Clothesline"],"picked":"Pommel Strike","floor":11},{"not_picked":["Flex","Rampage"],"picked":"Fiend Fire","floor":14},{"not_picked":["Fiend Fire","Reaper"],"picked":"Offering","floor":16},{"not_picked":["Clash","Hemokinesis"],"picked":"Intimidate","floor":18},{"not_picked":["Warcry","Infernal Blade"],"picked":"Flex","floor":21},{"not_picked":["Infernal Blade","Thunderclap"],"picked":"Shrug It Off","floor":22},{"not_picked":["Clash","Twin Strike"],"picked":"Double Tap","floor":25},{"not_picked":["Iron Wave","Sentinel","Evolve"],"picked":"Bloodletting","floor":27},{"not_picked":["Sentinel","Flame Barrier","Seeing Red"],"picked":"Shockwave","floor":28},{"not_picked":["Combust","Sentinel+1","Flex"],"picked":"Pommel Strike+1","floor":30}],"player_experience":371097,"potions_floor_usage":[8,8,11,14,14,16,24,24,28,30],"damage_taken":[{"damage":0,"enemies":"Small Slimes","floor":1,"turns":1},{"damage":0,"enemies":"Cultist","floor":2,"turns":1},{"damage":0,"enemies":"Jaw Worm","floor":5,"turns":1},{"damage":40,"enemies":"Gremlin Gang","floor":7,"turns":6},{"damage":9,"enemies":"Large Slime","floor":8,"turns":4},{"damage":31,"enemies":"3 Sentries","floor":11,"turns":10},{"damage":6,"enemies":"Lagavulin","floor":14,"turns":6},{"damage":14,"enemies":"The Guardian","floor":16,"turns":11},{"damage":11,"enemies":"2 Thieves","floor":18,"turns":4},{"damage":4,"enemies":"Chosen","floor":21,"turns":2},{"damage":18,"enemies":"Slaver and Parasite","floor":22,"turns":4},{"damage":22,"enemies":"Gremlin Leader","floor":24,"turns":6},{"damage":19,"enemies":"Cultist and Chosen","floor":25,"turns":4},{"damage":25,"enemies":"Book of Stabbing","floor":27,"turns":4},{"damage":4,"enemies":"Snecko","floor":28,"turns":5},{"damage":32,"enemies":"Slavers","floor":30,"turns":5},{"damage":91,"enemies":"Champ","floor":33,"turns":8}],"relics_obtained":[{"floor":9,"key":"Happy Flower"},{"floor":11,"key":"Juzu Bracelet"},{"floor":14,"key":"War Paint"},{"floor":26,"key":"Question Card"},{"floor":27,"key":"Bag of Preparation"},{"floor":30,"key":"Singing Bowl"}],"event_choices":[{"event_name":"Match and Keep!","player_choice":"2 cards matched","floor":3,"damage_taken":0},{"event_name":"The Woman in Blue","player_choice":"Bought 3 Potions","floor":13,"damage_taken":0},{"event_name":"The Library","player_choice":"Read","floor":19,"damage_taken":0},{"event_name":"Back to Basics","player_choice":"Simplicity","floor":29,"damage_taken":0},{"event_name":"Duplicator","player_choice":"One dupe","floor":31,"damage_taken":0}],"boss_relics":[{"not_picked":["Runic Dome","Eternal Feather"],"picked":"Snecko Eye"}],"items_purged_floors":[4],"is_endless":false,"potions_floor_spawned":[5,7,8,14,22,27,28],"seed_played":"-3201058999908903789","killed_by":"Champ","ascension_level":3,"potions_obtained":[{"floor":5,"key":"Ancient Potion"},{"floor":7,"key":"Regen Potion"},{"floor":8,"key":"Regen Potion"},{"floor":13,"key":"EssenceOfSteel"},{"floor":13,"key":"GamblersBrew"},{"floor":13,"key":"SmokeBomb"},{"floor":14,"key":"PowerPotion"},{"floor":22,"key":"SkillPotion"},{"floor":27,"key":"Weak Potion"},{"floor":28,"key":"Dexterity Potion"}],"is_trial":false}