{"gold_per_floor":[114,114,39,39,39,39,72,72,72,113,132,132,132,148,148,267,267,288,88,88,107,127,127,127],"floor_reached":24,"playtime":655,"items_purged":["Strike_R","Strike_R"],"score":391,"play_id":"434668ce-5780-43a0-a3ae-496b3df5323f","local_time":"20190311195905","is_ascension_mode":true,"campfire_choices":[{"data":"Bash","floor":6,"key":"SMITH"},{"data":"True Grit","floor":8,"key":"SMITH"},{"data":"Headbutt","floor":13,"key":"SMITH"},{"data":"Defend_R","floor":15,"key":"SMITH"},{"data":"Demon Form","floor":23,"key":"SMITH"}],"neow_cost":"NONE","seed_source_timestamp":647465660701900,"circlet_count":0,"master_deck":["AscendersBane","Strike_R+1","Strike_R+1","Strike_R+1","Defend_R+1","Defend_R+1","Defend_R+1","Defend_R+1","Bash+1","Headbutt+1","True Grit+1","Cleave+1","Pommel Strike+1","Body Slam+1","Demon Form+1","Rage+1","Sword Boomerang+1","Shrug It Off","Body Slam+1","Metallicize"],"relics":["Burning Blood","NeowsBlessing","Sundial","Golden Idol","Molten Egg 2","Ice Cream","Matryoshka","Meat on the Bone","Paper Frog","Black Star"],"potions_floor_usage":[24,24],"damage_taken":[{"damage":0,"enemies":"Small Slimes","floor":1,"turns":1},{"damage":0,"enemies":"3 Sentries","floor":7,"turns":1},{"damage":0,"enemies":"Lagavulin","floor":10,"turns":1},{"damage":0,"enemies":"Jaw Worm","floor":11,"turns":3},{"damage":1,"enemies":"2 Louse","floor":14,"turns":2},{"damage":27,"enemies":"Slime Boss","floor":16,"turns":11},{"damage":19,"enemies":"Chosen","floor":18,"turns":5},{"damage":14,"enemies":"Shell Parasite","floor":21,"turns":7},{"damage":12,"enemies":"Snecko","floor":22,"turns":5},{"damage":53,"enemies":"Book of Stabbing","floor":24,"turns":5}],"seed_played":"8742595743809456803","potions_obtained":[{"floor":7,"key":"SteroidPotion"},{"floor":14,"key":"SteroidPotion"}],"is_trial":false,"path_per_floor":["M","?","$","?","$","R","E","R","T","E","M","T","R","M","R","B",null,"M","$","?","M","M","R","E"],"character_chosen":"IRONCLAD","items_purchased":["Sword Boomerang+1","Shrug It Off"],"campfire_rested":0,"item_purchase_floors":[19,19],"current_hp_per_floor":[78,75,75,55,55,55,61,61,61,67,73,73,73,78,78,57,74,61,61,61,53,47,47,0],"gold":127,"neow_bonus":"THREE_ENEMY_KILL","is_prod":false,"is_daily":false,"chose_seed":false,"campfire_upgraded":5,"win_rate":0,"timestamp":1552330745,"path_taken":["M","?","$","?","?","R","E","R","T","E","M","?","R","?","R","BOSS","M","$","?","M","M","R","E"],"build_version":"2019-01-23","purchased_purges":2,"victory":false,"max_hp_per_floor":[80,80,80,80,80,80,80,80,80,80,80,80,80,80,80,80,80,80,80,80,80,80,80,80],"card_choices":[{"not_picked":["Pommel Strike","True Grit"],"picked":"Headbutt","floor":1},{"not_picked":["Twin Strike","Fire Breathing"],"picked":"True Grit","floor":7},{"not_picked":["Carnage+1","Dual Wield"],"picked":"Cleave+1","floor":10},{"not_picked":["Seeing Red","Intimidate"],"picked":"Pommel Strike+1","floor":11},{"not_picked":["Twin Strike+1","Armaments"],"picked":"Body Slam+1","floor":14},{"not_picked":["Barricade","Immolate+1"],"picked":"Demon Form","floor":16},{"not_picked":["Second Wind+1","Wild Strike+1"],"picked":"Rage+1","floor":18},{"not_picked":["Anger+1","Dropkick+1"],"picked":"Body Slam+1","floor":21},{"not_picked":["Cleave+1","Twin Strike+1"],"picked":"Metallicize","floor":22}],"player_experience":547081,"relics_obtained":[{"floor":7,"key":"Molten Egg 2"},{"floor":9,"key":"Ice Cream"},{"floor":10,"key":"Matryoshka"},{"floor":12,"key":"Meat on the Bone"},{"floor":12,"key":"Paper Frog"}],"event_choices":[{"damage_healed":0,"gold_gain":0,"player_choice":"Success","damage_taken":3,"relics_obtained":["Sundial"],"max_hp_gain":0,"max_hp_loss":0,"event_name":"Scrap Ooze","floor":2,"gold_loss":0},{"damage_healed":0,"gold_gain":0,"player_choice":"Take Damage","damage_taken":20,"relics_obtained":["Golden Idol"],"max_hp_gain":0,"max_hp_loss":0,"event_name":"Golden Idol","floor":4,"gold_loss":0},{"damage_healed":0,"gold_gain":0,"player_choice":"Simplicity","damage_taken":0,"max_hp_gain":0,"max_hp_loss":0,"event_name":"Back to Basics","floor":20,"gold_loss":0,"cards_upgraded":["Strike_R","Strike_R","Strike_R","Defend_R","Defend_R","Defend_R"]}],"is_beta":false,"boss_relics":[{"not_picked":["White Beast Statue","Fusion Hammer"],"picked":"Black Star"}],"items_purged_floors":[3,19],"is_endless":false,"potions_floor_spawned":[7,14,22],"killed_by":"Book of Stabbing","ascension_level":11}