{"gold_per_floor":[113,113,131,154,172,204,204,204,204,222,222,232,265,282,282,387,387,405,405],"floor_reached":19,"playtime":1352,"items_purged":[],"score":277,"play_id":"ee8fda58-c7a8-456b-a9e4-aa4645901a35","local_time":"20190314235920","is_ascension_mode":true,"campfire_choices":[{"data":"Creative AI","floor":7,"key":"SMITH"},{"data":"Biased Cognition","floor":11,"key":"SMITH"},{"floor":15,"key":"REST"}],"neow_cost":"NONE","seed_source_timestamp":166572304262599,"circlet_count":0,"master_deck":["AscendersBane","Strike_B","Strike_B","Strike_B","Strike_B","Defend_B","Defend_B","Defend_B","Defend_B","Zap","Dualcast","Coolheaded","Biased Cognition+1","Dark Shackles","Glacier","Redo","Creative AI+1","Self Repair","Blizzard","Amplify","Conserve Battery"],"relics":["Cracked Core","NeowsBlessing","Ancient Tea Set","Centennial Puzzle","Bag of Marbles","Nuclear Battery"],"potions_floor_usage":[8,10,10,12],"damage_taken":[{"damage":0,"enemies":"Jaw Worm","floor":1,"turns":1},{"damage":0,"enemies":"Cultist","floor":3,"turns":1},{"damage":0,"enemies":"Small Slimes","floor":5,"turns":1},{"damage":24,"enemies":"3 Sentries","floor":6,"turns":10},{"damage":0,"enemies":"Gremlin Gang","floor":10,"turns":3},{"damage":0,"enemies":"Blue Slaver","floor":12,"turns":1},{"damage":33,"enemies":"Gremlin Nob","floor":13,"turns":4},{"damage":3,"enemies":"Exordium Wildlife","floor":14,"turns":5},{"damage":15,"enemies":"Slime Boss","floor":16,"turns":14},{"damage":25,"enemies":"Chosen","floor":18,"turns":9},{"damage":56,"enemies":"Shell Parasite","floor":19,"turns":27}],"seed_played":"6085063641021020883","potions_obtained":[{"floor":3,"key":"SkillPotion"},{"floor":5,"key":"Poison Potion"},{"floor":8,"key":"Fruit Juice"},{"floor":8,"key":"Explosive Potion"},{"floor":10,"key":"Fire Potion"}],"is_trial":false,"path_per_floor":["M","?","M","T","M","E","R","?","T","M","R","M","E","M","R","B",null,"M","M"],"character_chosen":"DEFECT","items_purchased":[],"campfire_rested":1,"item_purchase_floors":[],"current_hp_per_floor":[68,68,68,68,68,44,44,49,49,49,49,49,23,27,51,50,73,55,0],"gold":405,"neow_bonus":"THREE_ENEMY_KILL","is_prod":false,"is_daily":false,"chose_seed":false,"campfire_upgraded":2,"win_rate":0,"timestamp":1552618760,"path_taken":["M","?","?","?","M","E","R","?","T","M","R","M","E","M","R","BOSS","M","M"],"build_version":"2019-01-23","purchased_purges":0,"victory":false,"max_hp_per_floor":[75,75,75,75,75,75,75,80,80,80,80,80,80,80,80,80,80,80,80],"card_choices":[{"not_picked":["Barrage","Redo"],"picked":"Coolheaded","floor":1},{"not_picked":["Rebound","Gash"],"picked":"Glacier","floor":3},{"not_picked":["Compile Driver","Streamline"],"picked":"Redo","floor":5},{"not_picked":["Streamline","Glacier"],"picked":"Creative AI","floor":6},{"not_picked":["Lockon","Skim","Compile Driver"],"picked":"SKIP","floor":10},{"not_picked":["Streamline","Redo"],"picked":"Self Repair","floor":12},{"not_picked":["Steam","Beam Cell"],"picked":"Blizzard","floor":13},{"not_picked":["Lockon","Turbo","Compile Driver"],"picked":"SKIP","floor":14},{"not_picked":["Machine Learning","Thunder Strike"],"picked":"Amplify","floor":16},{"not_picked":["Compile Driver","Go for the Eyes"],"picked":"Conserve Battery","floor":18}],"player_experience":966157,"relics_obtained":[{"floor":6,"key":"Ancient Tea Set"},{"floor":9,"key":"Centennial Puzzle"},{"floor":13,"key":"Bag of Marbles"}],"event_choices":[{"damage_healed":0,"gold_gain":0,"player_choice":"2 cards matched","damage_taken":0,"max_hp_gain":0,"max_hp_loss":0,"event_name":"Match and Keep!","floor":2,"gold_loss":0,"cards_obtained":["Biased Cognition","Dark Shackles"]},{"damage_healed":0,"gold_gain":0,"player_choice":"Got Potions","damage_taken":0,"max_hp_gain":0,"max_hp_loss":0,"event_name":"Lab","floor":8,"gold_loss":0}],"is_beta":false,"boss_relics":[{"not_picked":["Astrolabe","Sozu"],"picked":"Nuclear Battery"}],"items_purged_floors":[],"is_endless":false,"potions_floor_spawned":[3,5,6,10],"killed_by":"Shell Parasite","ascension_level":11}