{"gold_per_floor":[115,115,131,141,208,240,240,257,339,339,353,528,528,528,528,528],"floor_reached":16,"playtime":1326,"items_purged":[],"score":155,"play_id":"49d95a13-04d4-4dab-a17e-6319a75aa4d1","local_time":"20190223225528","is_ascension_mode":true,"campfire_choices":[{"floor":7,"key":"REST"},{"floor":13,"key":"REST"},{"floor":15,"key":"REST"}],"neow_cost":"NONE","seed_source_timestamp":810336704684354,"circlet_count":0,"master_deck":["AscendersBane","Defend_G","Defend_G+1","Defend_G","Defend_G","Defend_G+1","Strike_G","Strike_G","Strike_G","Strike_G","Strike_G","Survivor","Neutralize","Noxious Fumes","Crippling Poison","Underhanded Strike","Infinite Blades","Quick Slash","Injury","Choke","Doubt"],"relics":["HoveringKite","Gambling Chip","Centennial Puzzle","Darkstone Periapt","Golden Idol"],"potions_floor_usage":[6,16],"damage_taken":[{"damage":7,"enemies":"Jaw Worm","floor":1,"turns":6},{"damage":0,"enemies":"Cultist","floor":3,"turns":6},{"damage":1,"enemies":"2 Louse","floor":4,"turns":4},{"damage":53,"enemies":"Gremlin Nob","floor":6,"turns":6},{"damage":7,"enemies":"2 Fungi Beasts","floor":8,"turns":4},{"damage":4,"enemies":"3 Louse","floor":11,"turns":3},{"damage":59,"enemies":"Slime Boss","floor":16,"turns":8}],"seed_played":"-9209571287166389045","potions_obtained":[{"floor":1,"key":"Block Potion"},{"floor":8,"key":"Block Potion"}],"is_trial":false,"path_per_floor":["M","?","M","M","?","E","R","M","T","?","M","?","R","?","R","B"],"character_chosen":"THE_SILENT","items_purchased":[],"campfire_rested":3,"item_purchase_floors":[],"current_hp_per_floor":[56,56,56,55,55,2,23,16,16,22,18,24,48,32,56,0],"gold":528,"neow_bonus":"BOSS_RELIC","is_prod":false,"is_daily":false,"chose_seed":false,"campfire_upgraded":0,"win_rate":0,"timestamp":1550973328,"path_taken":["M","?","M","?","?","E","R","M","T","?","M","?","R","?","R","BOSS"],"build_version":"2019-01-23","purchased_purges":0,"victory":false,"max_hp_per_floor":[70,70,70,70,70,70,70,70,70,76,76,82,82,82,82,82],"card_choices":[{"not_picked":["Caltrops","Sucker Punch"],"picked":"Noxious Fumes","floor":1},{"not_picked":["Quick Slash","Dodge and Roll"],"picked":"Crippling Poison","floor":3},{"not_picked":["All Out Attack","Deflect"],"picked":"Underhanded Strike","floor":4},{"not_picked":["Dagger Throw","Glass Knife"],"picked":"Infinite Blades","floor":6},{"not_picked":["Prepared","Well Laid Plans"],"picked":"Quick Slash","floor":8},{"not_picked":["Acrobatics","Poisoned Stab"],"picked":"Choke","floor":11}],"player_experience":836517,"relics_obtained":[{"floor":2,"key":"Gambling Chip"},{"floor":6,"key":"Centennial Puzzle"},{"floor":9,"key":"Darkstone Periapt"}],"event_choices":[{"damage_healed":0,"gold_gain":0,"player_choice":"Relic","damage_taken":0,"max_hp_gain":0,"max_hp_loss":0,"event_name":"Wheel of Change","floor":2,"gold_loss":0},{"damage_healed":0,"gold_gain":67,"player_choice":"Gained Gold","damage_taken":0,"max_hp_gain":0,"max_hp_loss":0,"event_name":"Golden Wing","floor":5,"gold_loss":0},{"damage_healed":0,"gold_gain":0,"player_choice":"Take Wound","damage_taken":0,"relics_obtained":["Golden Idol"],"max_hp_gain":0,"max_hp_loss":0,"event_name":"Golden Idol","floor":10,"gold_loss":0,"cards_obtained":["Injury"]},{"damage_healed":0,"gold_gain":175,"player_choice":"AGREE","damage_taken":0,"max_hp_gain":0,"max_hp_loss":0,"event_name":"Liars Game","floor":12,"gold_loss":0,"cards_obtained":["Doubt"]},{"damage_healed":0,"gold_gain":0,"player_choice":"Entered Light","damage_taken":16,"max_hp_gain":0,"max_hp_loss":0,"event_name":"Shining Light","floor":14,"gold_loss":0,"cards_upgraded":["Defend_G","Defend_G"]}],"is_beta":false,"boss_relics":[],"items_purged_floors":[],"is_endless":false,"potions_floor_spawned":[1,8],"killed_by":"Slime Boss","ascension_level":11}