{"gold_per_floor":[109,109,109,109,109,109,144,163,163,177,192,192,192,203,203,299,299,309,1,17,17,17,17,28,28],"floor_reached":25,"playtime":2542,"items_purged":[],"score":201,"play_id":"e1e19030-4906-4e35-8011-3f2abd46f796","local_time":"20190316222046","is_ascension_mode":false,"campfire_choices":[{"data":"Bash","floor":6.0,"key":"SMITH"},{"floor":13.0,"key":"REST"},{"floor":15.0,"key":"REST"},{"floor":23.0,"key":"REST"}],"neow_cost":"","seed_source_timestamp":0,"circlet_count":0,"master_deck":["Strike_R","Strike_R","Strike_R","Strike_R","Strike_R","Defend_R","Defend_R","Bash+1","Clash","Seeing Red","Cleave","Anger","Body Slam","Thunderclap","Carnage","Brutality+1","Iron Wave","Combust+1","Fiend Fire"],"special_seed":0,"relics":["Burning Blood","Mummified Hand","Sundial","Letter Opener","Frozen Egg 2","Runic Cube","Champion Belt","MutagenicStrength"],"potions_floor_usage":[],"damage_taken":[{"damage":1.0,"enemies":"Jaw Worm","floor":1.0,"turns":3.0},{"damage":31.0,"enemies":"Lagavulin","floor":7.0,"turns":5.0},{"damage":12.0,"enemies":"Small Slimes","floor":8.0,"turns":3.0},{"damage":0.0,"enemies":"Cultist","floor":10.0,"turns":2.0},{"damage":5.0,"enemies":"3 Louse","floor":11.0,"turns":3.0},{"damage":19.0,"enemies":"Blue Slaver","floor":14.0,"turns":3.0},{"damage":58.0,"enemies":"The Guardian","floor":16.0,"turns":7.0},{"damage":12.0,"enemies":"Spheric Guardian","floor":18.0,"turns":3.0},{"damage":48.0,"enemies":"3 Byrds","floor":20.0,"turns":6.0},{"damage":43.0,"enemies":"Centurion and Healer","floor":24.0,"turns":5.0},{"damage":21,"enemies":"Snake Plant","floor":25,"turns":1}],"seed_played":"5089713308724883063","potions_obtained":[{"floor":1.0,"key":"PowerPotion"},{"floor":11.0,"key":"Ancient Potion"},{"floor":16.0,"key":"EssenceOfSteel"}],"is_trial":false,"path_per_floor":["M","?","T","?","?","R","E","M","T","M","M","?","R","M","R","B",null,"M","$","M","?","?","R","M","M"],"character_chosen":"IRONCLAD","items_purchased":["Champion Belt"],"campfire_rested":3,"item_purchase_floors":[19],"current_hp_per_floor":[80,80,80,80,80,80,55,49,49,55,56,53,77,64,80,28,80,74,74,32,32,32,56,19,0],"gold":28,"neow_bonus":"","is_prod":false,"is_daily":false,"chose_seed":false,"campfire_upgraded":1,"win_rate":0.0,"timestamp":1552789246,"path_taken":["M","?","?","?","?","R","E","M","T","?","M","?","R","M","R","BOSS","M","$","M","?","?","R","M","M"],"build_version":"2019-01-23","purchased_purges":0,"victory":false,"max_hp_per_floor":[80,80,80,80,80,80,80,80,80,80,80,80,80,80,80,80,80,80,80,80,80,80,80,80,80],"card_choices":[{"not_picked":["Intimidate","Thunderclap"],"picked":"Clash","floor":1.0},{"not_picked":["Warcry","True Grit"],"picked":"Cleave","floor":7.0},{"not_picked":["Bloodletting","Pommel Strike"],"picked":"Anger","floor":8.0},{"not_picked":["Warcry","Flame Barrier"],"picked":"Body Slam","floor":10.0},{"not_picked":["Pommel Strike","Clash"],"picked":"Thunderclap","floor":11.0},{"not_picked":["Searing Blow","Iron Wave"],"picked":"Carnage","floor":14.0},{"not_picked":["Berserk+1","Impervious"],"picked":"Brutality+1","floor":16.0},{"not_picked":["Body Slam","Perfected Strike+1"],"picked":"Iron Wave","floor":18.0},{"not_picked":["Bloodletting","Armaments"],"picked":"Combust+1","floor":20.0},{"not_picked":["Twin Strike","Rage+1"],"picked":"Fiend Fire","floor":24}],"player_experience":0,"relics_obtained":[{"floor":3.0,"key":"Mummified Hand"},{"floor":7.0,"key":"Sundial"},{"floor":9.0,"key":"Letter Opener"}],"event_choices":[{"damage_healed":0.0,"max_hp_gain":0.0,"max_hp_loss":0.0,"gold_gain":0.0,"cards_transformed":["Defend_R"],"event_name":"Living Wall","player_choice":"Change","floor":2.0,"gold_loss":0.0,"damage_taken":0.0,"cards_obtained":["Seeing Red"]},{"damage_healed":0.0,"max_hp_gain":0.0,"max_hp_loss":0.0,"gold_gain":0.0,"event_name":"Liars Game","player_choice":"Ignored","floor":4.0,"gold_loss":0.0,"damage_taken":0.0},{"cards_removed":["Defend_R"],"damage_healed":0.0,"max_hp_gain":0.0,"max_hp_loss":0.0,"gold_gain":0.0,"event_name":"Purifier","player_choice":"Purged","floor":5.0,"gold_loss":0.0,"damage_taken":0.0},{"damage_healed":0.0,"max_hp_gain":0.0,"max_hp_loss":0.0,"gold_gain":0.0,"event_name":"Scrap Ooze","player_choice":"Success","floor":12.0,"gold_loss":0.0,"damage_taken":3.0,"relics_obtained":["Frozen Egg 2"]},{"damage_healed":0.0,"max_hp_gain":0.0,"max_hp_loss":0.0,"gold_gain":0.0,"event_name":"Vampires","player_choice":"Ignored","floor":21.0,"gold_loss":0.0,"damage_taken":0.0},{"damage_healed":0.0,"max_hp_gain":0.0,"max_hp_loss":0.0,"gold_gain":0.0,"event_name":"Drug Dealer","player_choice":"Inject Mutagens","floor":22.0,"gold_loss":0.0,"damage_taken":0.0,"relics_obtained":["MutagenicStrength"]}],"is_beta":false,"boss_relics":[{"not_picked":["Orrery","Ectoplasm"],"picked":"Runic Cube"}],"items_purged_floors":[],"is_endless":false,"potions_floor_spawned":[1,11,16],"killed_by":"Snake Plant","ascension_level":0}