{"gold_per_floor":[369,383,72,72,82,82,102,114,114,139,154,24,24,24,24,24],"floor_reached":16,"playtime":615,"items_purged":["Decay"],"score":194,"play_id":"f35cfb34-022a-48f6-9fc8-aeb7c7129c14","local_time":"20190515103424","is_ascension_mode":true,"campfire_choices":[{"data":"Perfected Strike","floor":6,"key":"SMITH"},{"data":"Inflame","floor":13,"key":"SMITH"},{"data":"Sword Boomerang","floor":15,"key":"SMITH"}],"neow_cost":"CURSE","seed_source_timestamp":2925980539672804,"circlet_count":0,"master_deck":["AscendersBane","Strike_R","Strike_R","Strike_R","Strike_R","Strike_R","Defend_R","Defend_R","Defend_R","Defend_R","Bash","Perfected Strike+1","Inflame+1","Pummel","Shrug It Off","Bludgeon","Sword Boomerang+1","Disarm","Wild Strike","Offering","Feel No Pain"],"relics":["Burning Blood","Membership Card","Meat on the Bone","Sundial"],"potions_floor_usage":[8,16],"damage_taken":[{"damage":10,"enemies":"2 Louse","floor":1,"turns":2},{"damage":7,"enemies":"Small Slimes","floor":2,"turns":4},{"damage":1,"enemies":"Cultist","floor":5,"turns":3},{"damage":16,"enemies":"Exordium Thugs","floor":7,"turns":5},{"damage":0,"enemies":"Large Slime","floor":8,"turns":4},{"damage":32,"enemies":"Gremlin Nob","floor":10,"turns":4},{"damage":34,"enemies":"Lots of Slimes","floor":11,"turns":4},{"damage":39,"enemies":"Slime Boss","floor":16,"turns":6}],"seed_played":"-8138163285035475698","potions_obtained":[{"floor":5,"key":"Block Potion"},{"floor":7,"key":"Ancient Potion"},{"floor":10,"key":"SpeedPotion"}],"is_trial":false,"path_per_floor":["M","M","$","?","M","R","M","M","T","E","M","$","R","?","R","B"],"character_chosen":"IRONCLAD","items_purchased":["Membership Card","Pummel","Shrug It Off","Offering","Feel No Pain"],"campfire_rested":0,"item_purchase_floors":[3,3,3,12,12],"current_hp_per_floor":[64,63,63,68,73,73,63,69,69,55,39,39,39,39,39,0],"gold":24,"neow_bonus":"TWO_FIFTY_GOLD","is_prod":false,"is_daily":false,"chose_seed":false,"campfire_upgraded":3,"win_rate":0,"timestamp":1557927264,"path_taken":["M","M","$","?","M","R","M","M","T","E","M","$","R","?","R","BOSS"],"build_version":"2019-01-23","purchased_purges":1,"victory":false,"max_hp_per_floor":[75,75,75,80,80,80,80,80,80,80,80,80,80,80,80,80],"card_choices":[{"not_picked":["Combust","Sword Boomerang"],"picked":"Perfected Strike","floor":1},{"not_picked":["Evolve","Pommel Strike"],"picked":"Inflame","floor":2},{"not_picked":["Clash","Sentinel"],"picked":"Bludgeon","floor":5},{"not_picked":["Rupture","Ghostly Armor"],"picked":"Sword Boomerang","floor":7},{"not_picked":["Anger","Sword Boomerang","Heavy Blade"],"picked":"SKIP","floor":8},{"not_picked":["Searing Blow","Exhume"],"picked":"Disarm","floor":10},{"not_picked":["Havoc","Combust"],"picked":"Wild Strike","floor":11}],"player_experience":1338023,"relics_obtained":[{"floor":9,"key":"Meat on the Bone"},{"floor":10,"key":"Sundial"}],"event_choices":[{"damage_healed":0,"gold_gain":0,"player_choice":"Donut","damage_taken":0,"max_hp_gain":5,"max_hp_loss":0,"event_name":"Big Fish","floor":4,"gold_loss":0},{"damage_healed":0,"gold_gain":0,"player_choice":"Ignored","damage_taken":0,"max_hp_gain":0,"max_hp_loss":0,"event_name":"Liars Game","floor":14,"gold_loss":0}],"is_beta":false,"boss_relics":[],"items_purged_floors":[3],"is_endless":false,"potions_floor_spawned":[5,7,10,11],"killed_by":"Slime Boss","ascension_level":18}