{"gold_per_floor":[119,132,142,67,67,92,92,107,107,140,159,159,179,19,19,19],"floor_reached":16,"playtime":618,"items_purged":[],"score":232,"play_id":"c043af69-1dd5-485c-b169-ee6f0cea21de","local_time":"20190507002543","is_ascension_mode":true,"campfire_choices":[{"floor":7,"key":"REST"},{"data":"Shockwave","floor":15,"key":"SMITH"}],"neow_cost":"NONE","seed_source_timestamp":2198176673195211,"circlet_count":0,"master_deck":["AscendersBane","Strike_R","Strike_R","Strike_R","Strike_R","Defend_R","Defend_R","Defend_R","Defend_R","Bash","Bludgeon","Cleave","Shockwave+1","Rage","Flame Barrier","Shrug It Off"],"relics":["Burning Blood","Frozen Egg 2","Bottled Lightning","Bottled Flame","Oddly Smooth Stone"],"potions_floor_usage":[10,12,16],"damage_taken":[{"damage":1,"enemies":"Cultist","floor":1,"turns":3},{"damage":7,"enemies":"2 Louse","floor":2,"turns":3},{"damage":7,"enemies":"Jaw Worm","floor":3,"turns":3},{"damage":64,"enemies":"3 Sentries","floor":6,"turns":12},{"damage":9,"enemies":"Exordium Wildlife","floor":8,"turns":4},{"damage":15,"enemies":"Lagavulin","floor":10,"turns":5},{"damage":10,"enemies":"Gremlin Gang","floor":11,"turns":3},{"damage":0,"enemies":"3 Sentries","floor":12,"turns":1},{"damage":6,"enemies":"2 Fungi Beasts","floor":13,"turns":4},{"damage":27,"enemies":"Hexaghost","floor":16,"turns":9}],"seed_played":"6902186864098768726","potions_obtained":[{"floor":2,"key":"Weak Potion"},{"floor":6,"key":"Block Potion"},{"floor":8,"key":"SmokeBomb"},{"floor":11,"key":"SteroidPotion"},{"floor":13,"key":"SpeedPotion"}],"is_trial":false,"path_per_floor":["M","M","M","$","?","E","R","M","T","E","M","E","M","$","R","B"],"character_chosen":"IRONCLAD","items_purchased":["Rage","Oddly Smooth Stone"],"campfire_rested":1,"item_purchase_floors":[4,14],"current_hp_per_floor":[73,72,71,71,71,13,35,32,32,23,19,25,25,25,25,0],"gold":19,"neow_bonus":"ONE_RANDOM_RARE_CARD","is_prod":false,"is_daily":false,"chose_seed":false,"campfire_upgraded":1,"win_rate":0,"timestamp":1557199543,"path_taken":["M","M","M","?","?","E","R","M","T","E","M","E","?","$","R","BOSS"],"build_version":"2019-01-23","purchased_purges":0,"victory":false,"max_hp_per_floor":[75,75,75,75,75,75,75,75,75,75,75,75,75,75,75,75],"card_choices":[{"not_picked":["Pommel Strike","Second Wind"],"picked":"Cleave","floor":1},{"not_picked":["Carnage","Thunderclap"],"picked":"Shockwave","floor":2},{"not_picked":["Wild Strike","Evolve","Entrench"],"picked":"SKIP","floor":3},{"not_picked":["Rampage","Clothesline","Searing Blow"],"picked":"SKIP","floor":6},{"not_picked":["Sword Boomerang","Thunderclap","Rupture+1"],"picked":"SKIP","floor":8},{"not_picked":["Second Wind","Iron Wave"],"picked":"Flame Barrier","floor":10},{"not_picked":["Perfected Strike","Pommel Strike","Dark Embrace+1"],"picked":"SKIP","floor":11},{"not_picked":["Evolve+1","Headbutt"],"picked":"Shrug It Off","floor":13}],"player_experience":1305521,"relics_obtained":[{"floor":6,"key":"Frozen Egg 2"},{"floor":9,"key":"Bottled Lightning"},{"floor":10,"key":"Bottled Flame"}],"event_choices":[{"cards_removed":["Strike_R"],"damage_healed":0,"gold_gain":0,"player_choice":"Purged","damage_taken":0,"max_hp_gain":0,"max_hp_loss":0,"event_name":"Purifier","floor":5,"gold_loss":0}],"is_beta":false,"boss_relics":[],"items_purged_floors":[],"is_endless":false,"potions_floor_spawned":[2,6,8,11,13],"killed_by":"Hexaghost","ascension_level":18}