{"gold_per_floor":[115,115,190,210,210,244,244,247,247,219,241,246,246,355,355,296,296,284,224,162,235,137,137,111,113,113,113,113,126,126,118,118,0,0],"floor_reached":33,"playtime":1111,"items_purged":[],"score":400,"play_id":"19b7d519-205a-4a1d-97cf-ebdb47ff0c6a","local_time":"20190503184151","is_ascension_mode":false,"campfire_choices":[{"data":"Tempest","floor":7.0,"key":"SMITH"},{"data":"Consume","floor":13.0,"key":"SMITH"},{"data":"hubris:DoWhile","floor":15.0,"key":"SMITH"},{"data":"Crystallizer","floor":23,"key":"SMITH"},{"data":"Chaos","floor":30,"key":"SMITH"},{"data":"BasicCrystalCard","floor":32,"key":"SMITH"}],"neow_cost":"NONE","seed_source_timestamp":1917804032329833,"circlet_count":0,"master_deck":["Strike_B","Strike_B+1","Strike_B","Strike_B","Defend_B","Defend_B","Defend_B","Defend_B","Zap+1","Dualcast","Tempest+1","Barrage","BasicCrystalCard","Ball Lightning","Crystallizer+1","Consume+1","BasicCrystalCard+1","hubris:DoWhile+1","Machine Learning","Loop+1","Chaos+1","Compile Driver+1"],"special_seed":0,"relics":["Cracked Core","NeowsBlessing","vexMod:MidasArmor","Matryoshka","vexMod:GazerBeam","vexMod:ColdYogurt","hubris:OldNail","hubris:BundleOfHerbs","trackpad:Mousetrap","hubris:TerracottaHorce","vexMod:GorgonsHead","Orichalcum","Geode","vexMod:Dragonfruit"],"potions_floor_usage":[33],"damage_taken":[{"damage":0.0,"enemies":"Small Slimes","floor":1.0,"turns":1.0},{"damage":0.0,"enemies":"Jaw Worm","floor":4.0,"turns":1.0},{"damage":0.0,"enemies":"Lagavulin","floor":6.0,"turns":1.0},{"damage":0.0,"enemies":"2 Louse","floor":8.0,"turns":2.0},{"damage":0.0,"enemies":"3 Sentries","floor":10.0,"turns":8.0},{"damage":0.0,"enemies":"3 Sentries","floor":11.0,"turns":4.0},{"damage":0.0,"enemies":"Blue Slaver","floor":12.0,"turns":2.0},{"damage":0.0,"enemies":"Fading Forest","floor":16.0,"turns":11.0},{"damage":0.0,"enemies":"2 Thieves","floor":18.0,"turns":3.0},{"damage":0.0,"enemies":"Shell Parasite","floor":19.0,"turns":5.0},{"damage":0.0,"enemies":"Shelled Parasite and Fungi","floor":20.0,"turns":4.0},{"damage":0.0,"enemies":"Shelled Parasite and Fungi","floor":22.0,"turns":5.0},{"damage":0,"enemies":"Book of Stabbing","floor":24,"turns":4},{"damage":0,"enemies":"Sentry and Sphere","floor":25,"turns":3},{"damage":0,"enemies":"Snecko","floor":29,"turns":2},{"damage":0,"enemies":"Cultist and Chosen","floor":31,"turns":5},{"damage":0,"enemies":"Automaton","floor":33,"turns":6},{"damage":0,"enemies":"Automaton","floor":33,"turns":6}],"seed_played":"-7771922096871130560","potions_obtained":[{"floor":1.0,"key":"Fire Potion"},{"floor":6.0,"key":"Venom Potion"},{"floor":11.0,"key":"Fire Potion"},{"floor":20.0,"key":"vexMod:BlazePotion"}],"is_trial":false,"path_per_floor":["M","?","?","M","?","E","R","M","T","E","?","M","R","?","R","B",null,"M","M","M","?","?","R","E","M","T","T","?","M","R","M","R","B"],"character_chosen":"DEFECT","items_purchased":[],"campfire_rested":0,"item_purchase_floors":[],"current_hp_per_floor":[75,60,49,49,210,244,244,247,247,219,241,246,246,355,355,296,296,284,224,162,235,137,137,111,113,113,113,113,126,126,118,118,0,0],"gold":0,"neow_bonus":"THREE_ENEMY_KILL","is_prod":false,"is_daily":false,"chose_seed":false,"campfire_upgraded":6,"win_rate":0,"timestamp":1556919711,"path_taken":["M","?","?","M","?","E","R","?","T","E","?","M","R","?","R","BOSS","M","M","?","?","?","R","E","M","T","?","?","?","R","M","R","BOSS"],"build_version":"2019-01-23","purchased_purges":0,"victory":false,"max_hp_per_floor":[75,75,75,75,210,244,244,247,247,219,241,246,246,355,355,296,296,284,224,162,235,137,137,111,113,113,113,113,126,126,118,118,0,0],"card_choices":[{"not_picked":["Panic Button","vexMod:DiverseOrb"],"picked":"Tempest","floor":1.0},{"not_picked":["vexMod:SharpOrbs","Hello World"],"picked":"Barrage","floor":4.0},{"not_picked":["ReplayTheSpireMod:Repulse","Go for the Eyes"],"picked":"BasicCrystalCard","floor":6.0},{"not_picked":["Redo","Fusion"],"picked":"Ball Lightning","floor":8.0},{"not_picked":["Steam","Double Energy"],"picked":"Crystallizer","floor":10.0},{"not_picked":["vexMod:BeamPop","vexMod:DiverseOrb"],"picked":"Consume","floor":11.0},{"not_picked":["Blizzard","vexMod:ChargeBeam"],"picked":"BasicCrystalCard","floor":12.0},{"not_picked":["Lockon","Coolheaded"],"picked":"hubris:DoWhile","floor":14.0},{"not_picked":["Hyperbeam","Reboot"],"picked":"Machine Learning","floor":16.0},{"not_picked":["Conserve Battery","ReplayGash","Blizzard"],"picked":"SKIP","floor":18.0},{"not_picked":["Hologram","vexMod:BeamPop+1"],"picked":"Loop+1","floor":19.0},{"not_picked":["ReplayTheSpireMod:Calculation Training+1","hubris:Ukulele","Panic Button"],"picked":"SKIP","floor":20.0},{"not_picked":["ReplayTheSpireMod:Omega Cannon","Gash","Skim+1"],"picked":"SKIP","floor":24},{"not_picked":["Sweeping Beam","Go for the Eyes+1","Undo"],"picked":"SKIP","floor":25},{"not_picked":["vexMod:ChargeBeam","Force Field"],"picked":"Chaos","floor":29},{"not_picked":["Cold Snap","Panic Button"],"picked":"Compile Driver+1","floor":31}],"player_experience":1287542,"relics_obtained":[{"floor":5.0,"key":"vexMod:MidasArmor"},{"floor":6.0,"key":"Matryoshka"},{"floor":9.0,"key":"vexMod:GazerBeam"},{"floor":10.0,"key":"vexMod:ColdYogurt"},{"floor":14.0,"key":"hubris:BundleOfHerbs"},{"floor":14.0,"key":"trackpad:Mousetrap"},{"floor":22,"key":"vexMod:GorgonsHead"},{"floor":24,"key":"Orichalcum"},{"floor":26,"key":"Geode"},{"floor":27,"key":"vexMod:Dragonfruit"}],"event_choices":[{"damage_healed":0.0,"max_hp_gain":0.0,"max_hp_loss":0.0,"gold_gain":0.0,"event_name":"Shining Light","player_choice":"Entered Light","floor":2.0,"gold_loss":0.0,"damage_taken":15.0,"cards_upgraded":["Zap","Strike_B"]},{"damage_healed":0.0,"max_hp_gain":0.0,"max_hp_loss":0.0,"gold_gain":75.0,"event_name":"World of Goop","player_choice":"Gather Gold","floor":3.0,"gold_loss":0.0,"damage_taken":11.0},{"damage_healed":0.0,"max_hp_gain":0.0,"max_hp_loss":0.0,"gold_gain":0.0,"event_name":"Dead Adventurer","player_choice":"Searched \u00273\u0027 times","floor":11.0,"gold_loss":0.0,"damage_taken":0.0,"relics_obtained":["hubris:OldNail"]}],"is_beta":false,"boss_relics":[{"not_picked":["vexMod:MallPass","Lizard Tail"],"picked":"hubris:TerracottaHorce"}],"items_purged_floors":[],"is_endless":false,"potions_floor_spawned":[1,6,11,12,18,20,29,31],"killed_by":"Automaton","ascension_level":0}