{"gold_per_floor":[115,115,115,115,131,131,146,184,260,274,274,45,45,60,60,287,287,311,311,12,12,12,12,12,53,53,84,183,197,337,351,351,351],"floor_reached":33,"playtime":956,"items_purged":[],"score":431,"play_id":"84105da6-8812-4167-8717-2f75fb361cde","local_time":"20190104034222","is_ascension_mode":true,"campfire_choices":[{"data":"Discovery","floor":6,"key":"SMITH"},{"floor":11,"key":"REST"},{"floor":13,"key":"REST"},{"data":"Seek","floor":15,"key":"SMITH"},{"data":"Storm","floor":23,"key":"SMITH"},{"floor":32,"key":"REST"}],"neow_cost":"NONE","seed_source_timestamp":57456564077307,"circlet_count":0,"master_deck":["Strike_B","Strike_B","Strike_B","Strike_B","Defend_B","Defend_B","Defend_B","Defend_B","Zap","Dualcast","Discovery+1","Conserve Battery","Compile Driver","Seek+1","BootSequence","Stack","Gash","Panache","Storm+1","Biased Cognition","Hello World+1","Echo Form","Storm","Sunder+1","Loop","Hologram","Hologram"],"relics":["Cracked Core","Golden Idol","Gremlin Horn","infinitespire:SolderingIron","construct:WeddingRing","Nilry\u0027s Codex","Strawberry","infinitespire:BottledMercury","Letter Opener","The Courier","Pear"],"potions_floor_usage":[8,8,8,16,27,30,30,33],"damage_taken":[{"damage":6,"enemies":"Jaw Worm","floor":1,"turns":3},{"damage":7,"enemies":"2 Louse","floor":5,"turns":2},{"damage":0,"enemies":"Small Slimes","floor":7,"turns":4},{"damage":11,"enemies":"3 Sentries","floor":8,"turns":6},{"damage":20,"enemies":"Exordium Thugs","floor":10,"turns":5},{"damage":3,"enemies":"Large Slime","floor":14,"turns":5},{"damage":39,"enemies":"The Guardian","floor":16,"turns":5},{"damage":0,"enemies":"Chosen","floor":18,"turns":3},{"damage":3,"enemies":"Gremlin Leader","floor":25,"turns":5},{"damage":13,"enemies":"Book of Stabbing","floor":27,"turns":3},{"damage":3,"enemies":"Spheric Guardian","floor":29,"turns":3},{"damage":18,"enemies":"Slavers","floor":30,"turns":3},{"damage":8,"enemies":"Cultist and Chosen","floor":31,"turns":3},{"damage":56,"enemies":"Collector","floor":33,"turns":3}],"seed_played":"5350615715355214407","potions_obtained":[{"floor":4,"key":"Fire Potion"},{"floor":4,"key":"Fire Potion"},{"floor":4,"key":"SneckoOil"},{"floor":7,"key":"SkillPotion"},{"floor":8,"key":"SkillPotion"},{"floor":14,"key":"Explosive Potion"},{"floor":16,"key":"Explosive Potion"},{"floor":18,"key":"SkillPotion"},{"floor":31,"key":"SkillPotion"}],"is_trial":false,"path_per_floor":["M","?","?","?","M","R","M","E","T","M","R","$","R","M","R","B",null,"M","?","$","?","$","R","?","E","T","E","?","M","E","M","R","B"],"character_chosen":"DEFECT","items_purchased":["Gash","Panache","Echo Form","Strawberry"],"campfire_rested":3,"item_purchase_floors":[12,12,20,20],"current_hp_per_floor":[62,62,55,55,48,48,48,37,37,17,39,39,61,58,58,19,61,61,45,52,52,52,52,52,49,49,36,36,33,25,17,44,0],"gold":351,"neow_bonus":"RANDOM_COLORLESS","is_prod":false,"is_daily":false,"chose_seed":false,"campfire_upgraded":3,"win_rate":0,"timestamp":1546584142,"path_taken":["M","?","?","?","?","R","M","E","T","M","R","$","R","M","R","BOSS","M","?","$","?","$","R","?","E","T","E","?","M","E","M","R","BOSS"],"build_version":"2019-01-03v3","purchased_purges":0,"victory":false,"max_hp_per_floor":[75,75,75,75,75,75,75,75,75,75,75,75,75,75,75,75,75,75,75,82,82,82,82,82,82,82,82,82,82,92,92,92,92],"card_choices":[{"not_picked":["Streamline","Redo"],"picked":"Conserve Battery","floor":1},{"not_picked":["Hologram","Beam Cell"],"picked":"Compile Driver","floor":5},{"not_picked":["Hello World","Capacitor"],"picked":"Seek","floor":7},{"not_picked":["Streamline","Heatsinks"],"picked":"BootSequence","floor":8},{"not_picked":["Melter","Compile Driver"],"picked":"Stack","floor":10},{"not_picked":["Beam Cell","Compile Driver"],"picked":"Storm","floor":14},{"not_picked":["Multi-Cast","Reboot"],"picked":"Biased Cognition","floor":16},{"not_picked":["Redo","Rip and Tear"],"picked":"Hello World+1","floor":18},{"not_picked":["Gash","Compile Driver+1"],"picked":"Storm","floor":25},{"not_picked":["FTL","Aggregate+1"],"picked":"Sunder+1","floor":27},{"not_picked":["Rebound","Stack"],"picked":"Loop","floor":29},{"not_picked":["Fission","Go for the Eyes"],"picked":"Hologram","floor":30},{"not_picked":["Redo","Reprogram"],"picked":"Hologram","floor":31}],"player_experience":612206,"relics_obtained":[{"floor":8,"key":"Gremlin Horn"},{"floor":9,"key":"infinitespire:SolderingIron"},{"floor":19,"key":"Nilry\u0027s Codex"},{"floor":25,"key":"infinitespire:BottledMercury"},{"floor":26,"key":"Letter Opener"},{"floor":27,"key":"The Courier"},{"floor":30,"key":"Pear"}],"event_choices":[{"damage_healed":0,"gold_gain":0,"player_choice":"Take Wound","damage_taken":0,"relics_obtained":["Golden Idol"],"max_hp_gain":0,"max_hp_loss":0,"event_name":"Golden Idol","floor":2,"gold_loss":0,"cards_obtained":["Injury"]},{"cards_removed":["Injury"],"damage_healed":0,"gold_gain":0,"player_choice":"Card Removal","damage_taken":7,"max_hp_gain":0,"max_hp_loss":0,"event_name":"Golden Wing","floor":3,"gold_loss":0},{"damage_healed":0,"gold_gain":0,"player_choice":"Got Potions","damage_taken":0,"max_hp_gain":0,"max_hp_loss":0,"event_name":"Lab","floor":4,"gold_loss":0},{"damage_healed":0,"gold_gain":0,"player_choice":"Obtained Book","damage_taken":16,"max_hp_gain":0,"max_hp_loss":0,"event_name":"Cursed Tome","floor":19,"gold_loss":0},{"damage_healed":0,"gold_gain":0,"player_choice":"Ignored","damage_taken":0,"max_hp_gain":0,"max_hp_loss":0,"event_name":"Vampires","floor":21,"gold_loss":0},{"damage_healed":0,"gold_gain":0,"player_choice":"Ignored","damage_taken":0,"max_hp_gain":0,"max_hp_loss":0,"event_name":"Beggar","floor":24,"gold_loss":0},{"damage_healed":0,"gold_gain":99,"player_choice":"Stole From Cult","damage_taken":0,"max_hp_gain":0,"max_hp_loss":0,"event_name":"Nest","floor":28,"gold_loss":0}],"is_beta":false,"boss_relics":[{"not_picked":["White Beast Statue","Astrolabe"],"picked":"construct:WeddingRing"}],"items_purged_floors":[],"is_endless":false,"potions_floor_spawned":[7,8,14,16,18,31],"killed_by":"Collector","ascension_level":7}