{"gold_per_floor":[216,235,67,79,91,91,118,118,200,40,60,60,60,73,73,151,151,168,168,189,27,51,51,69,76],"floor_reached":25,"playtime":12325,"items_purged":["Strike_G"],"score":338,"play_id":"2dc08996-1d6d-48eb-a3ab-0bb376e4f0bc","local_time":"20190412151429","is_ascension_mode":true,"campfire_choices":[{"data":"Noxious Fumes","floor":6,"key":"SMITH"},{"data":"Cloak And Dagger","floor":8,"key":"SMITH"},{"floor":15,"key":"REST"},{"floor":23,"key":"REST"}],"neow_cost":"NONE","seed_source_timestamp":79595646972452,"circlet_count":0,"master_deck":["AscendersBane","Defend_G","Defend_G","Defend_G","Defend_G","Defend_G","Strike_G","Strike_G","Strike_G","Strike_G","Survivor","Neutralize","Quick Slash","vexMod:VenomSigh","Noxious Fumes+1","Quick Slash","Escape Plan","Cloak And Dagger+1","Noxious Fumes+1","vexMod:Plotting","hubris:Counter","vexMod:Jackpot","Noxious Fumes","hubris:Ssssneak","Bane","vexMod:ShieldSwipe"],"relics":["Ring of the Snake","Bronze Scales","Tiny Chest","Busted Crown","vexMod:DrawConverter"],"potions_floor_usage":[7,22,25],"damage_taken":[{"damage":1,"enemies":"2 Louse","floor":1,"turns":4},{"damage":0,"enemies":"Small Slimes","floor":2,"turns":4},{"damage":0,"enemies":"Cultist","floor":4,"turns":4},{"damage":7,"enemies":"Red Slaver","floor":5,"turns":4},{"damage":29,"enemies":"Lagavulin","floor":7,"turns":5},{"damage":20,"enemies":"Gremlin Gang","floor":11,"turns":4},{"damage":0,"enemies":"Large Slime","floor":14,"turns":5},{"damage":10,"enemies":"Hexaghost","floor":16,"turns":8},{"damage":1,"enemies":"3 Byrds","floor":18,"turns":3},{"damage":25,"enemies":"2 Thieves","floor":20,"turns":4},{"damage":8,"enemies":"Snecko","floor":22,"turns":5},{"damage":17,"enemies":"Snake Plant","floor":24,"turns":4},{"damage":31,"enemies":"Slavers","floor":25,"turns":4}],"seed_played":"-784408543626985271","potions_obtained":[{"floor":4,"key":"AttackPotion"},{"floor":7,"key":"SteroidPotion"},{"floor":14,"key":"GhostInAJar"},{"floor":22,"key":"vexMod:BlazePotion"}],"is_trial":false,"path_per_floor":["M","M","$","M","M","R","E","R","T","$","M","?","?","M","R","B",null,"M","T","M","$","M","R","M","E"],"character_chosen":"THE_SILENT","items_purchased":["Noxious Fumes","Quick Slash","Noxious Fumes","vexMod:Plotting","Noxious Fumes","hubris:Ssssneak"],"campfire_rested":2,"item_purchase_floors":[3,3,10,10,21,21],"current_hp_per_floor":[62,62,62,62,55,55,26,26,26,26,6,6,6,6,27,17,57,56,56,31,31,23,44,27,0],"gold":76,"neow_bonus":"HUNDRED_GOLD","is_prod":false,"is_daily":false,"chose_seed":false,"campfire_upgraded":2,"win_rate":0,"timestamp":1555092869,"path_taken":["M","M","$","M","M","R","E","R","T","$","M","?","?","?","R","BOSS","M","?","M","$","?","R","M","E"],"build_version":"2019-01-23","purchased_purges":1,"victory":false,"max_hp_per_floor":[70,70,70,70,70,70,70,70,70,70,70,70,70,70,70,70,70,70,70,70,70,70,70,70,70],"card_choices":[{"not_picked":["Accuracy","Acrobatics"],"picked":"Quick Slash","floor":1},{"not_picked":["Sucker Punch","Leg Sweep"],"picked":"vexMod:VenomSigh","floor":2},{"not_picked":["Flying Knee","Masterful Stab","Expertise"],"picked":"SKIP","floor":4},{"not_picked":["Flying Knee","hubris:Sniper"],"picked":"Escape Plan","floor":5},{"not_picked":["Quick Slash","vexMod:PinpointKick"],"picked":"Cloak And Dagger","floor":7},{"not_picked":["Backflip","Setup","Deadly Poison"],"picked":"SKIP","floor":11},{"not_picked":["vexMod:CursedBody","Choke"],"picked":"hubris:Counter","floor":14},{"not_picked":["Tools of the Trade","vexMod:DeadlyDodge"],"picked":"vexMod:Jackpot","floor":16},{"not_picked":["Reflex"],"picked":"SKIP","floor":18},{"not_picked":["Skewer"],"picked":"SKIP","floor":20},{"not_picked":[],"picked":"Bane","floor":22},{"not_picked":[],"picked":"vexMod:ShieldSwipe","floor":24}],"player_experience":1088341,"relics_obtained":[{"floor":7,"key":"Bronze Scales"},{"floor":9,"key":"Tiny Chest"},{"floor":19,"key":"vexMod:DrawConverter"}],"event_choices":[{"damage_healed":0,"gold_gain":0,"player_choice":"Fled","damage_taken":0,"max_hp_gain":0,"max_hp_loss":0,"event_name":"Scrap Ooze","floor":12,"gold_loss":0},{"damage_healed":0,"gold_gain":0,"player_choice":"Forge","damage_taken":0,"max_hp_gain":0,"max_hp_loss":0,"event_name":"Accursed Blacksmith","floor":13,"gold_loss":0,"cards_upgraded":["Noxious Fumes"]}],"is_beta":false,"boss_relics":[{"not_picked":["Calling Bell","White Beast Statue"],"picked":"Busted Crown"}],"items_purged_floors":[3],"is_endless":false,"potions_floor_spawned":[4,7,14,16,18,22],"killed_by":"Slavers","ascension_level":13}