{"gold_per_floor":[119,130,130,148,166,166,194,194,194,194,206,206,239,250,250,327,327,340,340,103,18,29,29,61,61,61,90,90,10,10],"floor_reached":30,"playtime":1827,"items_purged":["Strike_B","Strike_B"],"score":577,"play_id":"932919ae-be14-45dd-b066-c2b5f184f5b0","local_time":"20181127144631","is_ascension_mode":true,"campfire_choices":[{"data":"Zap","floor":6,"key":"SMITH"},{"floor":8,"key":"RECALL"},{"data":"Conserve Battery","floor":10,"key":"SMITH"},{"data":"Dualcast","floor":12,"key":"SMITH"},{"data":"Barrage","floor":15,"key":"SMITH"},{"floor":23,"key":"REST"},{"floor":28,"key":"REST"}],"neow_cost":"NONE","seed_source_timestamp":145191786659653,"circlet_count":0,"master_deck":["AscendersBane","Strike_B","Strike_B","Defend_B","Defend_B","Defend_B","Defend_B","Zap+1","Dualcast+1","Undo","Conserve Battery+1","Gash","Glacier","Rebound","Barrage+1","Compile Driver","Electrodynamics","Defragment+1","Cold Snap","Auto Shields","Hologram"],"relics":["Cracked Core","Strawberry","Shuriken","The Courier","Runic Pyramid","Bronze Scales","Mercury Hourglass","Bag of Preparation","Frozen Egg 2","Darkstone Periapt"],"potions_floor_usage":[7,24,24,27],"damage_taken":[{"damage":0,"enemies":"Jaw Worm","floor":1,"turns":3},{"damage":5,"enemies":"Small Slimes","floor":2,"turns":5},{"damage":0,"enemies":"2 Louse","floor":4,"turns":3},{"damage":9,"enemies":"Blue Slaver","floor":5,"turns":4},{"damage":6,"enemies":"Lagavulin","floor":7,"turns":10},{"damage":0,"enemies":"2 Fungi Beasts","floor":11,"turns":5},{"damage":8,"enemies":"3 Sentries","floor":13,"turns":11},{"damage":1,"enemies":"Exordium Thugs","floor":14,"turns":4},{"damage":42,"enemies":"Hexaghost","floor":16,"turns":11},{"damage":12,"enemies":"3 Byrds","floor":18,"turns":3},{"damage":17,"enemies":"2 Thieves","floor":22,"turns":2},{"damage":28,"enemies":"Slavers","floor":24,"turns":4},{"damage":24,"enemies":"Book of Stabbing","floor":27,"turns":5},{"damage":16,"enemies":"Colosseum Slavers","floor":30,"turns":2},{"damage":43,"enemies":"Colosseum Nobs","floor":30,"turns":3}],"seed_played":"6285304871358026842","potions_obtained":[{"floor":1,"key":"Swift Potion"},{"floor":5,"key":"FocusPotion"},{"floor":14,"key":"Explosive Potion"},{"floor":24,"key":"Weak Potion"}],"is_trial":false,"path_per_floor":["M","M","?","M","M","R","E","R","T","R","M","R","E","M","R","B",null,"M","?","$","?","M","R","E","?","T","E","R","$","?"],"character_chosen":"DEFECT","items_purchased":["Bronze Scales","Cold Snap"],"campfire_rested":2,"item_purchase_floors":[20,20],"current_hp_per_floor":[71,66,71,71,62,62,63,63,63,63,63,63,55,54,54,12,71,59,59,59,59,42,69,41,41,41,17,44,44,0],"gold":10,"neow_bonus":"TEN_PERCENT_HP_BONUS","is_prod":false,"is_daily":false,"chose_seed":false,"campfire_upgraded":4,"win_rate":0,"timestamp":1543347991,"path_taken":["M","M","?","M","M","R","E","R","T","R","M","R","E","M","R","BOSS","M","?","$","?","M","R","E","?","T","E","R","$","?"],"build_version":"2018-11-15","purchased_purges":2,"victory":false,"max_hp_per_floor":[78,78,83,83,83,83,90,90,90,90,90,90,90,90,90,90,90,90,90,90,90,90,90,90,90,90,90,90,90,90],"card_choices":[{"not_picked":["Barrage","Coolheaded"],"picked":"Undo","floor":1},{"not_picked":["Steam","Force Field"],"picked":"Conserve Battery","floor":2},{"not_picked":["Stack","Coolheaded"],"picked":"Gash","floor":4},{"not_picked":["Loop","Stack"],"picked":"Glacier","floor":5},{"not_picked":["Stack","Steam"],"picked":"Rebound","floor":7},{"not_picked":["Turbo","Rebound","Fusion"],"picked":"SKIP","floor":11},{"not_picked":["Steam Power","Reboot"],"picked":"Barrage","floor":13},{"not_picked":["Turbo","Double Energy"],"picked":"Compile Driver","floor":14},{"not_picked":["Machine Learning","All For One"],"picked":"Electrodynamics","floor":16},{"not_picked":["Coolheaded","Sunder"],"picked":"Defragment+1","floor":18},{"not_picked":["Sweeping Beam","Reinforced Body"],"picked":"Auto Shields","floor":22},{"not_picked":["Rebound","Aggregate"],"picked":"Hologram","floor":24},{"not_picked":["Leap","Coolheaded","Lockon"],"picked":"SKIP","floor":27}],"player_experience":1033294,"relics_obtained":[{"floor":7,"key":"Strawberry"},{"floor":9,"key":"Shuriken"},{"floor":13,"key":"The Courier"},{"floor":24,"key":"Bag of Preparation"},{"floor":26,"key":"Frozen Egg 2"},{"floor":27,"key":"Darkstone Periapt"}],"event_choices":[{"damage_healed":0,"gold_gain":0,"player_choice":"Donut","damage_taken":0,"max_hp_gain":5,"max_hp_loss":0,"event_name":"Big Fish","floor":3,"gold_loss":0},{"damage_healed":0,"gold_gain":0,"player_choice":"Ignored","damage_taken":0,"max_hp_gain":0,"max_hp_loss":0,"event_name":"The Mausoleum","floor":19,"gold_loss":0},{"damage_healed":0,"gold_gain":0,"player_choice":"Obtained Relic","damage_taken":0,"relics_obtained":["Mercury Hourglass"],"max_hp_gain":0,"max_hp_loss":0,"event_name":"Addict","floor":21,"gold_loss":85},{"damage_healed":0,"gold_gain":0,"player_choice":"Ignored","damage_taken":0,"max_hp_gain":0,"max_hp_loss":0,"event_name":"Cursed Tome","floor":25,"gold_loss":0},{"damage_healed":0,"gold_gain":0,"player_choice":"Fight","damage_taken":0,"max_hp_gain":0,"max_hp_loss":0,"event_name":"Colosseum","floor":30,"gold_loss":0},{"damage_healed":0,"gold_gain":0,"player_choice":"Fought Nobs","damage_taken":0,"max_hp_gain":0,"max_hp_loss":0,"event_name":"Colosseum","floor":30,"gold_loss":0}],"is_beta":true,"boss_relics":[{"not_picked":["Busted Crown","Runic Dome"],"picked":"Runic Pyramid"}],"items_purged_floors":[20,29],"is_endless":false,"potions_floor_spawned":[1,5,14,22,24],"killed_by":"Colosseum Nobs","ascension_level":20}