{"gold_per_floor":[11,86,86,86,99,127,127,152,152,152,163,163,177,211,211,314,314,333,351,368,368,386,419,57,87,112,142,161,161,161,436,436,537,537,554,308,115,115,161,189,167,198,198,231,246,260,280,300,300,300,300,300,27,52,52],"floor_reached":56,"playtime":3374,"items_purged":["Strike_B+1","Regret","Strike_B+1"],"score":1624,"play_id":"3cfa2aa6-059d-438c-ada8-321ef9b1b3db","local_time":"20190323172731","is_ascension_mode":true,"campfire_choices":[{"data":"Biased Cognition","floor":7,"key":"SMITH"},{"floor":10,"key":"REST"},{"data":"Defragment","floor":12,"key":"SMITH"},{"data":"Defragment","floor":15,"key":"SMITH"},{"floor":30,"key":"REST"},{"data":"Storm","floor":32,"key":"SMITH"},{"floor":49,"key":"RECALL"},{"data":"Fission","floor":52,"key":"SMITH"}],"neow_cost":"NO_GOLD","seed_source_timestamp":1029224941043890,"circlet_count":0,"master_deck":["Strike_B+1","Defend_B+1","Defend_B+1","Defend_B+1","Defend_B+1","Zap","Dualcast","Sweeping Beam+1","Sunder+1","Biased Cognition+1","Defragment+1","FTL","Defragment+1","Core Surge+1","Stack+1","Chaos","Coolheaded+1","Compile Driver+1","Coolheaded","Storm+1","Coolheaded","Heatsinks","Glacier","Echo Form","Coolheaded+1","Glacier","Heatsinks","Fission+1","Hello World","Coolheaded","Leap+1","Coolheaded+1","Coolheaded+1","Hologram+1","Creative AI","Seek","Capacitor+1","Steam Power","Steam+1","Stack+1"],"relics":["Cracked Core","Girya","Question Card","Pear","Calipers","Sozu","MawBank","OrangePellets","Regal Pillow","Oddly Smooth Stone","Boot","Coffee Dripper","Turnip","Vajra","Bag of Preparation","Happy Flower","Whetstone","War Paint","Thread and Needle"],"potions_floor_usage":[8,16,23],"damage_taken":[{"damage":0,"enemies":"Small Slimes","floor":1,"turns":2},{"damage":0,"enemies":"2 Louse","floor":5,"turns":3},{"damage":18,"enemies":"Lagavulin","floor":6,"turns":8},{"damage":16,"enemies":"Gremlin Nob","floor":8,"turns":4},{"damage":1,"enemies":"Jaw Worm","floor":11,"turns":3},{"damage":0,"enemies":"2 Fungi Beasts","floor":13,"turns":2},{"damage":26,"enemies":"3 Sentries","floor":14,"turns":6},{"damage":0,"enemies":"Hexaghost","floor":16,"turns":12},{"damage":2,"enemies":"Shell Parasite","floor":18,"turns":4},{"damage":5,"enemies":"Chosen","floor":19,"turns":4},{"damage":0,"enemies":"Snecko","floor":20,"turns":4},{"damage":0,"enemies":"Snake Plant","floor":22,"turns":3},{"damage":19,"enemies":"Slavers","floor":23,"turns":4},{"damage":6,"enemies":"Book of Stabbing","floor":25,"turns":7},{"damage":31,"enemies":"Slavers","floor":27,"turns":6},{"damage":6,"enemies":"Chosen and Byrds","floor":28,"turns":4},{"damage":8,"enemies":"Collector","floor":33,"turns":12},{"damage":2,"enemies":"3 Shapes","floor":35,"turns":4},{"damage":25,"enemies":"2 Orb Walkers","floor":39,"turns":4},{"damage":1,"enemies":"Reptomancer","floor":40,"turns":5},{"damage":21,"enemies":"Nemesis","floor":42,"turns":7},{"damage":0,"enemies":"Reptomancer","floor":44,"turns":7},{"damage":0,"enemies":"3 Darklings","floor":45,"turns":7},{"damage":0,"enemies":"Sphere and 2 Shapes","floor":46,"turns":4},{"damage":0,"enemies":"4 Shapes","floor":47,"turns":4},{"damage":0,"enemies":"Maw","floor":48,"turns":5},{"damage":6,"enemies":"Donu and Deca","floor":50,"turns":9},{"damage":12,"enemies":"Shield and Spear","floor":54,"turns":7},{"damage":0,"enemies":"The Heart","floor":55,"turns":10}],"seed_played":"5695045934862608816","potions_obtained":[{"floor":5,"key":"SpeedPotion"},{"floor":11,"key":"EssenceOfSteel"},{"floor":13,"key":"FearPotion"}],"is_trial":false,"path_per_floor":["M","?","?","?","M","E","R","E","T","R","M","R","M","E","R","B",null,"M","M","M","?","M","E","$","E","T","E","M","?","R","?","R","B",null,"M","$","$","?","?","E","$","E","T","E","M","M","M","M","R","B",null,"R","$","E","B",null],"character_chosen":"DEFECT","items_purchased":["OrangePellets","Storm","Coolheaded","Glacier","Heatsinks","Fission","Hello World","Coolheaded","Coolheaded","War Paint"],"campfire_rested":2,"item_purchase_floors":[24,24,24,36,36,37,37,37,41,53],"current_hp_per_floor":[75,64,57,42,42,24,24,18,18,43,42,42,42,16,16,16,85,83,78,78,78,78,59,59,53,53,22,16,16,56,56,56,48,85,83,83,83,83,58,57,57,36,36,36,36,36,36,36,36,30,85,85,85,73,73],"gold":52,"neow_bonus":"ONE_RARE_RELIC","is_prod":false,"is_daily":false,"chose_seed":false,"campfire_upgraded":5,"win_rate":0,"timestamp":1553376451,"path_taken":["M","?","?","?","M","E","R","E","T","R","M","R","M","E","R","BOSS","M","M","M","?","M","E","$","E","T","E","M","?","R","?","R","BOSS","M","?","$","?","?","E","$","E","T","E","M","M","M","M","R","BOSS","R","$","E","BOSS"],"build_version":"2019-03-15","purchased_purges":3,"victory":true,"max_hp_per_floor":[75,75,75,75,75,75,75,85,85,85,85,85,85,85,85,85,85,85,85,85,85,85,85,85,85,85,85,85,85,85,85,85,85,85,85,85,85,85,85,85,85,85,85,85,85,85,85,85,85,85,85,85,85,85,85],"card_choices":[{"not_picked":["Rebound","Hologram"],"picked":"Sweeping Beam","floor":1},{"not_picked":["Melter","Beam Cell"],"picked":"Sunder","floor":5},{"not_picked":["Cold Snap","BootSequence"],"picked":"Biased Cognition","floor":6},{"not_picked":["Go for the Eyes","Scrape","Fission"],"picked":"Defragment","floor":8},{"not_picked":["Heatsinks","Cold Snap","Leap"],"picked":"Coolheaded","floor":11},{"not_picked":["Blizzard","Hologram","Redo"],"picked":"FTL","floor":13},{"not_picked":["Stack","FTL","Redo"],"picked":"Defragment","floor":14},{"not_picked":["Fission","Echo Form","Hyperbeam"],"picked":"Core Surge","floor":16},{"not_picked":["Barrage+1","Redo","Double Energy"],"picked":"Stack+1","floor":18},{"not_picked":["Redo","White Noise","Barrage+1"],"picked":"Chaos","floor":19},{"not_picked":["Reprogram","White Noise+1","Steam Power"],"picked":"Coolheaded+1","floor":20},{"not_picked":["Beam Cell","Lockon+1","Gash"],"picked":"Compile Driver+1","floor":22},{"not_picked":["Compile Driver","Lockon","Fission"],"picked":"Coolheaded","floor":23},{"not_picked":["Double Energy","Rebound","Compile Driver"],"picked":"Heatsinks","floor":25},{"not_picked":["Fission","Blizzard","Gash+1"],"picked":"Glacier","floor":27},{"not_picked":["Sweeping Beam+1","Streamline+1","Turbo","Barrage"],"picked":"SKIP","floor":28},{"not_picked":["Meteor Strike","Thunder Strike","Buffer"],"picked":"Echo Form","floor":33},{"not_picked":["Cold Snap+1","Leap+1","Force Field+1"],"picked":"Coolheaded+1","floor":35},{"not_picked":["Go for the Eyes","Rebound+1","Melter"],"picked":"Leap+1","floor":39},{"not_picked":["Skim+1","Stack","Turbo"],"picked":"Coolheaded+1","floor":40},{"not_picked":["Leap+1","Reprogram","Scrape"],"picked":"Hologram","floor":42},{"not_picked":["Sunder+1","Redo+1","Compile Driver+1"],"picked":"Creative AI","floor":44},{"not_picked":["Compile Driver","Go for the Eyes+1","Conserve Battery"],"picked":"Seek","floor":45},{"not_picked":["Hello World","Streamline+1","Sweeping Beam"],"picked":"Capacitor+1","floor":46},{"not_picked":["Compile Driver","Sweeping Beam+1","Go for the Eyes"],"picked":"Steam Power","floor":47},{"not_picked":["Tempest","Ball Lightning+1","Leap"],"picked":"Steam+1","floor":48},{"not_picked":["Hello World","Aggregate+1","Beam Cell+1"],"picked":"Stack+1","floor":54}],"player_experience":4995514,"relics_obtained":[{"floor":6,"key":"Question Card"},{"floor":8,"key":"Pear"},{"floor":14,"key":"Calipers"},{"floor":23,"key":"MawBank"},{"floor":25,"key":"Regal Pillow"},{"floor":26,"key":"Oddly Smooth Stone"},{"floor":27,"key":"Boot"},{"floor":39,"key":"Turnip"},{"floor":40,"key":"Vajra"},{"floor":42,"key":"Bag of Preparation"},{"floor":43,"key":"Happy Flower"},{"floor":44,"key":"Whetstone"},{"floor":54,"key":"Thread and Needle"}],"event_choices":[{"damage_healed":0,"gold_gain":75,"player_choice":"Gather Gold","damage_taken":11,"max_hp_gain":0,"max_hp_loss":0,"event_name":"World of Goop","floor":2,"gold_loss":0},{"cards_removed":["Strike_B"],"damage_healed":0,"gold_gain":0,"player_choice":"Card Removal","damage_taken":7,"max_hp_gain":0,"max_hp_loss":0,"event_name":"Golden Wing","floor":3,"gold_loss":0},{"damage_healed":0,"gold_gain":0,"player_choice":"Entered Light","damage_taken":15,"max_hp_gain":0,"max_hp_loss":0,"event_name":"Shining Light","floor":4,"gold_loss":0,"cards_upgraded":["Sweeping Beam","Defend_B"]},{"damage_healed":0,"gold_gain":0,"player_choice":"Simplicity","damage_taken":0,"max_hp_gain":0,"max_hp_loss":0,"event_name":"Back to Basics","floor":21,"gold_loss":0,"cards_upgraded":["Strike_B","Strike_B","Strike_B","Defend_B","Defend_B","Defend_B"]},{"damage_healed":0,"gold_gain":0,"player_choice":"Ignored","damage_taken":0,"max_hp_gain":0,"max_hp_loss":0,"event_name":"Vampires","floor":29,"gold_loss":0},{"damage_healed":0,"gold_gain":275,"player_choice":"Desecrate","damage_taken":0,"max_hp_gain":0,"max_hp_loss":0,"event_name":"Golden Shrine","floor":31,"gold_loss":0,"cards_obtained":["Regret"]},{"cards_removed":["Coolheaded"],"damage_healed":0,"gold_gain":0,"player_choice":"Removed Skill","damage_taken":0,"max_hp_gain":0,"max_hp_loss":0,"event_name":"Falling","floor":38,"gold_loss":0},{"damage_healed":0,"gold_gain":0,"player_choice":"Fight","damage_taken":0,"max_hp_gain":0,"max_hp_loss":0,"event_name":"Mysterious Sphere","floor":39,"gold_loss":0}],"is_beta":true,"boss_relics":[{"not_picked":["Busted Crown","Lizard Tail"],"picked":"Sozu"},{"not_picked":["White Beast Statue","Tiny House"],"picked":"Coffee Dripper"}],"items_purged_floors":[24,36,53],"is_endless":false,"potions_floor_spawned":[5,11,13,18,19,23,33,42,44,46,47],"ascension_level":1}