{"gold_per_floor":[11,21,40,54,1,31,31,41,65,65,99,99,174,174,174,276,276,296,296,315,4,4,32,48,80,80,80,114,114,127,155,155,255,255,271,32,32],"floor_reached":37,"playtime":1959,"items_purged":["Strike_R"],"score":608,"play_id":"d7fd2227-961c-4031-b1cd-f347fb1c757b","local_time":"20190505162700","is_ascension_mode":true,"campfire_choices":[{"data":"True Grit","floor":7,"key":"SMITH"},{"data":"Rupture","floor":10,"key":"SMITH"},{"data":"Dual Wield","floor":15,"key":"SMITH"},{"floor":29,"key":"RECALL"},{"floor":32,"key":"REST"}],"neow_cost":"NO_GOLD","seed_source_timestamp":158394337188388,"circlet_count":0,"master_deck":["Strike_R","Strike_R","Strike_R","Defend_R+1","Defend_R","Defend_R","Defend_R","Bash","Pommel Strike","Clash","Rupture+1","Dual Wield+1","True Grit+1","Thunderclap","Rage","Inflame+1","Reaper","Shrug It Off","Sword Boomerang","Corruption","Reaper","Rage","Disarm+1","Iron Wave","Shame","Sword Boomerang+1","Iron Wave","Demon Form","Bloodletting+1"],"relics":["Burning Blood","Sundial","Oddly Smooth Stone","PreservedInsect","Regal Pillow","Fusion Hammer","Smiling Mask","Anchor","War Paint","Pear","Ancient Tea Set","Black Star","Frozen Egg 2"],"potions_floor_usage":[16,23,28,33,35,37,37,37],"damage_taken":[{"damage":2,"enemies":"Small Slimes","floor":1,"turns":3},{"damage":0,"enemies":"2 Louse","floor":2,"turns":3},{"damage":6,"enemies":"Cultist","floor":3,"turns":3},{"damage":4,"enemies":"Gremlin Gang","floor":4,"turns":6},{"damage":30,"enemies":"Gremlin Nob","floor":6,"turns":4},{"damage":0,"enemies":"3 Louse","floor":8,"turns":3},{"damage":12,"enemies":"Lagavulin","floor":11,"turns":7},{"damage":0,"enemies":"Slime Boss","floor":16,"turns":5},{"damage":10,"enemies":"Chosen","floor":18,"turns":8},{"damage":9,"enemies":"2 Thieves","floor":20,"turns":5},{"damage":0,"enemies":"Gremlin Leader","floor":23,"turns":3},{"damage":12,"enemies":"Snecko","floor":24,"turns":5},{"damage":8,"enemies":"Book of Stabbing","floor":25,"turns":5},{"damage":0,"enemies":"Slavers","floor":28,"turns":6},{"damage":37,"enemies":"Cultist and Chosen","floor":30,"turns":10},{"damage":26,"enemies":"Book of Stabbing","floor":31,"turns":5},{"damage":54,"enemies":"Collector","floor":33,"turns":11},{"damage":34,"enemies":"3 Shapes","floor":35,"turns":6},{"damage":117,"enemies":"2 Orb Walkers","floor":37,"turns":6}],"seed_played":"-7530217125768289906","potions_obtained":[{"floor":2,"key":"SpeedPotion"},{"floor":4,"key":"PowerPotion"},{"floor":6,"key":"GamblersBrew"},{"floor":11,"key":"Fire Potion"},{"floor":20,"key":"Poison Potion"},{"floor":24,"key":"SkillPotion"},{"floor":25,"key":"Dexterity Potion"},{"floor":30,"key":"Regen Potion"},{"floor":33,"key":"AttackPotion"},{"floor":35,"key":"SpeedPotion"}],"is_trial":false,"path_per_floor":["M","M","M","M","$","E","R","M","T","R","E","?","?","?","R","B",null,"M","?","M","$","?","E","M","E","T","?","E","R","M","E","R","B",null,"M","$","?"],"character_chosen":"IRONCLAD","items_purchased":["True Grit","Corruption","Reaper","Frozen Egg 2"],"campfire_rested":1,"item_purchase_floors":[5,21,21,36],"current_hp_per_floor":[96,96,96,96,96,72,72,78,78,78,72,69,58,58,58,64,96,96,96,96,96,96,96,96,96,96,96,106,106,85,65,106,80,106,93,93,0],"gold":32,"neow_bonus":"TWENTY_PERCENT_HP_BONUS","is_prod":false,"is_daily":false,"chose_seed":false,"campfire_upgraded":3,"win_rate":0,"timestamp":1557088020,"path_taken":["M","M","M","M","$","E","R","M","T","R","E","?","?","?","R","BOSS","M","?","?","$","?","E","M","E","T","?","E","R","M","E","R","BOSS","M","$","?"],"build_version":"2019-04-23","purchased_purges":1,"victory":false,"max_hp_per_floor":[96,96,96,96,96,96,96,96,96,96,96,96,96,96,96,96,96,96,96,96,96,96,96,96,96,96,96,106,106,106,106,106,106,106,106,106,106],"card_choices":[{"not_picked":["Body Slam","Infernal Blade"],"picked":"Pommel Strike","floor":1},{"not_picked":["Headbutt","Bloodletting"],"picked":"Clash","floor":2},{"not_picked":["Body Slam","Sever Soul"],"picked":"Rupture","floor":3},{"not_picked":["True Grit","Rampage"],"picked":"Dual Wield","floor":4},{"not_picked":["Blood for Blood","Dropkick"],"picked":"Thunderclap","floor":6},{"not_picked":["Perfected Strike","Flex"],"picked":"Rage","floor":8},{"not_picked":["Exhume","Pommel Strike"],"picked":"Inflame","floor":11},{"not_picked":["Limit Break","Barricade"],"picked":"Reaper","floor":16},{"not_picked":["Thunderclap","Headbutt"],"picked":"Shrug It Off","floor":18},{"not_picked":["Body Slam","Flame Barrier"],"picked":"Sword Boomerang","floor":20},{"not_picked":["Pommel Strike","Bludgeon"],"picked":"Rage","floor":23},{"not_picked":["True Grit+1","Iron Wave"],"picked":"Disarm","floor":24},{"not_picked":["Twin Strike","Anger+1"],"picked":"Iron Wave","floor":25},{"not_picked":["Anger","Thunderclap+1","Body Slam+1"],"picked":"SKIP","floor":28},{"not_picked":["Clothesline","Sentinel"],"picked":"Sword Boomerang+1","floor":30},{"not_picked":["Heavy Blade+1","Wild Strike"],"picked":"Iron Wave","floor":31},{"not_picked":["Impervious","Immolate"],"picked":"Demon Form","floor":33},{"not_picked":["Headbutt+1","Pummel+1"],"picked":"Bloodletting+1","floor":35}],"player_experience":5645239,"relics_obtained":[{"floor":6,"key":"Sundial"},{"floor":9,"key":"Oddly Smooth Stone"},{"floor":11,"key":"PreservedInsect"},{"floor":23,"key":"Smiling Mask"},{"floor":25,"key":"Anchor"},{"floor":28,"key":"Pear"},{"floor":31,"key":"Ancient Tea Set"}],"event_choices":[{"damage_healed":0,"gold_gain":0,"player_choice":"Success","damage_taken":3,"relics_obtained":["Regal Pillow"],"max_hp_gain":0,"max_hp_loss":0,"event_name":"Scrap Ooze","floor":12,"gold_loss":0},{"damage_healed":0,"gold_gain":75,"player_choice":"Gather Gold","damage_taken":11,"max_hp_gain":0,"max_hp_loss":0,"event_name":"World of Goop","floor":13,"gold_loss":0},{"damage_healed":0,"gold_gain":0,"player_choice":"Upgraded","damage_taken":0,"max_hp_gain":0,"max_hp_loss":0,"event_name":"Upgrade Shrine","floor":14,"gold_loss":0,"cards_upgraded":["Inflame"]},{"cards_removed":["Strike_R"],"damage_healed":0,"gold_gain":0,"player_choice":"Purged","damage_taken":0,"max_hp_gain":0,"max_hp_loss":0,"event_name":"Purifier","floor":19,"gold_loss":0},{"damage_healed":0,"gold_gain":0,"player_choice":"Ignored","damage_taken":0,"max_hp_gain":0,"max_hp_loss":0,"event_name":"Vampires","floor":22,"gold_loss":0},{"damage_healed":0,"gold_gain":0,"player_choice":"Stole Relic","damage_taken":0,"relics_obtained":["War Paint"],"max_hp_gain":0,"max_hp_loss":0,"event_name":"Addict","floor":27,"gold_loss":0,"cards_obtained":["Shame"]},{"damage_healed":0,"gold_gain":0,"player_choice":"Fight","damage_taken":0,"max_hp_gain":0,"max_hp_loss":0,"event_name":"Mysterious Sphere","floor":37,"gold_loss":0}],"is_beta":true,"boss_relics":[{"not_picked":["Busted Crown","Snecko Eye"],"picked":"Fusion Hammer"},{"not_picked":["Calling Bell","Black Blood"],"picked":"Black Star"}],"items_purged_floors":[21],"is_endless":false,"potions_floor_spawned":[2,4,6,11,20,24,25,30,33,35],"killed_by":"2 Orb Walkers","ascension_level":1}