{"gold_per_floor":[118,128,128,128,128,159,159,179,231,6,6,40,40,55,55,184,184,197,197,247,268,393,393,308,308,389,389,163,163,187,211,211,331,331,354,354],"floor_reached":36,"playtime":929,"items_purged":["Regret"],"score":536,"play_id":"05afb2c4-c21e-4637-8886-d03a906631ce","local_time":"20181230152848","is_ascension_mode":true,"campfire_choices":[{"data":"Spot Weakness","floor":7,"key":"SMITH"},{"data":"Metallicize","floor":11,"key":"SMITH"},{"data":"Limit Break","floor":15,"key":"SMITH"},{"floor":23,"key":"REST"},{"floor":25,"key":"REST"},{"data":"Battle Trance","floor":29,"key":"SMITH"},{"data":"Spot Weakness","floor":32,"key":"SMITH"}],"neow_cost":"NONE","seed_source_timestamp":759387539241657,"circlet_count":0,"master_deck":["Strike_R+1","Strike_R+1","Strike_R+1","Strike_R+1","Strike_R+1","Defend_R+1","Defend_R+1","Defend_R+1","Defend_R+1","Bash","Shrug It Off+1","Havoc+1","Injury","Spot Weakness+1","Carnage","Battle Trance+1","Metallicize+1","Limit Break+1","Thunderclap","Demon Form","Spot Weakness+1","Sword Boomerang+1","Dual Wield+1","Pommel Strike","Heavy Blade","Shrug It Off","Uppercut","True Grit+1","Berserk","Decay","Doubt","Normality","Seeing Red"],"relics":["Burning Blood","NeowsBlessing","Golden Idol","Strawberry","Paper Frog","Potion Belt","Pear","Ornamental Fan","Mark of Pain","Red Skull","Du-Vu Doll","Singing Bowl","Dream Catcher","Bottled Lightning","Bronze Scales","Calling Bell","Anchor","Molten Egg 2","Gambling Chip"],"potions_floor_usage":[12,22,31,33,33,33,33,33,35,36],"damage_taken":[{"damage":0,"enemies":"2 Louse","floor":1,"turns":1},{"damage":0,"enemies":"Small Slimes","floor":2,"turns":1},{"damage":0,"enemies":"Gremlin Nob","floor":6,"turns":1},{"damage":15,"enemies":"Jaw Worm","floor":8,"turns":4},{"damage":20,"enemies":"Lagavulin","floor":12,"turns":8},{"damage":12,"enemies":"Exordium Thugs","floor":14,"turns":4},{"damage":41,"enemies":"Slime Boss","floor":16,"turns":8},{"damage":36,"enemies":"2 Thieves","floor":18,"turns":5},{"damage":0,"enemies":"Shell Parasite","floor":21,"turns":4},{"damage":6,"enemies":"Colosseum Slavers","floor":22,"turns":4},{"damage":54,"enemies":"Colosseum Nobs","floor":22,"turns":5},{"damage":12,"enemies":"Chosen and Byrds","floor":30,"turns":3},{"damage":6,"enemies":"Snake Plant","floor":31,"turns":2},{"damage":19,"enemies":"Champ","floor":33,"turns":4},{"damage":0,"enemies":"3 Darklings","floor":35,"turns":1},{"damage":90,"enemies":"2 Orb Walkers","floor":36,"turns":5}],"seed_played":"3278352235838172699","potions_obtained":[{"floor":1,"key":"LiquidBronze"},{"floor":2,"key":"Regen Potion"},{"floor":16,"key":"Strength Potion"},{"floor":22,"key":"EntropicBrew"},{"floor":30,"key":"Block Potion"},{"floor":33,"key":"AttackPotion"}],"is_trial":false,"path_per_floor":["M","M","?","?","?","E","R","M","T","$","R","E","?","M","R","B",null,"M","?","T","M","?","R","?","R","T","?","$","R","M","M","R","B",null,"M","?"],"character_chosen":"IRONCLAD","items_purchased":["Battle Trance","Metallicize","Heavy Blade","Bronze Scales","Shrug It Off"],"campfire_rested":2,"item_purchase_floors":[10,10,28,28,28],"current_hp_per_floor":[78,80,80,64,71,77,77,68,68,68,68,79,67,61,61,26,79,49,49,49,55,7,36,36,65,65,65,65,65,59,59,59,46,84,90,0],"gold":354,"neow_bonus":"THREE_ENEMY_KILL","is_prod":false,"is_daily":false,"chose_seed":false,"campfire_upgraded":5,"win_rate":0,"timestamp":1546194528,"path_taken":["M","M","?","?","?","E","R","M","T","$","R","E","?","M","R","BOSS","M","?","?","M","?","R","?","R","T","?","$","R","M","M","R","BOSS","M","?"],"build_version":"2018-12-20","purchased_purges":1,"victory":false,"max_hp_per_floor":[80,80,80,80,87,87,87,87,87,87,87,97,97,97,97,97,97,97,97,97,97,97,97,97,97,97,97,97,97,97,97,97,97,97,97,97],"card_choices":[{"not_picked":["Rage","Sword Boomerang"],"picked":"Shrug It Off","floor":1},{"not_picked":["Disarm","Body Slam"],"picked":"Havoc","floor":2},{"not_picked":["Flex","Dual Wield"],"picked":"Spot Weakness","floor":6},{"not_picked":["Twin Strike","Sword Boomerang"],"picked":"Carnage","floor":8},{"not_picked":["Shrug It Off","True Grit"],"picked":"Limit Break","floor":12},{"not_picked":["Evolve","Wild Strike"],"picked":"Thunderclap","floor":14},{"not_picked":["Reaper","Feed"],"picked":"Demon Form","floor":16},{"not_picked":["Body Slam","Inflame"],"picked":"Spot Weakness","floor":18},{"not_picked":["Anger","Cleave"],"picked":"Sword Boomerang+1","floor":21},{"not_picked":["Twin Strike","Warcry"],"picked":"Dual Wield+1","floor":22},{"not_picked":["Warcry","Headbutt"],"picked":"Pommel Strike","floor":25},{"not_picked":["Warcry","Dropkick"],"picked":"Uppercut","floor":30},{"not_picked":["Evolve","Shockwave"],"picked":"True Grit+1","floor":31},{"not_picked":["Exhume","Reaper"],"picked":"Berserk","floor":33},{"not_picked":["Corruption","Headbutt+1"],"picked":"Seeing Red","floor":35}],"player_experience":581062,"relics_obtained":[{"floor":6,"key":"Paper Frog"},{"floor":9,"key":"Potion Belt"},{"floor":12,"key":"Pear"},{"floor":20,"key":"Red Skull"},{"floor":22,"key":"Du-Vu Doll"},{"floor":22,"key":"Singing Bowl"},{"floor":26,"key":"Bottled Lightning"},{"floor":34,"key":"Anchor"},{"floor":34,"key":"Molten Egg 2"},{"floor":34,"key":"Gambling Chip"}],"event_choices":[{"damage_healed":0,"gold_gain":0,"player_choice":"Take Wound","damage_taken":0,"relics_obtained":["Golden Idol"],"max_hp_gain":0,"max_hp_loss":0,"event_name":"Golden Idol","floor":3,"gold_loss":0,"cards_obtained":["Injury"]},{"damage_healed":0,"gold_gain":0,"player_choice":"Entered Light","damage_taken":16,"max_hp_gain":0,"max_hp_loss":0,"event_name":"Shining Light","floor":4,"gold_loss":0,"cards_upgraded":["Shrug It Off","Havoc"]},{"damage_healed":0,"gold_gain":0,"player_choice":"Box","damage_taken":0,"relics_obtained":["Strawberry"],"max_hp_gain":0,"max_hp_loss":0,"event_name":"Big Fish","floor":5,"gold_loss":0,"cards_obtained":["Regret"]},{"damage_healed":0,"gold_gain":0,"player_choice":"Success","damage_taken":12,"relics_obtained":["Ornamental Fan"],"max_hp_gain":0,"max_hp_loss":0,"event_name":"Scrap Ooze","floor":13,"gold_loss":0},{"damage_healed":0,"gold_gain":0,"player_choice":"Simplicity","damage_taken":0,"max_hp_gain":0,"max_hp_loss":0,"event_name":"Back to Basics","floor":19,"gold_loss":0,"cards_upgraded":["Strike_R","Strike_R","Strike_R","Strike_R","Strike_R","Defend_R","Defend_R","Defend_R","Defend_R"]},{"damage_healed":0,"gold_gain":0,"player_choice":"Fight","damage_taken":0,"max_hp_gain":0,"max_hp_loss":0,"event_name":"Colosseum","floor":22,"gold_loss":0},{"damage_healed":0,"gold_gain":0,"player_choice":"Fought Nobs","damage_taken":0,"max_hp_gain":0,"max_hp_loss":0,"event_name":"Colosseum","floor":22,"gold_loss":0},{"damage_healed":0,"gold_gain":0,"player_choice":"Obtained Relic","damage_taken":0,"relics_obtained":["Dream Catcher"],"max_hp_gain":0,"max_hp_loss":0,"event_name":"Addict","floor":24,"gold_loss":85},{"damage_healed":0,"gold_gain":0,"player_choice":"Ignored","damage_taken":0,"max_hp_gain":0,"max_hp_loss":0,"event_name":"Ghosts","floor":27,"gold_loss":0},{"damage_healed":0,"gold_gain":0,"player_choice":"Fight","damage_taken":0,"max_hp_gain":0,"max_hp_loss":0,"event_name":"Mysterious Sphere","floor":36,"gold_loss":0}],"is_beta":false,"boss_relics":[{"not_picked":["Empty Cage","Black Blood"],"picked":"Mark of Pain"},{"not_picked":["Astrolabe","Cursed Key"],"picked":"Calling Bell"}],"items_purged_floors":[10],"is_endless":false,"potions_floor_spawned":[1,2,16,22,30,33],"killed_by":"2 Orb Walkers","ascension_level":6}