{"gold_per_floor":[114,15,15,31,45,71,87,87,87,87,105,131,142,174,174,275,275,286,297,307,321,321,35,35,45,72,171,15,31,31,31,31,31],"floor_reached":33,"playtime":982,"items_purged":[],"score":269,"play_id":"38ec14dd-7bcb-4874-bfca-b019534933f1","local_time":"20190415150037","is_ascension_mode":false,"campfire_choices":[{"data":"Armaments","floor":10.0,"key":"SMITH"},{"floor":15.0,"key":"REST"},{"data":"Anger","floor":24.0,"key":"SMITH"},{"data":"Body Slam","floor":30,"key":"SMITH"},{"floor":32,"key":"REST"}],"neow_cost":"NONE","seed_source_timestamp":333978701636300,"circlet_count":0,"master_deck":["Strike_R+1","Strike_R+1","Strike_R+1","Strike_R+1","Strike_R+1","Defend_R+1","Defend_R+1","Defend_R+1","Defend_R+1","Bash","Clothesline","Iron Wave","Armaments+1","Pommel Strike","Anger+1","Shrug It Off+1","Shrug It Off+1","Thunderclap+1","Body Slam","Body Slam+1"],"special_seed":0,"relics":["Burning Blood","Bottled Lightning","Self Forming Clay","Toxic Egg 2","Vajra","FossilizedHelix","Omamori","Bag of Preparation"],"potions_floor_usage":[33],"damage_taken":[{"damage":11.0,"enemies":"Jaw Worm","floor":1.0,"turns":5.0},{"damage":0.0,"enemies":"2 Louse","floor":4.0,"turns":4.0},{"damage":4.0,"enemies":"Cultist","floor":5.0,"turns":3.0},{"damage":16.0,"enemies":"Lagavulin","floor":6.0,"turns":8.0},{"damage":5.0,"enemies":"3 Louse","floor":7.0,"turns":4.0},{"damage":1.0,"enemies":"Red Slaver","floor":11.0,"turns":3.0},{"damage":25.0,"enemies":"Gremlin Nob","floor":12.0,"turns":5.0},{"damage":9.0,"enemies":"Blue Slaver","floor":13.0,"turns":3.0},{"damage":13.0,"enemies":"Lagavulin","floor":14.0,"turns":7.0},{"damage":46.0,"enemies":"Hexaghost","floor":16.0,"turns":10.0},{"damage":8.0,"enemies":"Chosen","floor":18.0,"turns":4.0},{"damage":20.0,"enemies":"Spheric Guardian","floor":19.0,"turns":5.0},{"damage":24.0,"enemies":"Snecko","floor":20.0,"turns":6.0},{"damage":13.0,"enemies":"Centurion and Healer","floor":21.0,"turns":8.0},{"damage":18.0,"enemies":"Shelled Parasite and Fungi","floor":25.0,"turns":5.0},{"damage":14,"enemies":"3 Cultists","floor":29,"turns":6},{"damage":67,"enemies":"Automaton","floor":33,"turns":6}],"seed_played":"-5868807753044915413","potions_obtained":[{"floor":4.0,"key":"EssenceOfSteel"},{"floor":5.0,"key":"EssenceOfSteel"},{"floor":6.0,"key":"Block Potion"},{"floor":12.0,"key":"Swift Potion"},{"floor":19.0,"key":"Fire Potion"}],"is_trial":false,"path_per_floor":["M","$","?","M","M","E","M","?","T","R","M","E","M","E","R","B",null,"M","M","M","M","?","$","R","M","T","?","$","M","R","?","R","B"],"character_chosen":"IRONCLAD","items_purchased":["Iron Wave","Armaments","FossilizedHelix","Bag of Preparation"],"campfire_rested":2,"item_purchase_floors":[2,2,23,28],"current_hp_per_floor":[83,83,88,93,93,83,84,84,84,84,89,70,67,60,87,47,93,91,77,59,52,52,52,52,40,40,40,40,32,32,37,64,0],"gold":31,"neow_bonus":"TEN_PERCENT_HP_BONUS","is_prod":false,"is_daily":false,"chose_seed":false,"campfire_upgraded":3,"win_rate":0,"timestamp":1555333237,"path_taken":["M","$","?","M","M","E","M","?","T","R","?","E","M","E","R","BOSS","M","M","M","M","?","$","R","M","T","?","?","?","R","?","R","BOSS"],"build_version":"2019-01-23","purchased_purges":0,"victory":false,"max_hp_per_floor":[88,88,93,93,93,93,93,93,93,93,93,93,93,93,93,93,93,93,93,93,93,93,93,93,93,93,93,93,93,93,93,93,93],"card_choices":[{"not_picked":["Warcry","Headbutt"],"picked":"Clothesline","floor":1.0},{"not_picked":["Clothesline","Blood for Blood"],"picked":"Pommel Strike","floor":4.0},{"not_picked":["Havoc","Burning Pact","Heavy Blade"],"picked":"SKIP","floor":5.0},{"not_picked":["Flame Barrier","Wild Strike","Warcry"],"picked":"SKIP","floor":6.0},{"not_picked":["Reckless Charge","Heavy Blade","Havoc"],"picked":"SKIP","floor":7.0},{"not_picked":["Infernal Blade","Clothesline","Armaments"],"picked":"SKIP","floor":11.0},{"not_picked":["Reaper","Havoc","Wild Strike"],"picked":"SKIP","floor":12.0},{"not_picked":["Corruption","Dropkick"],"picked":"Iron Wave","floor":13.0},{"not_picked":["Evolve","Bludgeon"],"picked":"Anger","floor":14.0},{"not_picked":["Thunderclap","Clothesline"],"picked":"Shrug It Off+1","floor":18.0},{"not_picked":["Power Through+1","Intimidate+1"],"picked":"Shrug It Off+1","floor":19.0},{"not_picked":["Hemokinesis","Clash"],"picked":"Thunderclap+1","floor":20.0},{"not_picked":["Warcry+1","Disarm+1","Dropkick"],"picked":"SKIP","floor":21.0},{"not_picked":["Sentinel+1","Headbutt+1"],"picked":"Body Slam","floor":25.0},{"not_picked":["Cleave","Warcry+1"],"picked":"Body Slam","floor":29}],"player_experience":586709,"relics_obtained":[{"floor":6.0,"key":"Bottled Lightning"},{"floor":9.0,"key":"Self Forming Clay"},{"floor":12.0,"key":"Toxic Egg 2"},{"floor":14.0,"key":"Vajra"},{"floor":26,"key":"Omamori"}],"event_choices":[{"damage_healed":0.0,"max_hp_gain":5.0,"max_hp_loss":0.0,"gold_gain":0.0,"event_name":"Big Fish","player_choice":"Donut","floor":3.0,"gold_loss":0.0,"damage_taken":0.0},{"damage_healed":0.0,"max_hp_gain":0.0,"max_hp_loss":0.0,"gold_gain":0.0,"event_name":"Liars Game","player_choice":"Ignored","floor":8.0,"gold_loss":0.0,"damage_taken":0.0},{"damage_healed":0.0,"max_hp_gain":0.0,"max_hp_loss":0.0,"gold_gain":0.0,"event_name":"Back to Basics","player_choice":"Simplicity","floor":22.0,"gold_loss":0.0,"damage_taken":0.0,"cards_upgraded":["Strike_R","Strike_R","Strike_R","Strike_R","Strike_R","Defend_R","Defend_R","Defend_R","Defend_R"]},{"damage_healed":0,"gold_gain":99,"player_choice":"Stole From Cult","damage_taken":0,"max_hp_gain":0,"max_hp_loss":0,"event_name":"Nest","floor":27,"gold_loss":0},{"cards_removed":["Iron Wave"],"damage_healed":5,"gold_gain":0,"player_choice":"Offered Common","damage_taken":0,"max_hp_gain":0,"max_hp_loss":0,"event_name":"Bonfire Elementals","floor":31,"gold_loss":0},{"cards_removed":["Iron Wave"],"damage_healed":5,"gold_gain":0,"player_choice":"Offered Special","damage_taken":0,"max_hp_gain":0,"max_hp_loss":0,"event_name":"Bonfire Elementals","floor":31,"gold_loss":0}],"is_beta":false,"boss_relics":[{"not_picked":["Snecko Eye","Pandora\u0027s Box","Fusion Hammer"]}],"items_purged_floors":[],"is_endless":false,"potions_floor_spawned":[4,5,6,12,19,20],"killed_by":"Automaton","ascension_level":0}