{"gold_per_floor":[117,117,142,317,331,331,394,394,418,62,100,23,43,43],"floor_reached":14,"playtime":298,"items_purged":["Doubt"],"score":167,"play_id":"9ec16477-4716-499b-a17e-2c3c40e7198d","local_time":"20190420110607","is_ascension_mode":true,"campfire_choices":[{"data":"Loop","floor":6,"key":"SMITH"},{"floor":8,"key":"REST"}],"neow_cost":"NONE","seed_source_timestamp":768024962104630,"circlet_count":0,"master_deck":["AscendersBane","Strike_B","Strike_B+1","Strike_B+1","Strike_B","Defend_B","Defend_B","Defend_B","Defend_B","Zap","Dualcast","Loop+1","Injury","FTL","Static Discharge","Storm","Static Discharge","Caltrops","Loop","Dark Shackles"],"relics":["Cracked Core","Golden Idol","Tiny Chest","Whetstone","PrismaticShard","Anchor"],"potions_floor_usage":[7],"damage_taken":[{"damage":8,"enemies":"Jaw Worm","floor":1,"turns":4},{"damage":13,"enemies":"2 Louse","floor":3,"turns":2},{"damage":1,"enemies":"Cultist","floor":5,"turns":3},{"damage":19,"enemies":"Gremlin Nob","floor":7,"turns":4},{"damage":28,"enemies":"Lagavulin","floor":11,"turns":6},{"damage":6,"enemies":"Looter","floor":13,"turns":3},{"damage":20,"enemies":"3 Sentries","floor":14,"turns":3}],"seed_played":"-1646199067839693126","potions_obtained":[{"floor":5,"key":"Weak Potion"},{"floor":11,"key":"SpeedPotion"}],"is_trial":false,"path_per_floor":["M","?","M","?","M","R","E","R","T","$","E","$","M","E"],"character_chosen":"DEFECT","items_purchased":["PrismaticShard","Static Discharge","Loop"],"campfire_rested":1,"item_purchase_floors":[10,10,12],"current_hp_per_floor":[63,63,50,50,49,49,30,53,53,53,25,25,19,0],"gold":43,"neow_bonus":"TEN_PERCENT_HP_BONUS","is_prod":false,"is_daily":false,"chose_seed":false,"campfire_upgraded":1,"win_rate":0,"timestamp":1555769167,"path_taken":["M","?","M","?","M","R","E","R","T","$","E","$","M","E"],"build_version":"2019-01-23","purchased_purges":1,"victory":false,"max_hp_per_floor":[78,78,78,78,78,78,78,78,78,78,78,78,78,78],"card_choices":[{"not_picked":["Steam","Static Discharge"],"picked":"Loop","floor":1},{"not_picked":["Go for the Eyes","Sweeping Beam"],"picked":"FTL","floor":3},{"not_picked":["Rebound","Reinforced Body"],"picked":"Static Discharge","floor":5},{"not_picked":["Stack","Conserve Battery"],"picked":"Storm","floor":7},{"not_picked":["Concentrate","Lockon"],"picked":"Caltrops","floor":11},{"not_picked":["Skim","Conserve Battery"],"picked":"Dark Shackles","floor":13}],"player_experience":1161042,"relics_obtained":[{"floor":7,"key":"Tiny Chest"},{"floor":9,"key":"Whetstone"},{"floor":11,"key":"Anchor"}],"event_choices":[{"damage_healed":0,"gold_gain":0,"player_choice":"Take Wound","damage_taken":0,"relics_obtained":["Golden Idol"],"max_hp_gain":0,"max_hp_loss":0,"event_name":"Golden Idol","floor":2,"gold_loss":0,"cards_obtained":["Injury"]},{"damage_healed":0,"gold_gain":175,"player_choice":"AGREE","damage_taken":0,"max_hp_gain":0,"max_hp_loss":0,"event_name":"Liars Game","floor":4,"gold_loss":0,"cards_obtained":["Doubt"]}],"is_beta":false,"boss_relics":[],"items_purged_floors":[10],"is_endless":false,"potions_floor_spawned":[5,11],"killed_by":"3 Sentries","ascension_level":14}