{"gold_per_floor":[110,110,35,45,45,45,56,56,83,116,116,132,159,172,172,274,274,287,307,307,222,222,254,254,267,267,600,618,629,334,387,387,387],"floor_reached":33,"playtime":906,"items_purged":["Regret","Strike_R"],"score":410,"play_id":"f8cd9e5b-f09b-4b86-973e-57a0254b3285","local_time":"20190205040741","is_ascension_mode":true,"campfire_choices":[{"data":"Berserk","floor":6,"key":"SMITH"},{"data":"Perfected Strike","floor":8,"key":"SMITH"},{"floor":15,"key":"REST"},{"data":"Spot Weakness","floor":24,"key":"SMITH"},{"floor":32,"key":"RECALL"}],"neow_cost":"CURSE","seed_source_timestamp":530246133996718,"circlet_count":0,"master_deck":["Strike_R","Defend_R","Defend_R","Defend_R","Defend_R","Bash","Berserk+1","Perfected Strike+1","Perfected Strike","Thunderclap","Spot Weakness+1","Battle Trance","Feed","Berserk","Wild Strike+1","Juggernaut+1","Seeing Red+1","Thunderclap+1","Heavy Blade+1","Ghostly","Ghostly","Ghostly","Ghostly","Ghostly","Metallicize+1","Anger+1","Feel No Pain+1","Ghostly Armor","Power Through","Spot Weakness+1"],"relics":["Burning Blood","Juzu Bracelet","Vajra","Kunai","Odd Mushroom","Astrolabe","PreservedInsect","MutagenicStrength","Meat on the Bone","Pocketwatch","Old Coin","DollysMirror","Tiny Chest"],"potions_floor_usage":[13,18,18,23,25,27,27,33],"damage_taken":[{"damage":7,"enemies":"Small Slimes","floor":1,"turns":3},{"damage":1,"enemies":"Cultist","floor":4,"turns":3},{"damage":9,"enemies":"Jaw Worm","floor":7,"turns":3},{"damage":16,"enemies":"Gremlin Nob","floor":10,"turns":3},{"damage":15,"enemies":"Large Slime","floor":12,"turns":4},{"damage":9,"enemies":"The Mushroom Lair","floor":13,"turns":2},{"damage":13,"enemies":"3 Louse","floor":14,"turns":3},{"damage":26,"enemies":"The Guardian","floor":16,"turns":8},{"damage":34,"enemies":"2 Thieves","floor":18,"turns":3},{"damage":25,"enemies":"Spheric Guardian","floor":19,"turns":4},{"damage":7,"enemies":"Gremlin Leader","floor":23,"turns":5},{"damage":10,"enemies":"Centurion and Healer","floor":25,"turns":5},{"damage":16,"enemies":"Book of Stabbing","floor":27,"turns":4},{"damage":3,"enemies":"Shelled Parasite and Fungi","floor":28,"turns":5},{"damage":23,"enemies":"Snake Plant","floor":29,"turns":4},{"damage":42,"enemies":"Automaton","floor":33,"turns":6}],"seed_played":"8752317759511330643","potions_obtained":[{"floor":10,"key":"PowerPotion"},{"floor":12,"key":"Explosive Potion"},{"floor":14,"key":"Fire Potion"},{"floor":16,"key":"BloodPotion"},{"floor":18,"key":"Strength Potion"},{"floor":19,"key":"Swift Potion"},{"floor":23,"key":"SkillPotion"},{"floor":29,"key":"BloodPotion"}],"is_trial":false,"path_per_floor":["M","?","$","M","$","R","M","R","T","E","T","M","?","M","R","B",null,"M","M","?","?","?","E","R","M","T","E","M","M","$","T","R","B"],"character_chosen":"IRONCLAD","items_purchased":["DollysMirror"],"campfire_rested":1,"item_purchase_floors":[30],"current_hp_per_floor":[71,71,71,76,76,76,73,73,73,63,63,54,51,47,71,51,75,55,39,39,39,39,38,38,37,37,39,42,37,37,37,37,0],"gold":387,"neow_bonus":"THREE_RARE_CARDS","is_prod":false,"is_daily":false,"chose_seed":false,"campfire_upgraded":3,"win_rate":0,"timestamp":1549350461,"path_taken":["M","?","$","M","?","R","M","R","T","E","?","M","?","M","R","BOSS","M","M","?","?","?","E","R","M","T","E","M","M","$","?","R","BOSS"],"build_version":"2019-01-23","purchased_purges":2,"victory":false,"max_hp_per_floor":[80,80,80,80,80,80,80,80,80,80,80,80,80,83,83,83,83,83,86,43,43,43,43,43,46,46,46,46,46,46,46,46,46],"card_choices":[{"not_picked":["Barricade","Impervious"],"picked":"Berserk","floor":0},{"not_picked":["Sever Soul","True Grit"],"picked":"Perfected Strike","floor":1},{"not_picked":["Shockwave","Body Slam"],"picked":"Perfected Strike","floor":4},{"not_picked":["Clothesline","Shrug It Off"],"picked":"Thunderclap","floor":7},{"not_picked":["Body Slam","Ghostly Armor"],"picked":"Spot Weakness","floor":10},{"not_picked":["Burning Pact","Havoc"],"picked":"Battle Trance","floor":12},{"not_picked":["Havoc","Headbutt"],"picked":"Feed","floor":13},{"not_picked":["Twin Strike","Whirlwind","Wild Strike"],"picked":"SKIP","floor":14},{"not_picked":["Barricade","Exhume"],"picked":"Berserk","floor":16},{"not_picked":["Havoc","Twin Strike"],"picked":"Thunderclap+1","floor":18},{"not_picked":["Cleave","Seeing Red"],"picked":"Heavy Blade+1","floor":19},{"not_picked":["Iron Wave+1","Power Through"],"picked":"Metallicize+1","floor":23},{"not_picked":["Sword Boomerang","Pommel Strike"],"picked":"Anger+1","floor":25},{"not_picked":["Perfected Strike+1","Clothesline"],"picked":"Feel No Pain+1","floor":27},{"not_picked":["Sword Boomerang","Twin Strike"],"picked":"Ghostly Armor","floor":28},{"not_picked":["Twin Strike+1","Pommel Strike"],"picked":"Power Through","floor":29}],"player_experience":719589,"relics_obtained":[{"floor":2,"key":"Juzu Bracelet"},{"floor":10,"key":"Vajra"},{"floor":11,"key":"Kunai"},{"floor":13,"key":"Odd Mushroom"},{"floor":23,"key":"Meat on the Bone"},{"floor":26,"key":"Pocketwatch"},{"floor":27,"key":"Old Coin"},{"floor":31,"key":"Tiny Chest"}],"event_choices":[{"damage_healed":0,"gold_gain":0,"player_choice":"Relic","damage_taken":0,"max_hp_gain":0,"max_hp_loss":0,"event_name":"Wheel of Change","floor":2,"gold_loss":0},{"damage_healed":0,"gold_gain":0,"player_choice":"Fought Mushrooms","damage_taken":0,"max_hp_gain":0,"max_hp_loss":0,"event_name":"Mushrooms","floor":13,"gold_loss":0},{"damage_healed":0,"gold_gain":0,"player_choice":"Became a Ghost","damage_taken":0,"max_hp_gain":0,"max_hp_loss":43,"event_name":"Ghosts","floor":20,"gold_loss":0,"cards_obtained":["Ghostly","Ghostly","Ghostly","Ghostly","Ghostly"]},{"damage_healed":0,"gold_gain":0,"player_choice":"Obtained Relic","damage_taken":0,"relics_obtained":["PreservedInsect"],"max_hp_gain":0,"max_hp_loss":0,"event_name":"Addict","floor":21,"gold_loss":85},{"damage_healed":0,"gold_gain":0,"player_choice":"Inject Mutagens","damage_taken":0,"relics_obtained":["MutagenicStrength"],"max_hp_gain":0,"max_hp_loss":0,"event_name":"Drug Dealer","floor":22,"gold_loss":0}],"is_beta":false,"boss_relics":[{"not_picked":["White Beast Statue","Runic Dome"],"picked":"Astrolabe"}],"items_purged_floors":[3,30],"is_endless":false,"potions_floor_spawned":[10,12,14,16,18,19,23,29],"killed_by":"Automaton","ascension_level":7}