{"gold_per_floor":[116,129,129,15,15,47,47,47,47,64,95,95,107,121,121,216,216,233,3,22,22,32,61,80,105,130,141,158,158,184,197,197,297,297,307,318,141,14,30,62,62,97,121,148,148,167,180,195,195,195,195,195,12,44,44],"floor_reached":56,"playtime":8972,"items_purged":["Strike_G","Defend_G","Defend_G"],"score":1622,"play_id":"3e6f6c04-e827-4b46-99b2-043e07bd8f81","local_time":"20190515175327","is_ascension_mode":true,"campfire_choices":[{"floor":8.0,"key":"REST"},{"data":"Neutralize","floor":12.0,"key":"SMITH"},{"data":"Footwork","floor":15.0,"key":"SMITH"},{"floor":29.0,"key":"REST"},{"data":"Envenom","floor":32.0,"key":"SMITH"},{"data":"After Image","floor":41,"key":"SMITH"},{"floor":45,"key":"RECALL"},{"floor":49,"key":"REST"},{"data":"Cloak And Dagger","floor":52,"key":"SMITH"}],"neow_cost":"NONE","seed_source_timestamp":0,"circlet_count":0,"master_deck":["Defend_G","Defend_G","Defend_G","Strike_G+1","Strike_G+1","Survivor","Neutralize+1","PiercingWail","Crippling Poison","Escape Plan","Footwork+1","Dodge and Roll","After Image","Flechettes","After Image+1","Crippling Poison+1","Glass Knife","Skewer+1","Deflect","Bouncing Flask+1","Escape Plan","Caltrops","Cloak And Dagger+1","Envenom+1","Adrenaline","Deadly Poison+1","Well Laid Plans","Cloak And Dagger+1","Escape Plan+1","Quick Slash+1","Acrobatics","Footwork+1","Blur","Catalyst","Caltrops"],"special_seed":0,"relics":["Ring of the Snake","NeowsBlessing","Art of War","Bronze Scales","Bottled Tornado","Snake Skull","Sozu","Membership Card","Bag of Marbles","PreservedInsect","Anchor","Incense Burner","WristBlade","Strawberry","Mummified Hand","Pen Nib","Kunai","Ancient Tea Set","Happy Flower","Paper Crane"],"potions_floor_usage":[55],"damage_taken":[{"damage":0.0,"enemies":"Jaw Worm","floor":1.0,"turns":1.0},{"damage":0.0,"enemies":"2 Louse","floor":2.0,"turns":1.0},{"damage":0.0,"enemies":"3 Sentries","floor":6.0,"turns":2.0},{"damage":2.0,"enemies":"Small Slimes","floor":10.0,"turns":6.0},{"damage":6.0,"enemies":"Lagavulin","floor":11.0,"turns":11.0},{"damage":3.0,"enemies":"Exordium Thugs","floor":13.0,"turns":7.0},{"damage":0.0,"enemies":"Red Slaver","floor":14.0,"turns":5.0},{"damage":24.0,"enemies":"Hexaghost","floor":16.0,"turns":16.0},{"damage":0.0,"enemies":"Spheric Guardian","floor":18.0,"turns":9.0},{"damage":1.0,"enemies":"Chosen","floor":20.0,"turns":6.0},{"damage":4.0,"enemies":"Snecko","floor":22.0,"turns":6.0},{"damage":6.0,"enemies":"Gremlin Leader","floor":23.0,"turns":9.0},{"damage":4.0,"enemies":"Snake Plant","floor":24.0,"turns":3.0},{"damage":10.0,"enemies":"Slavers","floor":25.0,"turns":5.0},{"damage":6.0,"enemies":"Shelled Parasite and Fungi","floor":27.0,"turns":4.0},{"damage":6.0,"enemies":"Centurion and Healer","floor":28.0,"turns":5.0},{"damage":3.0,"enemies":"Book of Stabbing","floor":30.0,"turns":4.0},{"damage":0.0,"enemies":"Snecko","floor":31.0,"turns":5.0},{"damage":24.0,"enemies":"Automaton","floor":33.0,"turns":10.0},{"damage":1,"enemies":"3 Darklings","floor":35,"turns":4},{"damage":0,"enemies":"Orb Walker","floor":36,"turns":3},{"damage":15,"enemies":"Writhing Mass","floor":39,"turns":6},{"damage":9,"enemies":"Reptomancer","floor":40,"turns":6},{"damage":0,"enemies":"Giant Head","floor":42,"turns":5},{"damage":7,"enemies":"Nemesis","floor":44,"turns":7},{"damage":0,"enemies":"Transient","floor":46,"turns":5},{"damage":0,"enemies":"4 Shapes","floor":47,"turns":5},{"damage":0,"enemies":"Spire Growth","floor":48,"turns":4},{"damage":18,"enemies":"Donu and Deca","floor":50,"turns":11},{"damage":8,"enemies":"Shield and Spear","floor":54,"turns":5},{"damage":18,"enemies":"The Heart","floor":55,"turns":9}],"seed_played":"-4407462880871321019","potions_obtained":[{"floor":10.0,"key":"LiquidBronze"},{"floor":11.0,"key":"Weak Potion"},{"floor":14.0,"key":"Regen Potion"}],"is_trial":false,"path_per_floor":["M","M","?","$","?","E","?","R","T","M","E","R","M","M","R","B",null,"M","$","M","?","M","E","M","E","T","M","M","R","E","M","R","B",null,"M","M","$","$","M","E","R","E","T","E","R","M","M","M","R","B",null,"R","$","E","B",null],"character_chosen":"THE_SILENT","items_purchased":["Escape Plan","Membership Card","Glass Knife","Strawberry","Well Laid Plans","Cloak And Dagger","Mummified Hand","Catalyst","Happy Flower"],"campfire_rested":3,"item_purchase_floors":[4,19,19,37,37,37,38,53,53],"current_hp_per_floor":[63,63,49,49,31,31,24,45,45,43,37,37,34,34,34,10,55,55,55,54,54,50,44,40,30,30,24,18,39,36,36,36,12,56,55,55,62,62,47,38,38,38,38,31,31,31,31,31,54,36,67,67,67,59,56],"gold":44,"neow_bonus":"THREE_ENEMY_KILL","is_prod":false,"is_daily":false,"chose_seed":false,"campfire_upgraded":5,"win_rate":0,"timestamp":1557960807,"path_taken":["M","M","?","$","?","E","?","R","T","M","E","R","M","M","R","BOSS","M","$","M","?","M","E","M","E","T","M","?","R","E","M","R","BOSS","M","M","?","$","M","E","R","E","T","E","R","?","M","M","R","BOSS","R","$","E","BOSS"],"build_version":"2019-01-23","purchased_purges":3,"victory":true,"max_hp_per_floor":[70,70,70,70,70,70,70,70,70,70,70,70,70,70,70,70,70,70,70,70,70,70,70,70,70,70,70,70,70,70,70,70,70,70,70,70,77,77,77,77,77,77,77,77,77,77,77,77,77,77,77,77,77,77,77],"card_choices":[{"not_picked":["Dodge and Roll","Blade Dance"],"picked":"PiercingWail","floor":1.0},{"not_picked":["Quick Slash","Deflect"],"picked":"Crippling Poison","floor":2.0},{"not_picked":["All Out Attack","Choke"],"picked":"Footwork","floor":6.0},{"not_picked":["Prepared","Outmaneuver"],"picked":"Dodge and Roll","floor":10.0},{"not_picked":["Dagger Spray","Infinite Blades"],"picked":"After Image","floor":11.0},{"not_picked":["Bane","PiercingWail"],"picked":"Flechettes","floor":13.0},{"not_picked":["Flechettes","Prepared","Slice"],"picked":"SKIP","floor":14.0},{"not_picked":["Night Terror","Die Die Die"],"picked":"After Image","floor":16.0},{"not_picked":["Backstab","Underhanded Strike"],"picked":"Crippling Poison+1","floor":18.0},{"not_picked":["Quick Slash","Escape Plan"],"picked":"Skewer+1","floor":20.0},{"not_picked":["All Out Attack+1","Finisher"],"picked":"Deflect","floor":22.0},{"not_picked":["PiercingWail","Underhanded Strike"],"picked":"Bouncing Flask+1","floor":23.0},{"not_picked":["Sucker Punch","Prepared"],"picked":"Escape Plan","floor":24.0},{"not_picked":["Dagger Throw","Slice"],"picked":"Caltrops","floor":25.0},{"not_picked":["Sucker Punch","Poisoned Stab","Prepared"],"picked":"SKIP","floor":27.0},{"not_picked":["Masterful Stab","Outmaneuver"],"picked":"Cloak And Dagger+1","floor":28.0},{"not_picked":["Flechettes","Crippling Poison"],"picked":"Envenom","floor":30.0},{"not_picked":["Bouncing Flask","Finisher","Accuracy"],"picked":"SKIP","floor":31.0},{"not_picked":["Malaise","Unload"],"picked":"Adrenaline","floor":33.0},{"not_picked":["Quick Slash+1","Heel Hook"],"picked":"Deadly Poison+1","floor":35},{"not_picked":["Outmaneuver+1","Dodge and Roll","PiercingWail"],"picked":"SKIP","floor":36},{"not_picked":["Predator+1","Dodge and Roll+1","Outmaneuver+1"],"picked":"SKIP","floor":39},{"not_picked":["Dodge and Roll","Deflect"],"picked":"Escape Plan+1","floor":40},{"not_picked":["Dagger Spray","Envenom","Underhanded Strike"],"picked":"SKIP","floor":42},{"not_picked":["Unload","Glass Knife"],"picked":"Quick Slash+1","floor":44},{"not_picked":["Sucker Punch","Terror+1"],"picked":"Acrobatics","floor":46},{"not_picked":["Deflect","Backflip"],"picked":"Footwork+1","floor":47},{"not_picked":["All Out Attack","Predator"],"picked":"Blur","floor":48},{"not_picked":["Dagger Throw","Sucker Punch+1"],"picked":"Caltrops","floor":54}],"player_experience":348735,"relics_obtained":[{"floor":6.0,"key":"Bronze Scales"},{"floor":9.0,"key":"Bottled Tornado"},{"floor":11.0,"key":"Snake Skull"},{"floor":23.0,"key":"Bag of Marbles"},{"floor":25.0,"key":"PreservedInsect"},{"floor":26.0,"key":"Anchor"},{"floor":30.0,"key":"Incense Burner"},{"floor":40,"key":"Pen Nib"},{"floor":42,"key":"Kunai"},{"floor":44,"key":"Ancient Tea Set"},{"floor":54,"key":"Paper Crane"}],"event_choices":[{"damage_healed":0.0,"max_hp_gain":0.0,"max_hp_loss":0.0,"gold_gain":0.0,"event_name":"Shining Light","player_choice":"Entered Light","floor":3.0,"gold_loss":0.0,"damage_taken":14.0,"cards_upgraded":["Strike_G","Strike_G"]},{"damage_healed":0.0,"max_hp_gain":0.0,"max_hp_loss":0.0,"gold_gain":0.0,"event_name":"Scrap Ooze","player_choice":"Success","floor":5.0,"gold_loss":0.0,"damage_taken":18.0,"relics_obtained":["Art of War"]},{"cards_removed":["Strike_G"],"damage_healed":0.0,"max_hp_gain":0.0,"max_hp_loss":0.0,"gold_gain":0.0,"event_name":"Golden Wing","player_choice":"Card Removal","floor":7.0,"gold_loss":0.0,"damage_taken":7.0},{"cards_removed":["Strike_G"],"damage_healed":0.0,"max_hp_gain":0.0,"max_hp_loss":0.0,"gold_gain":0.0,"event_name":"Purifier","player_choice":"Purged","floor":21.0,"gold_loss":0.0,"damage_taken":0.0}],"is_beta":false,"boss_relics":[{"not_picked":["Runic Dome","Ring of the Serpent"],"picked":"Sozu"},{"not_picked":["Cursed Key","Calling Bell"],"picked":"WristBlade"}],"items_purged_floors":[4,37,53],"is_endless":false,"potions_floor_spawned":[10,11,14,18,20,23,28,30,33,39,42,44,47],"ascension_level":6}