{"gold_per_floor":[109,109,109,132,8,8,8,8,8,49,70,70,70,145,145,264,264,264,278,278,377,377,377,402,402],"floor_reached":25,"playtime":668,"items_purged":[],"score":315,"play_id":"2b95a945-1940-48a8-880d-413999d98b81","local_time":"20190319024604","is_ascension_mode":true,"campfire_choices":[{"data":"Armaments","floor":6,"key":"SMITH"},{"data":"Armaments","floor":7,"key":"SMITH"},{"data":"Dual Wield","floor":12,"key":"SMITH"},{"data":"Metallicize","floor":13,"key":"SMITH"},{"data":"Bludgeon","floor":15,"key":"SMITH"},{"floor":23,"key":"REST"}],"neow_cost":"CURSE","seed_source_timestamp":522867347203265,"circlet_count":0,"master_deck":["AscendersBane","Strike_R","Strike_R","Strike_R","Strike_R","Strike_R","Defend_R","Defend_R","Defend_R","Defend_R","Bash","Parasite","Anger","Armaments+1","Metallicize+1","Armaments+1","Bludgeon+1","Dual Wield+1","Offering","Iron Wave","Battle Trance"],"relics":["Black Blood","WingedGreaves","Pantograph","Golden Idol","Pear","Question Card","MutagenicStrength","Matryoshka"],"potions_floor_usage":[16,18,18],"damage_taken":[{"damage":7,"enemies":"2 Louse","floor":1,"turns":4},{"damage":2,"enemies":"Jaw Worm","floor":4,"turns":3},{"damage":34,"enemies":"Lagavulin","floor":10,"turns":8},{"damage":0,"enemies":"Cultist","floor":11,"turns":2},{"damage":54,"enemies":"The Guardian","floor":16,"turns":16},{"damage":20,"enemies":"3 Byrds","floor":18,"turns":5},{"damage":36,"enemies":"Chosen","floor":19,"turns":5},{"damage":41,"enemies":"Snecko","floor":24,"turns":5},{"damage":25,"enemies":"Book of Stabbing","floor":25,"turns":2}],"seed_played":"6949987051172484647","potions_obtained":[{"floor":4,"key":"LiquidBronze"},{"floor":10,"key":"SmokeBomb"},{"floor":16,"key":"Swift Potion"}],"is_trial":false,"path_per_floor":["M","?","?","M","$","R","R","$","T","E","M","R","R","?","R","B",null,"M","M","?","?","T","R","M","E"],"character_chosen":"IRONCLAD","items_purchased":["Metallicize","Armaments"],"campfire_rested":1,"item_purchase_floors":[5,5],"current_hp_per_floor":[71,59,59,63,63,63,63,63,73,45,51,51,51,40,40,17,67,57,31,31,31,31,56,25,0],"gold":402,"neow_bonus":"ONE_RARE_RELIC","is_prod":false,"is_daily":false,"chose_seed":false,"campfire_upgraded":5,"win_rate":0,"timestamp":1552974364,"path_taken":["M","?","?","M","$","R","R","$","T","E","M","R","R","?","R","BOSS","M","M","?","?","?","R","?","E"],"build_version":"2019-01-23","purchased_purges":0,"victory":false,"max_hp_per_floor":[80,80,74,74,74,74,74,74,84,84,84,84,84,84,84,84,84,84,84,84,84,84,84,84,84],"card_choices":[{"not_picked":["Uppercut","Wild Strike"],"picked":"Anger","floor":1},{"not_picked":["Headbutt","Shrug It Off"],"picked":"Armaments","floor":4},{"not_picked":["Headbutt","Havoc"],"picked":"Bludgeon","floor":10},{"not_picked":["True Grit","Clothesline","Feel No Pain"],"picked":"Dual Wield","floor":11},{"not_picked":["Exhume","Fiend Fire","Dark Embrace"],"picked":"Offering","floor":16},{"not_picked":["Perfected Strike","Rampage+1","Armaments"],"picked":"Iron Wave","floor":19},{"not_picked":["Hemokinesis","Warcry","Cleave"],"picked":"Battle Trance","floor":24}],"player_experience":971072,"relics_obtained":[{"floor":9,"key":"Pear"},{"floor":10,"key":"Question Card"},{"floor":22,"key":"Matryoshka"}],"event_choices":[{"damage_healed":0,"gold_gain":0,"player_choice":"Success","damage_taken":12,"relics_obtained":["Pantograph"],"max_hp_gain":0,"max_hp_loss":0,"event_name":"Scrap Ooze","floor":2,"gold_loss":0},{"damage_healed":0,"gold_gain":0,"player_choice":"Lose Max HP","damage_taken":0,"relics_obtained":["Golden Idol"],"max_hp_gain":0,"max_hp_loss":6,"event_name":"Golden Idol","floor":3,"gold_loss":0},{"damage_healed":0,"gold_gain":75,"player_choice":"Gather Gold","damage_taken":11,"max_hp_gain":0,"max_hp_loss":0,"event_name":"World of Goop","floor":14,"gold_loss":0},{"damage_healed":0,"gold_gain":0,"player_choice":"Inject Mutagens","damage_taken":0,"relics_obtained":["MutagenicStrength"],"max_hp_gain":0,"max_hp_loss":0,"event_name":"Drug Dealer","floor":20,"gold_loss":0},{"damage_healed":0,"gold_gain":99,"player_choice":"Stole From Cult","damage_taken":0,"max_hp_gain":0,"max_hp_loss":0,"event_name":"Nest","floor":21,"gold_loss":0}],"is_beta":false,"boss_relics":[{"not_picked":["Astrolabe","Ectoplasm"],"picked":"Black Blood"}],"items_purged_floors":[],"is_endless":false,"potions_floor_spawned":[4,10,16],"killed_by":"Book of Stabbing","ascension_level":12}