{"gold_per_floor":[112,128,128,4,4,4,36,36,36,53,83,93,119,119,119,223,223,239,239,257,182,209,209,239,239,239,239,273,273,273,306,306,405,435,450,298,310,244,259,293,293,319,346,378,378,412,412,429,429,429],"floor_reached":51,"playtime":2445,"items_purged":["Shame"],"score":1027,"play_id":"4d9b90f0-356f-494b-84a2-d84bd14f424e","local_time":"20190429162844","is_ascension_mode":true,"campfire_choices":[{"data":"Backstab","floor":6,"key":"SMITH"},{"data":"Neutralize","floor":8,"key":"SMITH"},{"floor":15,"key":"REST"},{"data":"1","floor":23,"key":"LIFT"},{"data":"2","floor":25,"key":"LIFT"},{"data":"3","floor":27,"key":"LIFT"},{"data":"Cloak And Dagger","floor":29,"key":"SMITH"},{"floor":32,"key":"REST"},{"data":"Tools of the Trade","floor":41,"key":"SMITH"},{"data":"Terror","floor":45,"key":"SMITH"},{"data":"Glass Knife","floor":47,"key":"SMITH"},{"data":"Dagger Spray","floor":49,"key":"SMITH"}],"neow_cost":"NONE","seed_source_timestamp":1524166117939800,"circlet_count":0,"master_deck":["Defend_G","Defend_G","Defend_G","Defend_G","Defend_G","Strike_G","Strike_G","Strike_G","Strike_G","Survivor","Neutralize+1","Dagger Spray+1","Backstab+1","Quick Slash","Flying Knee","Underhanded Strike","Heel Hook","Terror+1","Glass Knife+1","Dodge and Roll+1","Blade Dance+1","PiercingWail+1","Cloak And Dagger+1","Prepared","Backflip+1","Tools of the Trade+1","Writhe","Parasite","Well Laid Plans","All Out Attack+1","Dagger Throw+1"],"relics":["Ring of the Snake","Happy Flower","Gambling Chip","Pen Nib","Mercury Hourglass","Girya","Meat on the Bone","Sozu","Red Mask","Anchor","Matryoshka","Dodecahedron","Calipers","Calling Bell","Tiny Chest","Kunai","Peace Pipe","Incense Burner","Shuriken","Smiling Mask","Pear","Potion Belt","Sundial","Darkstone Periapt"],"potions_floor_usage":[7,16,33,33],"damage_taken":[{"damage":1,"enemies":"Cultist","floor":1,"turns":4},{"damage":1,"enemies":"Small Slimes","floor":2,"turns":4},{"damage":33,"enemies":"Lagavulin","floor":7,"turns":9},{"damage":0,"enemies":"Jaw Worm","floor":10,"turns":2},{"damage":3,"enemies":"Gremlin Nob","floor":11,"turns":3},{"damage":0,"enemies":"Gremlin Gang","floor":12,"turns":2},{"damage":1,"enemies":"3 Sentries","floor":13,"turns":5},{"damage":21,"enemies":"The Guardian","floor":16,"turns":9},{"damage":8,"enemies":"Shell Parasite","floor":18,"turns":3},{"damage":0,"enemies":"3 Byrds","floor":20,"turns":3},{"damage":0,"enemies":"Masked Bandits","floor":22,"turns":3},{"damage":8,"enemies":"Slavers","floor":24,"turns":4},{"damage":2,"enemies":"Book of Stabbing","floor":28,"turns":3},{"damage":13,"enemies":"Slavers","floor":31,"turns":2},{"damage":26,"enemies":"Champ","floor":33,"turns":9},{"damage":0,"enemies":"3 Shapes","floor":35,"turns":2},{"damage":0,"enemies":"Orb Walker","floor":37,"turns":3},{"damage":0,"enemies":"Spire Growth","floor":39,"turns":3},{"damage":2,"enemies":"Reptomancer","floor":40,"turns":5},{"damage":0,"enemies":"Giant Head","floor":42,"turns":5},{"damage":20,"enemies":"Nemesis","floor":44,"turns":5},{"damage":0,"enemies":"Giant Head","floor":46,"turns":5},{"damage":0,"enemies":"4 Shapes","floor":48,"turns":2},{"damage":35,"enemies":"Donu and Deca","floor":50,"turns":7}],"seed_played":"-70525701140615367","potions_obtained":[{"floor":1,"key":"SkillPotion"},{"floor":7,"key":"Weak Potion"},{"floor":11,"key":"Energy Potion"},{"floor":16,"key":"Strength Potion"}],"is_trial":false,"path_per_floor":["M","M","?","$","T","R","E","R","T","M","E","M","E","?","R","B",null,"M","?","M","?","?","R","E","R","T","R","E","R","?","E","R","B",null,"M","$","M","?","M","E","R","E","T","E","R","E","R","M","R","B",null],"character_chosen":"THE_SILENT","items_purchased":["Backstab","Quick Slash","Well Laid Plans"],"campfire_rested":2,"item_purchase_floors":[4,4,36],"current_hp_per_floor":[69,68,68,68,68,68,35,35,35,35,32,32,31,31,52,43,70,62,62,62,62,62,62,54,54,54,54,52,52,52,39,60,46,70,70,70,70,70,70,68,68,68,78,58,58,58,58,58,58,35],"gold":429,"neow_bonus":"RANDOM_COMMON_RELIC","is_prod":false,"is_daily":false,"chose_seed":false,"campfire_upgraded":7,"win_rate":0,"timestamp":1556569724,"path_taken":["M","?","?","$","?","R","E","R","T","?","E","?","E","?","R","BOSS","M","?","?","?","?","R","E","R","T","R","E","R","?","E","R","BOSS","M","$","M","?","?","E","R","E","T","E","R","E","R","M","R","BOSS"],"build_version":"2019-01-23","purchased_purges":1,"victory":true,"max_hp_per_floor":[70,70,70,70,70,70,70,70,70,70,70,70,70,70,70,70,70,70,70,70,70,70,70,70,70,70,70,70,70,70,70,70,70,70,70,70,70,70,70,70,70,70,80,80,80,80,80,80,80,80],"card_choices":[{"not_picked":["Caltrops","Prepared","PiercingWail"],"picked":"SKIP","floor":1},{"not_picked":["Blade Dance","Endless Agony"],"picked":"Dagger Spray","floor":2},{"not_picked":["Caltrops","Heel Hook"],"picked":"Flying Knee","floor":7},{"not_picked":["Deadly Poison","Catalyst"],"picked":"Underhanded Strike","floor":10},{"not_picked":["Poisoned Stab","Distraction"],"picked":"Heel Hook","floor":11},{"not_picked":["Dagger Throw","Dagger Spray"],"picked":"Terror","floor":12},{"not_picked":["Blade Dance","Terror","Deadly Poison"],"picked":"SKIP","floor":13},{"not_picked":["A Thousand Cuts","Phantasmal Killer"],"picked":"Glass Knife","floor":16},{"not_picked":["Riddle With Holes","Caltrops+1"],"picked":"Dodge and Roll","floor":18},{"not_picked":["Quick Slash+1","Slice"],"picked":"Blade Dance+1","floor":20},{"not_picked":["Tactician","Accuracy"],"picked":"PiercingWail+1","floor":22},{"not_picked":["Night Terror","Choke","Caltrops+1"],"picked":"SKIP","floor":24},{"not_picked":["Deadly Poison","Setup"],"picked":"Cloak And Dagger","floor":28},{"not_picked":["Underhanded Strike","Slice"],"picked":"Backflip+1","floor":31},{"not_picked":["Storm of Steel","Night Terror"],"picked":"Tools of the Trade","floor":33},{"not_picked":["Blade Dance+1","Poisoned Stab+1","Bane+1"],"picked":"SKIP","floor":35},{"not_picked":["Footwork+1","PiercingWail"],"picked":"All Out Attack+1","floor":37},{"not_picked":["Endless Agony","Slice","Flying Knee+1"],"picked":"SKIP","floor":39},{"not_picked":["Reflex+1","Bullet Time"],"picked":"Dagger Throw+1","floor":40},{"not_picked":["Blade Dance","Slice","Sucker Punch"],"picked":"SKIP","floor":42},{"not_picked":["Dagger Spray","Unload","Endless Agony+1"],"picked":"SKIP","floor":44},{"not_picked":["Deadly Poison","Choke","Dagger Throw"],"picked":"SKIP","floor":46},{"not_picked":["Dodge and Roll+1","Endless Agony","Heel Hook+1"],"picked":"SKIP","floor":48}],"player_experience":129988,"relics_obtained":[{"floor":5,"key":"Gambling Chip"},{"floor":7,"key":"Pen Nib"},{"floor":9,"key":"Mercury Hourglass"},{"floor":11,"key":"Girya"},{"floor":13,"key":"Meat on the Bone"},{"floor":22,"key":"Red Mask"},{"floor":24,"key":"Anchor"},{"floor":26,"key":"Matryoshka"},{"floor":28,"key":"Dodecahedron"},{"floor":31,"key":"Calipers"},{"floor":34,"key":"Tiny Chest"},{"floor":34,"key":"Kunai"},{"floor":34,"key":"Peace Pipe"},{"floor":40,"key":"Shuriken"},{"floor":42,"key":"Smiling Mask"},{"floor":43,"key":"Pear"},{"floor":43,"key":"Potion Belt"},{"floor":44,"key":"Sundial"},{"floor":46,"key":"Darkstone Periapt"}],"event_choices":[{"damage_healed":0,"gold_gain":0,"player_choice":"Bought 0 Potions","damage_taken":0,"max_hp_gain":0,"max_hp_loss":0,"event_name":"The Woman in Blue","floor":3,"gold_loss":0},{"damage_healed":0,"gold_gain":0,"cards_transformed":["Strike_G"],"player_choice":"Change","damage_taken":0,"max_hp_gain":0,"max_hp_loss":0,"event_name":"Living Wall","floor":14,"gold_loss":0,"cards_obtained":["Escape Plan"]},{"damage_healed":0,"gold_gain":0,"player_choice":"Forge","damage_taken":0,"max_hp_gain":0,"max_hp_loss":0,"event_name":"Accursed Blacksmith","floor":19,"gold_loss":0,"cards_upgraded":["Dodge and Roll"]},{"cards_removed":["Escape Plan"],"damage_healed":0,"gold_gain":0,"player_choice":"Gave Gold","damage_taken":0,"max_hp_gain":0,"max_hp_loss":0,"event_name":"Beggar","floor":21,"gold_loss":75},{"damage_healed":0,"gold_gain":0,"player_choice":"Fought Bandits","damage_taken":0,"max_hp_gain":0,"max_hp_loss":0,"event_name":"Masked Bandits","floor":22,"gold_loss":0},{"damage_healed":0,"gold_gain":0,"player_choice":"Read","damage_taken":0,"max_hp_gain":0,"max_hp_loss":0,"event_name":"The Library","floor":30,"gold_loss":0,"cards_obtained":["Prepared"]},{"damage_healed":0,"gold_gain":0,"player_choice":"Paid Gold","damage_taken":0,"relics_obtained":["Incense Burner"],"max_hp_gain":0,"max_hp_loss":0,"event_name":"WeMeetAgain","floor":38,"gold_loss":66}],"is_beta":false,"boss_relics":[{"not_picked":["Coffee Dripper","Eternal Feather"],"picked":"Sozu"},{"not_picked":["White Beast Statue","Velvet Choker"],"picked":"Calling Bell"}],"items_purged_floors":[36],"is_endless":false,"potions_floor_spawned":[1,7,11,16,20,22,31,35,39,42,46],"ascension_level":1}