{"gold_per_floor":[117,42,117,64,64,92,92,102,102,116,66,78,111,130,130,231,231,250,262,262,262,262,295,295,307,307,307,322,84,115,125,125,226,226,239,114,0,15,15,50,50,50,50,50,83,83,103,4,4,4],"floor_reached":51,"playtime":2338,"items_purged":["Strike_B","Strike_B","Strike_B"],"score":801,"play_id":"b9ea36a6-d80a-4b4e-b499-45680b531bfa","local_time":"20190424185834","is_ascension_mode":false,"campfire_choices":[{"data":"Zap","floor":7,"key":"SMITH"},{"data":"Hologram","floor":15,"key":"SMITH"},{"data":"Sweeping Beam","floor":24,"key":"SMITH"},{"data":"Doom and Gloom","floor":27,"key":"SMITH"},{"floor":32,"key":"REST"},{"data":"Go for the Eyes","floor":44,"key":"SMITH"},{"floor":46,"key":"REST"},{"floor":49,"key":"REST"}],"neow_cost":"NONE","seed_source_timestamp":325127297173538,"circlet_count":0,"master_deck":["Defend_B+1","Defend_B","Defend_B","Zap+1","Dualcast","Chill","Ball Lightning","Cold Snap","Doom and Gloom+1","Go for the Eyes+1","Ball Lightning","Hologram+1","Biased Cognition+1","Coolheaded+1","Sweeping Beam+1","Loop+1","Flash of Steel","Sweeping Beam","Fusion+1","Machine Learning+1","Good Instincts","Leap+1","Hologram+1"],"relics":["Cracked Core","NeowsBlessing","Frozen Egg 2","Anchor","Potion Belt","WingedGreaves","Lizard Tail","War Paint","Ornamental Fan","Centennial Puzzle","Inserter","Red Mask","Dream Catcher","Question Card","Bottled Tornado"],"potions_floor_usage":[33,40,40,50,50],"damage_taken":[{"damage":0,"enemies":"Small Slimes","floor":1,"turns":1},{"damage":0,"enemies":"Gremlin Nob","floor":6,"turns":1},{"damage":0,"enemies":"Jaw Worm","floor":8,"turns":1},{"damage":0,"enemies":"2 Louse","floor":10,"turns":2},{"damage":0,"enemies":"Exordium Wildlife","floor":12,"turns":2},{"damage":2,"enemies":"Lagavulin","floor":13,"turns":6},{"damage":0,"enemies":"Blue Slaver","floor":14,"turns":2},{"damage":11,"enemies":"Slime Boss","floor":16,"turns":5},{"damage":0,"enemies":"Shell Parasite","floor":18,"turns":4},{"damage":9,"enemies":"2 Thieves","floor":19,"turns":4},{"damage":4,"enemies":"Gremlin Leader","floor":23,"turns":7},{"damage":1,"enemies":"Centurion and Healer","floor":25,"turns":6},{"damage":0,"enemies":"Snake Plant","floor":28,"turns":4},{"damage":23,"enemies":"Slavers","floor":30,"turns":5},{"damage":10,"enemies":"Snecko","floor":31,"turns":5},{"damage":50,"enemies":"Collector","floor":33,"turns":8},{"damage":0,"enemies":"3 Shapes","floor":35,"turns":5},{"damage":2,"enemies":"Orb Walker","floor":38,"turns":3},{"damage":16,"enemies":"Giant Head","floor":40,"turns":8},{"damage":11,"enemies":"Nemesis","floor":45,"turns":7},{"damage":8,"enemies":"Maw","floor":47,"turns":8},{"damage":34,"enemies":"Time Eater","floor":50,"turns":14}],"seed_played":"8269166026619104690","potions_obtained":[{"floor":1,"key":"SneckoOil"},{"floor":6,"key":"PowerPotion"},{"floor":10,"key":"PowerPotion"},{"floor":19,"key":"FearPotion"},{"floor":30,"key":"Dexterity Potion"},{"floor":33,"key":"FocusPotion"},{"floor":38,"key":"Strength Potion"}],"is_trial":false,"path_per_floor":["M","$","?","$","?","E","R","M","T","M","?","M","E","M","R","B",null,"M","M","?","?","?","E","R","M","T","R","M","$","E","M","R","B",null,"M","$","?","M","?","E","?","$","T","R","E","R","M","$","R","B",null],"character_chosen":"DEFECT","items_purchased":["Ball Lightning","Flash of Steel","Sweeping Beam","Energy Potion","SteroidPotion"],"campfire_rested":3,"item_purchase_floors":[4,29,29,48,48],"current_hp_per_floor":[75,75,64,64,57,57,57,57,57,57,57,57,55,55,55,44,75,75,66,52,52,78,74,74,73,73,73,73,73,50,40,64,14,80,80,80,80,78,68,52,52,52,52,52,41,65,57,57,80,46],"gold":4,"neow_bonus":"THREE_ENEMY_KILL","is_prod":false,"is_daily":false,"chose_seed":false,"campfire_upgraded":5,"win_rate":0.0,"timestamp":1556128714,"path_taken":["M","$","?","?","?","E","R","M","T","M","?","M","E","M","R","BOSS","M","M","?","?","?","E","R","?","T","R","M","$","E","M","R","BOSS","M","$","?","M","?","E","?","?","T","R","E","R","M","$","R","BOSS"],"build_version":"2019-04-23","purchased_purges":3,"victory":true,"max_hp_per_floor":[75,75,75,75,75,75,75,75,75,75,75,75,75,75,75,75,75,75,75,80,80,80,80,80,80,80,80,80,80,80,80,80,80,80,80,80,80,80,80,80,80,80,80,80,80,80,80,80,80,80],"card_choices":[{"not_picked":["Reprogram","Compile Driver"],"picked":"Chill","floor":1},{"not_picked":["Coolheaded","Leap"],"picked":"Cold Snap","floor":6},{"not_picked":["Double Energy","Hologram"],"picked":"Doom and Gloom","floor":8},{"not_picked":["Leap","Sweeping Beam"],"picked":"Go for the Eyes","floor":10},{"not_picked":["Steam Power","Go for the Eyes","Beam Cell"],"picked":"SKIP","floor":12},{"not_picked":["Leap","Auto Shields"],"picked":"Ball Lightning","floor":13},{"not_picked":["Redo","Storm+1"],"picked":"Hologram","floor":14},{"not_picked":["Amplify","Machine Learning+1"],"picked":"Biased Cognition+1","floor":16},{"not_picked":["Gash","Streamline+1"],"picked":"Coolheaded","floor":18},{"not_picked":["Melter","Streamline+1"],"picked":"Sweeping Beam","floor":19},{"not_picked":["Go for the Eyes","Stack","White Noise"],"picked":"SKIP","floor":23},{"not_picked":["Reprogram","Tempest","Consume"],"picked":"SKIP","floor":25},{"not_picked":["Ball Lightning","Sweeping Beam"],"picked":"Loop+1","floor":28},{"not_picked":["Stack","Skim"],"picked":"Fusion+1","floor":30},{"not_picked":["Force Field+1","Rainbow","Sweeping Beam"],"picked":"SKIP","floor":31},{"not_picked":["Rainbow","Thunder Strike"],"picked":"Machine Learning+1","floor":33},{"not_picked":["Sweeping Beam","Steam","Steam Power"],"picked":"SKIP","floor":35},{"not_picked":["Gash+1","Genetic Algorithm","Blizzard"],"picked":"SKIP","floor":38},{"not_picked":["Mind Blast","Transmutation"],"picked":"Good Instincts","floor":39},{"not_picked":["Beam Cell","Electrodynamics+1"],"picked":"Leap+1","floor":40},{"not_picked":["Cold Snap","Coolheaded","Scrape+1","BootSequence+1"],"picked":"SKIP","floor":45},{"not_picked":["Sweeping Beam","Tempest+1","Beam Cell+1","Scrape"],"picked":"SKIP","floor":47},{"not_picked":["Compile Driver","BootSequence","Steam+1"],"picked":"Hologram+1","floor":49}],"player_experience":4608,"relics_obtained":[{"floor":6,"key":"Anchor"},{"floor":9,"key":"Potion Belt"},{"floor":13,"key":"WingedGreaves"},{"floor":23,"key":"War Paint"},{"floor":26,"key":"Ornamental Fan"},{"floor":30,"key":"Centennial Puzzle"},{"floor":40,"key":"Dream Catcher"},{"floor":43,"key":"Question Card"},{"floor":45,"key":"Bottled Tornado"}],"event_choices":[{"damage_healed":0,"gold_gain":75,"player_choice":"Gather Gold","damage_taken":11,"max_hp_gain":0,"max_hp_loss":0,"event_name":"World of Goop","floor":3,"gold_loss":0},{"damage_healed":0,"gold_gain":0,"player_choice":"Success","damage_taken":7,"relics_obtained":["Frozen Egg 2"],"max_hp_gain":0,"max_hp_loss":0,"event_name":"Scrap Ooze","floor":5,"gold_loss":0},{"cards_removed":["Strike_B"],"damage_healed":0,"gold_gain":0,"player_choice":"Card Removal","damage_taken":0,"max_hp_gain":0,"max_hp_loss":0,"event_name":"The Cleric","floor":11,"gold_loss":50},{"damage_healed":0,"gold_gain":0,"player_choice":"Shed Blood","damage_taken":19,"max_hp_gain":5,"max_hp_loss":0,"event_name":"Forgotten Altar","floor":20,"gold_loss":0},{"damage_healed":0,"gold_gain":0,"player_choice":"Ignored","damage_taken":0,"max_hp_gain":0,"max_hp_loss":0,"event_name":"Vampires","floor":21,"gold_loss":0},{"damage_healed":26,"gold_gain":0,"player_choice":"Heal","damage_taken":0,"max_hp_gain":0,"max_hp_loss":0,"event_name":"The Library","floor":22,"gold_loss":0},{"damage_healed":0,"gold_gain":0,"player_choice":"Paid","damage_taken":0,"relics_obtained":["Red Mask"],"max_hp_gain":0,"max_hp_loss":0,"event_name":"Tomb of Lord Red Mask","floor":37,"gold_loss":114},{"damage_healed":0,"gold_gain":0,"player_choice":"Memory 3","damage_taken":10,"max_hp_gain":0,"max_hp_loss":0,"event_name":"SensoryStone","floor":39,"gold_loss":0},{"cards_removed":["Defend_B"],"damage_healed":0,"gold_gain":0,"player_choice":"Removed Skill","damage_taken":0,"max_hp_gain":0,"max_hp_loss":0,"event_name":"Falling","floor":41,"gold_loss":0}],"is_beta":true,"boss_relics":[{"not_picked":["FrozenCore","Sozu"],"picked":"Lizard Tail"},{"not_picked":["Philosopher\u0027s Stone","White Beast Statue"],"picked":"Inserter"}],"items_purged_floors":[2,29,36],"is_endless":false,"potions_floor_spawned":[1,6,10,19,30,33,38],"ascension_level":0}