{"gold_per_floor":[115,127,127,127,140,170,170,198,198,56,69,83,36,68,68,166,166,184,164,164],"floor_reached":20,"playtime":790,"items_purged":[],"score":252,"play_id":"b8514c52-d049-41da-a6fb-b3bb05c9a417","local_time":"20190129230546","is_ascension_mode":true,"campfire_choices":[{"floor":7,"key":"REST"},{"floor":15,"key":"REST"}],"neow_cost":"NONE","seed_source_timestamp":608638664887111,"circlet_count":0,"master_deck":["Defend_G","Defend_G","Defend_G","Defend_G","Defend_G","Strike_G","Strike_G","Strike_G","Strike_G+1","Strike_G+1","Survivor","Neutralize","Flying Knee","Caltrops+1","Skewer","Cloak And Dagger","Backflip","Cloak And Dagger","Infinite Blades","Blade Dance","Backflip","After Image","PiercingWail","Leg Sweep","Riddle With Holes","Footwork","Terror","Dagger Spray","Blade Dance"],"relics":["Ring of the Snake","Boot","Kunai","Whetstone","WingedGreaves","Bronze Scales","Sundial","Orrery"],"potions_floor_usage":[6,8,14,20],"damage_taken":[{"damage":0,"enemies":"Small Slimes","floor":1,"turns":4},{"damage":1,"enemies":"Jaw Worm","floor":2,"turns":4},{"damage":0,"enemies":"2 Louse","floor":5,"turns":2},{"damage":19,"enemies":"3 Sentries","floor":6,"turns":8},{"damage":21,"enemies":"Gremlin Nob","floor":8,"turns":3},{"damage":2,"enemies":"Exordium Thugs","floor":11,"turns":4},{"damage":4,"enemies":"Blue Slaver","floor":12,"turns":3},{"damage":8,"enemies":"3 Sentries","floor":14,"turns":6},{"damage":13,"enemies":"The Guardian","floor":16,"turns":11},{"damage":1,"enemies":"Chosen","floor":18,"turns":5},{"damage":14,"enemies":"2 Thieves","floor":19,"turns":4},{"damage":49,"enemies":"Cultist and Chosen","floor":20,"turns":6}],"seed_played":"8695443526191457356","potions_obtained":[{"floor":2,"key":"Regen Potion"},{"floor":6,"key":"Poison Potion"},{"floor":11,"key":"Block Potion"},{"floor":18,"key":"GamblersBrew"}],"is_trial":false,"path_per_floor":["M","M","?","?","M","E","R","E","T","?","M","M","$","E","R","B",null,"M","M","M"],"character_chosen":"THE_SILENT","items_purchased":["Blade Dance"],"campfire_rested":2,"item_purchase_floors":[13],"current_hp_per_floor":[63,62,37,37,37,33,54,33,33,33,31,27,27,19,40,27,59,58,44,0],"gold":164,"neow_bonus":"RANDOM_COMMON_RELIC","is_prod":false,"is_daily":false,"chose_seed":false,"campfire_upgraded":0,"win_rate":0,"timestamp":1548813946,"path_taken":["M","M","?","?","M","E","R","E","T","?","M","?","$","E","R","BOSS","M","M","M"],"build_version":"2019-01-23","purchased_purges":0,"victory":false,"max_hp_per_floor":[70,70,70,70,70,70,70,70,70,70,70,70,70,70,70,70,70,70,70,70],"card_choices":[{"not_picked":["Underhanded Strike","Acrobatics"],"picked":"Flying Knee","floor":1},{"not_picked":["Acrobatics","Dagger Throw"],"picked":"Caltrops","floor":2},{"not_picked":["Accuracy","Underhanded Strike"],"picked":"Skewer","floor":5},{"not_picked":["Dodge and Roll","PiercingWail"],"picked":"Cloak And Dagger","floor":6},{"not_picked":["Acrobatics","Outmaneuver"],"picked":"Backflip","floor":8},{"not_picked":["Flechettes","Noxious Fumes"],"picked":"Cloak And Dagger","floor":11},{"not_picked":["Outmaneuver","Terror"],"picked":"Infinite Blades","floor":12},{"not_picked":["Poisoned Stab","Doppelganger"],"picked":"Backflip","floor":14},{"not_picked":["Corpse Explosion","Storm of Steel"],"picked":"After Image","floor":16},{"not_picked":["Choke","Deadly Poison"],"picked":"PiercingWail","floor":17},{"not_picked":["Acrobatics","Eviscerate"],"picked":"Leg Sweep","floor":17},{"not_picked":["Underhanded Strike","Prepared"],"picked":"Riddle With Holes","floor":17},{"not_picked":["Poisoned Stab","Bane"],"picked":"Footwork","floor":17},{"not_picked":["Blur","Quick Slash"],"picked":"Terror","floor":17},{"not_picked":["Eviscerate","PiercingWail"],"picked":"Dagger Spray","floor":18},{"not_picked":["Bane","Acrobatics"],"picked":"Blade Dance","floor":19}],"player_experience":684484,"relics_obtained":[{"floor":6,"key":"Whetstone"},{"floor":8,"key":"WingedGreaves"},{"floor":14,"key":"Sundial"}],"event_choices":[{"damage_healed":0,"gold_gain":0,"player_choice":"Success","damage_taken":25,"relics_obtained":["Kunai"],"max_hp_gain":0,"max_hp_loss":0,"event_name":"Scrap Ooze","floor":3,"gold_loss":0},{"damage_healed":0,"gold_gain":0,"player_choice":"Grow","damage_taken":0,"max_hp_gain":0,"max_hp_loss":0,"event_name":"Living Wall","floor":4,"gold_loss":0,"cards_upgraded":["Caltrops"]},{"damage_healed":0,"gold_gain":0,"player_choice":"Paid Gold","damage_taken":0,"relics_obtained":["Bronze Scales"],"max_hp_gain":0,"max_hp_loss":0,"event_name":"WeMeetAgain","floor":10,"gold_loss":142}],"is_beta":false,"boss_relics":[{"not_picked":["Pandora\u0027s Box","Runic Dome"],"picked":"Orrery"}],"items_purged_floors":[],"is_endless":false,"potions_floor_spawned":[2,6,11,18],"killed_by":"Cultist and Chosen","ascension_level":6}