{"gold_per_floor":[109,109,55,55,55,55,80,23,23,34,45,75,75,102,102,102],"floor_reached":16,"playtime":458,"items_purged":[],"score":268,"play_id":"8bffa118-52c6-4598-8929-eb6a64a5aa64","local_time":"20190509171010","is_ascension_mode":true,"campfire_choices":[{"data":"Havoc","floor":6,"key":"SMITH"},{"floor":13,"key":"REST"},{"floor":15,"key":"REST"}],"neow_cost":"NONE","seed_source_timestamp":2431433074283457,"circlet_count":0,"master_deck":["AscendersBane","Strike_R","Strike_R","Strike_R","Strike_R","Defend_R","Defend_R+1","Defend_R","Defend_R","Bash","Fire Breathing+1","Havoc+1","Cleave","Anger","Pommel Strike","Reckless Charge","Dropkick","Havoc+1","Fire Breathing"],"relics":["Burning Blood","NeowsBlessing","Lantern","Dream Catcher","Toxic Egg 2","Art of War","Prayer Wheel"],"potions_floor_usage":[14,16],"damage_taken":[{"damage":0,"enemies":"2 Louse","floor":1,"turns":1},{"damage":0,"enemies":"3 Sentries","floor":7,"turns":1},{"damage":0,"enemies":"Jaw Worm","floor":10,"turns":1},{"damage":0,"enemies":"Cultist","floor":11,"turns":2},{"damage":30,"enemies":"Lagavulin","floor":12,"turns":5},{"damage":25,"enemies":"3 Sentries","floor":14,"turns":6},{"damage":41,"enemies":"Hexaghost","floor":16,"turns":9}],"seed_played":"-5584221688029459011","potions_obtained":[{"floor":1,"key":"SteroidPotion"},{"floor":11,"key":"GamblersBrew"}],"is_trial":false,"path_per_floor":["M","?","$","?","?","R","E","$","T","M","M","E","R","E","R","B"],"character_chosen":"IRONCLAD","items_purchased":["Havoc","Anger"],"campfire_rested":2,"item_purchase_floors":[3,8],"current_hp_per_floor":[74,48,48,25,18,18,24,24,24,30,36,12,34,15,37,0],"gold":102,"neow_bonus":"THREE_ENEMY_KILL","is_prod":false,"is_daily":false,"chose_seed":false,"campfire_upgraded":1,"win_rate":0,"timestamp":1557432610,"path_taken":["M","?","$","?","?","R","E","?","T","?","?","E","R","E","R","BOSS"],"build_version":"2019-01-23","purchased_purges":0,"victory":false,"max_hp_per_floor":[75,75,75,75,75,75,75,75,75,75,75,75,75,75,75,75],"card_choices":[{"not_picked":["Twin Strike","Shrug It Off"],"picked":"Fire Breathing","floor":1},{"not_picked":["Bloodletting","Combust"],"picked":"Cleave","floor":7},{"not_picked":["Clash","Entrench+1"],"picked":"Pommel Strike","floor":10},{"not_picked":["Heavy Blade","Combust","Blood for Blood"],"picked":"SKIP","floor":11},{"not_picked":["Thunderclap","Body Slam"],"picked":"Reckless Charge","floor":12},{"not_picked":["Twin Strike","Warcry+1"],"picked":"Dropkick","floor":13},{"not_picked":["Headbutt","Thunderclap"],"picked":"Havoc+1","floor":14},{"not_picked":["Dual Wield+1","Twin Strike"],"picked":"Fire Breathing","floor":15}],"player_experience":1316590,"relics_obtained":[{"floor":7,"key":"Dream Catcher"},{"floor":9,"key":"Toxic Egg 2"},{"floor":12,"key":"Art of War"},{"floor":14,"key":"Prayer Wheel"}],"event_choices":[{"damage_healed":0,"gold_gain":0,"player_choice":"Success","damage_taken":26,"relics_obtained":["Lantern"],"max_hp_gain":0,"max_hp_loss":0,"event_name":"Scrap Ooze","floor":2,"gold_loss":0},{"damage_healed":0,"gold_gain":0,"player_choice":"Entered Light","damage_taken":23,"max_hp_gain":0,"max_hp_loss":0,"event_name":"Shining Light","floor":4,"gold_loss":0,"cards_upgraded":["Fire Breathing","Defend_R"]},{"cards_removed":["Strike_R"],"damage_healed":0,"gold_gain":0,"player_choice":"Card Removal","damage_taken":7,"max_hp_gain":0,"max_hp_loss":0,"event_name":"Golden Wing","floor":5,"gold_loss":0}],"is_beta":false,"boss_relics":[],"items_purged_floors":[],"is_endless":false,"potions_floor_spawned":[1,11,12],"killed_by":"Hexaghost","ascension_level":18}