{"gold_per_floor":[13,26,40,40,53,83,83,83,83,83,83,83,98,117,117,117],"floor_reached":16,"playtime":671,"items_purged":[],"score":168,"play_id":"d8b29c60-0fbc-4a10-a2bb-099edb2e50cf","local_time":"20190412160418","is_ascension_mode":true,"campfire_choices":[{"data":"Wraith Form v2","floor":7,"key":"SMITH"},{"floor":12,"key":"REST"},{"floor":15,"key":"REST"}],"neow_cost":"NO_GOLD","seed_source_timestamp":94299665659624,"circlet_count":0,"master_deck":["AscendersBane","Defend_G","Defend_G","Defend_G","Defend_G","Defend_G","Strike_G","Strike_G","Strike_G","Strike_G","Survivor","Neutralize","Deadly Poison","Backflip","Infinite Blades+1","PiercingWail+1","Wraith Form v2+1","Injury","Blur","Finisher"],"relics":["Ring of the Snake","hubris:MedicalManual","hubris:ToyBattleship","Bottled Tornado","Golden Idol"],"potions_floor_usage":[13,16,16],"damage_taken":[{"damage":3,"enemies":"Cultist","floor":1,"turns":5},{"damage":0,"enemies":"Jaw Worm","floor":2,"turns":4},{"damage":0,"enemies":"Small Slimes","floor":3,"turns":3},{"damage":9,"enemies":"2 Fungi Beasts","floor":5,"turns":5},{"damage":27,"enemies":"Lagavulin","floor":6,"turns":10},{"damage":16,"enemies":"Exordium Thugs","floor":13,"turns":5},{"damage":4,"enemies":"Blue Slaver","floor":14,"turns":5},{"damage":34,"enemies":"Slime Boss","floor":16,"turns":14}],"seed_played":"-7380021769672866671","potions_obtained":[{"floor":6,"key":"Poison Potion"},{"floor":13,"key":"vexMod:BlazePotion"},{"floor":14,"key":"Dexterity Potion"}],"is_trial":false,"path_per_floor":["M","M","M","?","M","E","R","?","T","?","?","R","M","M","R","B"],"character_chosen":"THE_SILENT","items_purchased":[],"campfire_rested":2,"item_purchase_floors":[],"current_hp_per_floor":[60,60,60,53,44,17,17,17,17,17,3,24,8,4,25,0],"gold":117,"neow_bonus":"ONE_RARE_RELIC","is_prod":false,"is_daily":false,"chose_seed":false,"campfire_upgraded":1,"win_rate":0,"timestamp":1555095858,"path_taken":["M","?","M","?","M","E","R","?","T","?","?","R","M","M","R","BOSS"],"build_version":"2019-01-23","purchased_purges":0,"victory":false,"max_hp_per_floor":[70,70,70,70,70,70,70,70,70,70,70,70,70,70,70,70],"card_choices":[{"not_picked":["PiercingWail","Dodge and Roll"],"picked":"Deadly Poison","floor":1},{"not_picked":["Sucker Punch","Concentrate"],"picked":"Backflip","floor":2},{"not_picked":["Dodge and Roll","Bane"],"picked":"Infinite Blades","floor":3},{"not_picked":["Prepared","Backflip"],"picked":"PiercingWail","floor":5},{"not_picked":["Eviscerate","PiercingWail"],"picked":"Wraith Form v2","floor":6},{"not_picked":["Backflip","Caltrops"],"picked":"Blur","floor":13},{"not_picked":["Blade Dance","Cloak And Dagger"],"picked":"Finisher","floor":14}],"player_experience":1102873,"relics_obtained":[{"floor":6,"key":"hubris:ToyBattleship"},{"floor":9,"key":"Bottled Tornado"}],"event_choices":[{"cards_removed":["Strike_G"],"damage_healed":0,"gold_gain":0,"player_choice":"Card Removal","damage_taken":7,"max_hp_gain":0,"max_hp_loss":0,"event_name":"Golden Wing","floor":4,"gold_loss":0},{"damage_healed":0,"gold_gain":0,"player_choice":"Fled","damage_taken":0,"max_hp_gain":0,"max_hp_loss":0,"event_name":"Scrap Ooze","floor":8,"gold_loss":0},{"damage_healed":0,"gold_gain":0,"player_choice":"Take Wound","damage_taken":0,"relics_obtained":["Golden Idol"],"max_hp_gain":0,"max_hp_loss":0,"event_name":"Golden Idol","floor":10,"gold_loss":0,"cards_obtained":["Injury"]},{"damage_healed":0,"gold_gain":0,"player_choice":"Entered Light","damage_taken":14,"max_hp_gain":0,"max_hp_loss":0,"event_name":"Shining Light","floor":11,"gold_loss":0,"cards_upgraded":["Infinite Blades","PiercingWail"]}],"is_beta":false,"boss_relics":[],"items_purged_floors":[],"is_endless":false,"potions_floor_spawned":[6,13,14],"killed_by":"Slime Boss","ascension_level":13}