{"gold_per_floor":[360,83,96,115,134,134,164,179,179,189,206,206,206,233,233,333,333,352,252,269,269,269,269,301,301,301,312,312,312,117,117,117,215,215,229,229,229,241,159,191,191,219,268,118,132,148,177,196,196,196,196,196,61,90,90],"floor_reached":56,"playtime":2696,"items_purged":["Decay","Strike_R","Regret","Shame"],"score":1543,"play_id":"5eb4d8b3-6d8e-4f8f-93f9-3e222d893201","local_time":"20190425184905","is_ascension_mode":true,"campfire_choices":[{"data":"Uppercut","floor":6,"key":"SMITH"},{"data":"Flex","floor":13,"key":"SMITH"},{"data":"True Grit","floor":15,"key":"SMITH"},{"data":"Pommel Strike","floor":23,"key":"SMITH"},{"data":"Body Slam","floor":25,"key":"SMITH"},{"data":"Double Tap","floor":28,"key":"SMITH"},{"floor":32,"key":"RECALL"},{"data":"Bash","floor":41,"key":"SMITH"},{"data":"Corruption","floor":49,"key":"SMITH"},{"data":"Shrug It Off","floor":52,"key":"SMITH"}],"neow_cost":"CURSE","seed_source_timestamp":410588891159410,"circlet_count":0,"master_deck":["Strike_R+1","Strike_R+1","Strike_R+1","Strike_R+1","Defend_R+1","Defend_R+1","Defend_R+1","Defend_R+1","Bash+1","Uppercut+1","True Grit+1","Pommel Strike+1","Double Tap+1","Shrug It Off+1","Flex+1","Thunderclap","Armaments+1","Infernal Blade+1","Limit Break+1","Necronomicurse","Body Slam+1","Flame Barrier+1","Impervious+1","Perfected Strike+1","Inflame+1","Disarm+1","Pommel Strike+1","Shockwave+1","Shrug It Off+1","Corruption+1","Fiend Fire","Perfected Strike"],"relics":["Burning Blood","Orichalcum","Happy Flower","Toxic Egg 2","Self Forming Clay","Centennial Puzzle","Cursed Key","Necronomicon","Juzu Bracelet","Snecko Eye","Pen Nib","Torii","PreservedInsect","Bronze Scales","Bag of Preparation"],"potions_floor_usage":[18,55,55,55],"damage_taken":[{"damage":4,"enemies":"Small Slimes","floor":1,"turns":4},{"damage":0,"enemies":"Cultist","floor":3,"turns":3},{"damage":2,"enemies":"2 Louse","floor":4,"turns":2},{"damage":7,"enemies":"Looter","floor":5,"turns":3},{"damage":29,"enemies":"3 Sentries","floor":7,"turns":8},{"damage":3,"enemies":"Blue Slaver","floor":8,"turns":3},{"damage":11,"enemies":"Exordium Wildlife","floor":10,"turns":5},{"damage":6,"enemies":"Red Slaver","floor":11,"turns":3},{"damage":6,"enemies":"Gremlin Nob","floor":14,"turns":4},{"damage":21,"enemies":"The Guardian","floor":16,"turns":8},{"damage":3,"enemies":"Spheric Guardian","floor":18,"turns":3},{"damage":16,"enemies":"2 Thieves","floor":20,"turns":3},{"damage":0,"enemies":"Book of Stabbing","floor":24,"turns":4},{"damage":10,"enemies":"Centurion and Healer","floor":27,"turns":4},{"damage":38,"enemies":"Collector","floor":33,"turns":10},{"damage":7,"enemies":"3 Shapes","floor":35,"turns":4},{"damage":5,"enemies":"3 Darklings","floor":38,"turns":4},{"damage":13,"enemies":"Nemesis","floor":40,"turns":5},{"damage":0,"enemies":"Giant Head","floor":42,"turns":5},{"damage":1,"enemies":"Transient","floor":45,"turns":5},{"damage":21,"enemies":"Jaw Worm Horde","floor":46,"turns":3},{"damage":22,"enemies":"Reptomancer","floor":47,"turns":4},{"damage":0,"enemies":"4 Shapes","floor":48,"turns":3},{"damage":10,"enemies":"Donu and Deca","floor":50,"turns":4},{"damage":1,"enemies":"Shield and Spear","floor":54,"turns":3},{"damage":48,"enemies":"The Heart","floor":55,"turns":6}],"seed_played":"6135393918523400376","potions_obtained":[{"floor":3,"key":"Regen Potion"},{"floor":4,"key":"Swift Potion"},{"floor":10,"key":"LiquidBronze"},{"floor":16,"key":"Dexterity Potion"},{"floor":27,"key":"Fire Potion"},{"floor":40,"key":"PowerPotion"}],"is_trial":false,"path_per_floor":["M","$","M","M","M","R","E","M","T","M","M","?","R","E","R","B",null,"M","$","M","?","?","R","E","R","T","M","R","?","$","?","R","B",null,"M","?","?","M","$","E","R","E","T","$","M","M","E","M","R","B",null,"R","$","E","B",null],"character_chosen":"IRONCLAD","items_purchased":["Orichalcum","True Grit","Flame Barrier+1","Disarm+1","Fiend Fire"],"campfire_rested":0,"item_purchase_floors":[2,2,30,39,53],"current_hp_per_floor":[80,80,80,80,79,79,56,59,59,54,54,54,54,54,54,39,80,80,80,70,70,54,54,60,60,60,56,56,56,56,56,56,24,80,79,79,76,76,76,69,69,75,75,75,76,61,45,51,51,47,76,76,76,76,34],"gold":90,"neow_bonus":"TWO_FIFTY_GOLD","is_prod":false,"is_daily":false,"chose_seed":false,"campfire_upgraded":9,"win_rate":0,"timestamp":1556214545,"path_taken":["M","$","M","M","M","R","E","M","T","M","M","?","R","E","R","BOSS","M","$","M","?","?","R","E","R","T","M","R","?","$","?","R","BOSS","M","?","?","M","$","E","R","E","T","$","M","M","E","M","R","BOSS","R","$","E","BOSS"],"build_version":"2019-04-23","purchased_purges":4,"victory":true,"max_hp_per_floor":[80,80,80,80,80,80,80,80,80,80,80,80,80,80,80,80,80,80,80,80,80,80,80,80,80,80,80,80,80,80,80,80,80,80,80,80,76,76,76,76,76,76,76,76,76,76,76,76,76,76,76,76,76,76,76],"card_choices":[{"not_picked":["Flex","Carnage"],"picked":"Uppercut","floor":1},{"not_picked":["Hemokinesis","Dual Wield"],"picked":"Pommel Strike","floor":3},{"not_picked":["Sword Boomerang","Armaments"],"picked":"Double Tap","floor":4},{"not_picked":["Sword Boomerang","Ghostly Armor"],"picked":"Shrug It Off","floor":5},{"not_picked":["Dark Embrace","Twin Strike","Clothesline"],"picked":"SKIP","floor":7},{"not_picked":["Headbutt","Clash"],"picked":"Flex","floor":8},{"not_picked":["Sever Soul","Sword Boomerang"],"picked":"Thunderclap","floor":10},{"not_picked":["Havoc+1","Clash"],"picked":"Armaments+1","floor":11},{"not_picked":["Iron Wave","Pummel"],"picked":"Infernal Blade+1","floor":14},{"not_picked":["Brutality","Demon Form"],"picked":"Limit Break+1","floor":16},{"not_picked":["Reckless Charge+1","Pummel","Pommel Strike"],"picked":"SKIP","floor":18},{"not_picked":["Headbutt","Thunderclap","Sentinel+1"],"picked":"SKIP","floor":20},{"not_picked":["Anger","Iron Wave+1"],"picked":"Body Slam","floor":24},{"not_picked":["Pummel","Headbutt","Anger"],"picked":"SKIP","floor":27},{"not_picked":["Fiend Fire","Feed"],"picked":"Impervious+1","floor":33},{"not_picked":["Thunderclap+1","Sword Boomerang"],"picked":"Perfected Strike+1","floor":35},{"not_picked":["Flex+1","Hemokinesis"],"picked":"Inflame+1","floor":38},{"not_picked":["Evolve","Combust+1"],"picked":"Pommel Strike+1","floor":40},{"not_picked":["Pommel Strike+1","Immolate","True Grit+1"],"picked":"SKIP","floor":42},{"not_picked":["Heavy Blade","Disarm+1"],"picked":"Shockwave+1","floor":45},{"not_picked":["Sever Soul+1","True Grit+1","Thunderclap+1"],"picked":"SKIP","floor":46},{"not_picked":["Hemokinesis","Flex+1"],"picked":"Shrug It Off+1","floor":47},{"not_picked":["Warcry+1","Inflame"],"picked":"Corruption","floor":48},{"not_picked":["Reckless Charge+1","Immolate"],"picked":"Perfected Strike","floor":54}],"player_experience":40112,"relics_obtained":[{"floor":7,"key":"Happy Flower"},{"floor":9,"key":"Toxic Egg 2"},{"floor":14,"key":"Centennial Puzzle"},{"floor":22,"key":"Necronomicon"},{"floor":24,"key":"Juzu Bracelet"},{"floor":40,"key":"Pen Nib"},{"floor":42,"key":"Torii"},{"floor":43,"key":"PreservedInsect"},{"floor":47,"key":"Bronze Scales"},{"floor":54,"key":"Bag of Preparation"}],"event_choices":[{"damage_healed":0,"gold_gain":0,"player_choice":"Gave Potion","damage_taken":0,"relics_obtained":["Self Forming Clay"],"max_hp_gain":0,"max_hp_loss":0,"event_name":"WeMeetAgain","floor":12,"gold_loss":0},{"damage_healed":0,"gold_gain":0,"player_choice":"Simplicity","damage_taken":0,"max_hp_gain":0,"max_hp_loss":0,"event_name":"Back to Basics","floor":21,"gold_loss":0,"cards_upgraded":["Strike_R","Strike_R","Strike_R","Strike_R","Defend_R","Defend_R","Defend_R","Defend_R"]},{"damage_healed":0,"gold_gain":0,"player_choice":"Obtained Book","damage_taken":16,"max_hp_gain":0,"max_hp_loss":0,"event_name":"Cursed Tome","floor":22,"gold_loss":0},{"damage_healed":0,"gold_gain":0,"player_choice":"Ignored","damage_taken":0,"max_hp_gain":0,"max_hp_loss":0,"event_name":"Ghosts","floor":29,"gold_loss":0},{"damage_healed":0,"gold_gain":0,"player_choice":"Ignored","damage_taken":0,"max_hp_gain":0,"max_hp_loss":0,"event_name":"The Mausoleum","floor":31,"gold_loss":0},{"damage_healed":0,"gold_gain":0,"player_choice":"Ignored","damage_taken":0,"max_hp_gain":0,"max_hp_loss":0,"event_name":"Tomb of Lord Red Mask","floor":36,"gold_loss":0},{"damage_healed":0,"gold_gain":0,"player_choice":"Max HP","damage_taken":0,"max_hp_gain":0,"max_hp_loss":4,"event_name":"Winding Halls","floor":37,"gold_loss":0}],"is_beta":true,"boss_relics":[{"not_picked":["Coffee Dripper","Empty Cage"],"picked":"Cursed Key"},{"not_picked":["Runic Dome","Fusion Hammer"],"picked":"Snecko Eye"}],"items_purged_floors":[2,19,30,44],"is_endless":false,"potions_floor_spawned":[3,4,10,11,16,27,38,40,42,47],"ascension_level":4}