{"gold_per_floor":[116,116,21,21,46,46,89,102,102,102,137,237,256,287,287,406,406,427,72,72,72,96,96,195,231,258,302,316,4,43,67,67,190,190,209,209,230,563,578,578,611,611,611,641,641,168,201,211,211,211,211,211,35,61,61],"floor_reached":56,"playtime":3519,"items_purged":["Catalyst","Regret","Injury"],"score":1646,"play_id":"e000adc9-0657-4ca5-bb88-618e8cca50c8","local_time":"20190301210030","is_ascension_mode":true,"campfire_choices":[{"data":"Terror","floor":6,"key":"SMITH"},{"data":"Footwork","floor":10,"key":"SMITH"},{"data":"Glass Knife","floor":15,"key":"SMITH"},{"data":"Infinite Blades","floor":23,"key":"SMITH"},{"data":"Apotheosis","floor":32,"key":"SMITH"},{"floor":40,"key":"RECALL"},{"data":"A Thousand Cuts","floor":42,"key":"SMITH"},{"data":"Well Laid Plans","floor":45,"key":"SMITH"},{"data":"Accuracy","floor":49,"key":"SMITH"},{"data":"Panache","floor":52,"key":"SMITH"}],"neow_cost":"TEN_PERCENT_HP_LOSS","seed_source_timestamp":18091232598690,"circlet_count":0,"master_deck":["Defend_G+1","Defend_G+1","Defend_G+1","Defend_G+1","Strike_G+1","Strike_G+1","Strike_G+1","Strike_G+1","Strike_G+1","Survivor","Neutralize","Glass Knife+1","Terror+1","Footwork+1","Deflect","Dagger Spray","PiercingWail","Leg Sweep","Masterful Stab","Deflect","Adrenaline","PiercingWail","Flying Knee","Discovery","Ghostly","Ghostly","Ghostly","Ghostly","Ghostly","Infinite Blades+1","Cloak And Dagger","Acrobatics","Noxious Fumes+1","Well Laid Plans+1","Apotheosis+1","Blur","Accuracy+1","Dodge and Roll","A Thousand Cuts+1","Cloak And Dagger","Venomology","Flash of Steel","Panache+1","Blur","Predator+1","Dodge and Roll","Sucker Punch+1"],"special_seed":0,"relics":["Ring of the Snake","Singing Bowl","Turnip","Blue Candle","Cursed Key","Lantern","Anchor","Happy Flower","Bronze Scales","The Courier","WristBlade","Thread and Needle","Gremlin Horn","Juzu Bracelet","PreservedInsect","Bag of Marbles","Orichalcum"],"potions_floor_usage":[11,16,22,35,44,47,48,50,55,55,55],"damage_taken":[{"damage":0,"enemies":"Small Slimes","floor":1,"turns":2},{"damage":1,"enemies":"Jaw Worm","floor":5,"turns":3},{"damage":14,"enemies":"Gremlin Nob","floor":7,"turns":3},{"damage":0,"enemies":"Cultist","floor":8,"turns":2},{"damage":18,"enemies":"3 Sentries","floor":11,"turns":8},{"damage":0,"enemies":"3 Louse","floor":13,"turns":3},{"damage":2,"enemies":"Lagavulin","floor":14,"turns":8},{"damage":15,"enemies":"Slime Boss","floor":16,"turns":12},{"damage":2,"enemies":"Spheric Guardian","floor":18,"turns":5},{"damage":1,"enemies":"Chosen","floor":22,"turns":6},{"damage":0,"enemies":"Gremlin Leader","floor":25,"turns":8},{"damage":0,"enemies":"Slavers","floor":27,"turns":7},{"damage":0,"enemies":"Shelled Parasite and Fungi","floor":28,"turns":4},{"damage":0,"enemies":"Gremlin Leader","floor":30,"turns":7},{"damage":0,"enemies":"Snake Plant","floor":31,"turns":4},{"damage":6,"enemies":"Champ","floor":33,"turns":13},{"damage":1,"enemies":"Orb Walker","floor":35,"turns":2},{"damage":0,"enemies":"3 Darklings","floor":37,"turns":4},{"damage":0,"enemies":"Spire Growth","floor":39,"turns":3},{"damage":2,"enemies":"Giant Head","floor":41,"turns":9},{"damage":1,"enemies":"Nemesis","floor":44,"turns":9},{"damage":0,"enemies":"Giant Head","floor":47,"turns":8},{"damage":0,"enemies":"Transient","floor":48,"turns":5},{"damage":1,"enemies":"Awakened One","floor":50,"turns":12},{"damage":0,"enemies":"Shield and Spear","floor":54,"turns":5},{"damage":0,"enemies":"The Heart","floor":55,"turns":11}],"seed_played":"8126955143930333449","potions_obtained":[{"floor":5,"key":"LiquidBronze"},{"floor":8,"key":"Regen Potion"},{"floor":13,"key":"Fire Potion"},{"floor":14,"key":"Weak Potion"},{"floor":18,"key":"Fire Potion"},{"floor":30,"key":"Weak Potion"},{"floor":35,"key":"SpeedPotion"},{"floor":41,"key":"Regen Potion"}],"is_trial":false,"path_per_floor":["M","?","$","?","M","R","E","M","T","R","E","?","M","E","R","B",null,"M","$","?","?","M","R","?","E","T","E","M","$","E","M","R","B",null,"M","?","M","?","M","R","E","R","T","E","R","$","E","M","R","B",null,"R","$","E","B",null],"character_chosen":"THE_SILENT","items_purchased":["Footwork","Deflect","Flying Knee","Discovery","Lantern","Well Laid Plans","Apotheosis","Blur","Ancient Potion","PreservedInsect","Flash of Steel","Panache","SpeedPotion","Dodge and Roll"],"campfire_rested":0,"item_purchase_floors":[3,3,19,19,19,29,29,29,46,46,46,46,53,53],"current_hp_per_floor":[63,58,58,58,57,57,45,45,45,45,42,42,42,40,40,25,60,58,58,58,30,29,29,29,29,29,29,29,29,29,29,29,23,30,31,31,31,31,33,33,31,31,31,32,32,32,32,32,32,31,36,36,36,36,36],"gold":61,"neow_bonus":"THREE_RARE_CARDS","is_prod":false,"is_daily":false,"chose_seed":false,"campfire_upgraded":9,"win_rate":0,"timestamp":1551492030,"path_taken":["M","?","$","?","?","R","E","M","T","R","E","?","M","E","R","BOSS","M","?","?","?","M","R","?","E","T","E","M","$","E","M","R","BOSS","M","?","?","?","M","R","E","R","T","E","R","$","E","M","R","BOSS","R","$","E","BOSS"],"build_version":"2019-02-06","purchased_purges":3,"victory":true,"max_hp_per_floor":[63,58,58,58,58,58,60,60,60,60,60,60,60,60,60,60,60,60,60,60,30,30,30,30,30,30,30,30,30,30,30,30,30,30,32,32,32,32,34,34,34,34,34,36,36,36,36,36,36,36,36,36,36,36,36],"card_choices":[{"not_picked":["Unload","Doppelganger"],"picked":"Glass Knife","floor":0},{"not_picked":["Dagger Spray","Flying Knee"],"picked":"Terror","floor":1},{"not_picked":["Bane","Underhanded Strike"],"picked":"Dagger Spray","floor":5},{"not_picked":["Grand Finale","Bane","Catalyst"],"picked":"Singing Bowl","floor":7},{"not_picked":["Sucker Punch","Deflect"],"picked":"PiercingWail","floor":8},{"not_picked":["Distraction","Concentrate"],"picked":"Leg Sweep","floor":11},{"not_picked":["Riddle With Holes","Tactician"],"picked":"Masterful Stab","floor":13},{"not_picked":["Skewer","Sucker Punch"],"picked":"Deflect","floor":14},{"not_picked":["Glass Knife","Burst"],"picked":"Adrenaline","floor":16},{"not_picked":["Quick Slash","Masterful Stab"],"picked":"PiercingWail","floor":18},{"not_picked":["Deflect","Dodge and Roll"],"picked":"Infinite Blades","floor":22},{"not_picked":["PiercingWail","Unload"],"picked":"Cloak And Dagger","floor":25},{"not_picked":["Cloak And Dagger","Riddle With Holes"],"picked":"Acrobatics","floor":27},{"not_picked":["Quick Slash+1","Cloak And Dagger"],"picked":"Noxious Fumes+1","floor":28},{"not_picked":["Escape Plan","Blade Dance+1"],"picked":"Accuracy","floor":30},{"not_picked":["Dagger Spray+1","Slice"],"picked":"Dodge and Roll","floor":31},{"not_picked":["Wraith Form v2","Tools of the Trade"],"picked":"A Thousand Cuts","floor":33},{"not_picked":["PiercingWail+1","All Out Attack","Acrobatics"],"picked":"Singing Bowl","floor":35},{"not_picked":["Poisoned Stab","Distraction"],"picked":"Cloak And Dagger","floor":37},{"not_picked":["Dagger Spray","Outmaneuver+1","Dodge and Roll"],"picked":"Singing Bowl","floor":39},{"not_picked":["Skewer","Endless Agony"],"picked":"Venomology","floor":41},{"not_picked":["Accuracy+1","Tactician+1","Expertise+1"],"picked":"Singing Bowl","floor":44},{"not_picked":["Calculated Gamble+1","Wraith Form v2"],"picked":"Blur","floor":47},{"not_picked":["Bane","Backstab"],"picked":"Predator+1","floor":48},{"not_picked":["Expertise","Skewer"],"picked":"Sucker Punch+1","floor":54}],"player_experience":4748026,"relics_obtained":[{"floor":7,"key":"Singing Bowl"},{"floor":11,"key":"Turnip"},{"floor":14,"key":"Blue Candle"},{"floor":25,"key":"Anchor"},{"floor":26,"key":"Happy Flower"},{"floor":27,"key":"Bronze Scales"},{"floor":30,"key":"The Courier"},{"floor":41,"key":"Thread and Needle"},{"floor":43,"key":"Gremlin Horn"},{"floor":44,"key":"Juzu Bracelet"},{"floor":47,"key":"Bag of Marbles"},{"floor":54,"key":"Orichalcum"}],"event_choices":[{"damage_healed":0,"gold_gain":0,"player_choice":"Lose Max HP","damage_taken":0,"relics_obtained":["Golden Idol"],"max_hp_gain":0,"max_hp_loss":5,"event_name":"Golden Idol","floor":2,"gold_loss":0},{"damage_healed":0,"gold_gain":0,"cards_transformed":["Defend_G"],"player_choice":"Transformed","damage_taken":0,"max_hp_gain":0,"max_hp_loss":0,"event_name":"Transmorgrifier","floor":4,"gold_loss":0,"cards_obtained":["Catalyst"]},{"damage_healed":0,"gold_gain":100,"player_choice":"Pray","damage_taken":0,"max_hp_gain":0,"max_hp_loss":0,"event_name":"Golden Shrine","floor":12,"gold_loss":0},{"damage_healed":0,"gold_gain":0,"player_choice":"Simplicity","damage_taken":0,"max_hp_gain":0,"max_hp_loss":0,"event_name":"Back to Basics","floor":20,"gold_loss":0,"cards_upgraded":["Defend_G","Defend_G","Defend_G","Defend_G","Strike_G","Strike_G","Strike_G","Strike_G","Strike_G"]},{"damage_healed":0,"gold_gain":0,"player_choice":"Became a Ghost","damage_taken":0,"max_hp_gain":0,"max_hp_loss":30,"event_name":"Ghosts","floor":21,"gold_loss":0,"cards_obtained":["Ghostly","Ghostly","Ghostly","Ghostly","Ghostly"]},{"damage_healed":0,"gold_gain":99,"player_choice":"Stole From Cult","damage_taken":0,"max_hp_gain":0,"max_hp_loss":0,"event_name":"Nest","floor":24,"gold_loss":0},{"damage_healed":0,"gold_gain":0,"player_choice":"Bought 0 Potions","damage_taken":0,"max_hp_gain":0,"max_hp_loss":0,"event_name":"The Woman in Blue","floor":36,"gold_loss":0},{"damage_healed":0,"gold_gain":333,"player_choice":"Gave Idol","damage_taken":0,"max_hp_gain":0,"max_hp_loss":0,"event_name":"The Moai Head","floor":38,"relics_lost":["Golden Idol"],"gold_loss":0}],"is_beta":true,"boss_relics":[{"not_picked":["Tiny House","Eternal Feather"],"picked":"Cursed Key"},{"not_picked":["Lizard Tail","Fusion Hammer"],"picked":"WristBlade"}],"items_purged_floors":[19,46,53],"is_endless":false,"potions_floor_spawned":[5,8,13,14,18,30,35,41,44],"ascension_level":1}