{"gold_per_floor":[119,119,294,314,51,51,71,71,71,107,107,107,123,144,144,272,272,286,286,286,68,59,59,75,75,75,75,149,149,149,219,219,342,342,358,379,504,529,544,544,623,636,636,652,113,113,137,160,160,160],"floor_reached":50,"playtime":2365,"items_purged":["Doubt"],"score":577,"play_id":"b4d78803-25f2-4ed1-a0f9-7fefade6dcdb","local_time":"20190113014011","is_ascension_mode":true,"campfire_choices":[{"data":"Violence","floor":6,"key":"SMITH"},{"data":"Caltrops","floor":8,"key":"SMITH"},{"floor":12,"key":"REST"},{"floor":15,"key":"REST"},{"data":"Noxious Fumes","floor":23,"key":"SMITH"},{"floor":25,"key":"REST"},{"data":"After Image","floor":27,"key":"SMITH"},{"floor":29,"key":"REST"},{"floor":32,"key":"REST"},{"floor":40,"key":"REST"},{"floor":46,"key":"REST"},{"floor":49,"key":"REST"}],"neow_cost":"NONE","seed_source_timestamp":403221617173743,"circlet_count":0,"master_deck":["Defend_G+1","Defend_G+1","Defend_G+1","Defend_G+1","Defend_G+1","Strike_G+1","Strike_G+1","Strike_G+1","Strike_G+1","Strike_G+1","Survivor","Neutralize","Caltrops+1","Caltrops+1","Violence+1","Well Laid Plans","Dagger Spray","PiercingWail","Cloak And Dagger","After Image+1","Leg Sweep","Noxious Fumes+1","Footwork","Venomology","Endless Agony+1","Flying Knee+1","Flying Knee","Acrobatics+1","Riddle With Holes+1","After Image+1","Caltrops","Footwork","Cloak And Dagger","Blade Dance+1"],"relics":["Ring of the Serpent","Art of War","Golden Idol","Pear","Potion Belt","Anchor","Busted Crown","Nilry\u0027s Codex","Bronze Scales","Gremlin Horn","Tiny Chest","Darkstone Periapt","Thread and Needle","The Courier","Question Card","DollysMirror","Turnip","Dream Catcher"],"potions_floor_usage":[16,22,33,37,39,42,47,47,50,50],"damage_taken":[{"damage":0,"enemies":"Cultist","floor":1,"turns":4},{"damage":2,"enemies":"Jaw Worm","floor":4,"turns":6},{"damage":4,"enemies":"2 Louse","floor":7,"turns":2},{"damage":59,"enemies":"Gremlin Nob","floor":10,"turns":5},{"damage":0,"enemies":"Blue Slaver","floor":13,"turns":4},{"damage":0,"enemies":"Looter","floor":14,"turns":4},{"damage":11,"enemies":"Hexaghost","floor":16,"turns":9},{"damage":0,"enemies":"3 Byrds","floor":18,"turns":4},{"damage":1,"enemies":"2 Thieves","floor":22,"turns":4},{"damage":25,"enemies":"3 Cultists","floor":24,"turns":5},{"damage":43,"enemies":"Gremlin Leader","floor":28,"turns":7},{"damage":17,"enemies":"Collector","floor":33,"turns":10},{"damage":0,"enemies":"Orb Walker","floor":35,"turns":4},{"damage":0,"enemies":"3 Shapes","floor":36,"turns":5},{"damage":0,"enemies":"Mind Bloom Boss Battle","floor":37,"turns":8},{"damage":21,"enemies":"Transient","floor":38,"turns":5},{"damage":12,"enemies":"Writhing Mass","floor":39,"turns":7},{"damage":50,"enemies":"Maw","floor":42,"turns":8},{"damage":0,"enemies":"4 Shapes","floor":44,"turns":8},{"damage":0,"enemies":"Jaw Worm Horde","floor":47,"turns":4},{"damage":76,"enemies":"Awakened One","floor":50,"turns":6}],"seed_played":"1837991293858762743","potions_obtained":[{"floor":13,"key":"GamblersBrew"},{"floor":14,"key":"Ancient Potion"},{"floor":16,"key":"GhostInAJar"},{"floor":18,"key":"GamblersBrew"},{"floor":38,"key":"FearPotion"},{"floor":39,"key":"LiquidBronze"},{"floor":42,"key":"Block Potion"}],"is_trial":false,"path_per_floor":["M","?","?","M","$","R","M","R","T","E","?","R","M","M","R","B",null,"M","?","?","$","M","R","M","R","T","R","E","R","?","T","R","B",null,"M","M","?","M","M","R","T","M","T","M","$","R","M","T","R","B"],"character_chosen":"THE_SILENT","items_purchased":["Violence","Bronze Scales","Noxious Fumes","DollysMirror","Caltrops","Footwork","Cloak And Dagger","Turnip"],"campfire_rested":8,"item_purchase_floors":[5,21,21,45,45,45,45,45],"current_hp_per_floor":[70,65,65,63,63,63,59,59,69,10,3,25,25,25,47,36,75,75,59,59,59,58,58,33,55,55,55,12,34,34,34,56,39,75,75,75,75,54,42,64,64,23,23,23,23,45,45,45,67,0],"gold":160,"neow_bonus":"RANDOM_COMMON_RELIC","is_prod":false,"is_daily":false,"chose_seed":false,"campfire_upgraded":4,"win_rate":0,"timestamp":1547354411,"path_taken":["M","?","?","M","$","R","M","R","T","E","?","R","M","M","R","BOSS","M","?","?","$","?","R","M","R","T","R","E","R","?","?","R","BOSS","M","M","?","M","M","R","?","M","T","M","$","R","M","?","R","BOSS"],"build_version":"2019-01-10","purchased_purges":1,"victory":false,"max_hp_per_floor":[70,65,65,65,65,65,65,65,75,75,75,75,75,75,75,75,75,75,75,75,75,75,75,75,75,75,75,75,75,75,75,75,75,75,75,75,75,75,75,75,75,75,75,75,75,75,75,75,75,75],"card_choices":[{"not_picked":["Acrobatics","Bane"],"picked":"Caltrops","floor":1},{"not_picked":["Dagger Spray","PiercingWail"],"picked":"Caltrops","floor":4},{"not_picked":["Reflex","Concentrate"],"picked":"Well Laid Plans","floor":7},{"not_picked":["Crippling Poison","Infinite Blades"],"picked":"Dagger Spray","floor":10},{"not_picked":["Dagger Throw","Deflect"],"picked":"PiercingWail","floor":13},{"not_picked":["Quick Slash","Underhanded Strike"],"picked":"Cloak And Dagger","floor":14},{"not_picked":["Glass Knife","Envenom"],"picked":"After Image","floor":16},{"not_picked":[],"picked":"Leg Sweep","floor":18},{"not_picked":["Bane"],"picked":"SKIP","floor":22},{"not_picked":["Bane"],"picked":"SKIP","floor":24},{"not_picked":[],"picked":"Footwork","floor":28},{"not_picked":[],"picked":"Venomology","floor":33},{"not_picked":[],"picked":"Endless Agony+1","floor":35},{"not_picked":[],"picked":"Flying Knee+1","floor":36},{"not_picked":[],"picked":"Flying Knee","floor":38},{"not_picked":[],"picked":"Acrobatics+1","floor":39},{"not_picked":[],"picked":"Riddle With Holes+1","floor":42},{"not_picked":["Predator","Prepared+1"],"picked":"SKIP","floor":44},{"not_picked":["Slice+1"],"picked":"Blade Dance+1","floor":47}],"player_experience":613162,"relics_obtained":[{"floor":9,"key":"Pear"},{"floor":10,"key":"Potion Belt"},{"floor":19,"key":"Nilry\u0027s Codex"},{"floor":26,"key":"Gremlin Horn"},{"floor":28,"key":"Tiny Chest"},{"floor":31,"key":"Darkstone Periapt"},{"floor":37,"key":"Thread and Needle"},{"floor":41,"key":"The Courier"},{"floor":43,"key":"Question Card"},{"floor":48,"key":"Dream Catcher"}],"event_choices":[{"damage_healed":0,"gold_gain":0,"player_choice":"Lose Max HP","damage_taken":0,"relics_obtained":["Golden Idol"],"max_hp_gain":0,"max_hp_loss":5,"event_name":"Golden Idol","floor":2,"gold_loss":0},{"damage_healed":0,"gold_gain":175,"player_choice":"AGREE","damage_taken":0,"max_hp_gain":0,"max_hp_loss":0,"event_name":"Liars Game","floor":3,"gold_loss":0,"cards_obtained":["Doubt"]},{"damage_healed":0,"gold_gain":0,"player_choice":"Success","damage_taken":7,"relics_obtained":["Anchor"],"max_hp_gain":0,"max_hp_loss":0,"event_name":"Scrap Ooze","floor":11,"gold_loss":0},{"damage_healed":0,"gold_gain":0,"player_choice":"Obtained Book","damage_taken":16,"max_hp_gain":0,"max_hp_loss":0,"event_name":"Cursed Tome","floor":19,"gold_loss":0},{"damage_healed":0,"gold_gain":0,"player_choice":"Upgraded","damage_taken":0,"max_hp_gain":0,"max_hp_loss":0,"event_name":"Upgrade Shrine","floor":20,"gold_loss":0,"cards_upgraded":["Caltrops"]},{"damage_healed":0,"gold_gain":0,"player_choice":"Simplicity","damage_taken":0,"max_hp_gain":0,"max_hp_loss":0,"event_name":"Back to Basics","floor":30,"gold_loss":0,"cards_upgraded":["Defend_G","Defend_G","Defend_G","Defend_G","Defend_G","Strike_G","Strike_G","Strike_G","Strike_G","Strike_G"]},{"damage_healed":0,"gold_gain":0,"player_choice":"Fight","damage_taken":0,"max_hp_gain":0,"max_hp_loss":0,"event_name":"MindBloom","floor":37,"gold_loss":0}],"is_beta":false,"boss_relics":[{"not_picked":["Tiny House","Calling Bell"],"picked":"Busted Crown"},{"not_picked":["Pandora\u0027s Box","Runic Pyramid"],"picked":"Ring of the Serpent"}],"items_purged_floors":[5],"is_endless":false,"potions_floor_spawned":[13,14,16,18,38,39,42],"killed_by":"Awakened One","ascension_level":4}