{"gold_per_floor":[117,117,117,117,43,43,74,94,120,120,132,166,91,111,111,213,213,230,230,243,243,57,57],"floor_reached":23,"playtime":549,"items_purged":["Strike_B","Writhe"],"score":255,"play_id":"9844e9c5-f9dc-48a2-9b36-2b8aa23208f3","local_time":"20190515154400","is_ascension_mode":true,"campfire_choices":[{"data":"Zap","floor":6,"key":"SMITH"},{"data":"Coolheaded","floor":15,"key":"SMITH"}],"neow_cost":"NONE","seed_source_timestamp":430527992498100,"circlet_count":0,"master_deck":["Strike_B","Strike_B","Strike_B","Defend_B","Defend_B","Defend_B","Defend_B","Zap+1","Dualcast","Rebound","Redo","Auto Shields","Gash","Ball Lightning","Barrage","Gash","Coolheaded+1","Compile Driver","Seek","Scrape","Self Repair","Go for the Eyes"],"relics":["Cracked Core","NeowsBlessing","Sundial","Centennial Puzzle","Anchor","StoneCalendar","Bronze Scales","Sozu","Regal Pillow","Prayer Wheel"],"potions_floor_usage":[],"damage_taken":[{"damage":0,"enemies":"Small Slimes","floor":1,"turns":1},{"damage":0,"enemies":"Gremlin Nob","floor":7,"turns":1},{"damage":0,"enemies":"Jaw Worm","floor":8,"turns":1},{"damage":0,"enemies":"Cultist","floor":11,"turns":2},{"damage":20,"enemies":"3 Sentries","floor":12,"turns":5},{"damage":2,"enemies":"Exordium Thugs","floor":14,"turns":3},{"damage":23,"enemies":"Hexaghost","floor":16,"turns":7},{"damage":19,"enemies":"3 Byrds","floor":18,"turns":3},{"damage":12,"enemies":"2 Thieves","floor":20,"turns":3},{"damage":63,"enemies":"Slavers","floor":23,"turns":3}],"seed_played":"-7652155988960901284","potions_obtained":[{"floor":1,"key":"PowerPotion"},{"floor":11,"key":"Weak Potion"},{"floor":12,"key":"SteroidPotion"},{"floor":16,"key":"Fire Potion"}],"is_trial":false,"path_per_floor":["M","?","T","?","$","R","E","M","T","T","M","E","$","M","R","B",null,"M","?","M","?","$","E"],"character_chosen":"DEFECT","items_purchased":["Gash","Ball Lightning","Self Repair","Go for the Eyes"],"campfire_rested":0,"item_purchase_floors":[5,5,22,22],"current_hp_per_floor":[75,80,80,80,80,80,80,80,80,80,80,60,60,58,58,35,80,61,61,49,49,49,0],"gold":57,"neow_bonus":"THREE_ENEMY_KILL","is_prod":false,"is_daily":false,"chose_seed":false,"campfire_upgraded":2,"win_rate":0,"timestamp":1557949440,"path_taken":["M","?","?","?","$","R","E","?","T","?","?","E","$","M","R","BOSS","M","?","M","?","$","E"],"build_version":"2019-01-23","purchased_purges":2,"victory":false,"max_hp_per_floor":[75,80,80,80,80,80,80,80,80,80,80,80,80,80,80,80,80,80,80,80,80,80,80],"card_choices":[{"not_picked":["Skim","Barrage"],"picked":"Rebound","floor":1},{"not_picked":["Redo","Blizzard"],"picked":"Barrage","floor":7},{"not_picked":["Beam Cell","Steam"],"picked":"Gash","floor":8},{"not_picked":["Capacitor","Ball Lightning"],"picked":"Coolheaded","floor":11},{"not_picked":["Reinforced Body","Leap"],"picked":"Compile Driver","floor":12},{"not_picked":["Compile Driver","Coolheaded","Hello World"],"picked":"SKIP","floor":14},{"not_picked":["Amplify","Fission"],"picked":"Seek","floor":16},{"not_picked":["Ball Lightning","Leap"],"picked":"Scrape","floor":18},{"not_picked":["Ball Lightning","Loop"],"picked":"Conserve Battery","floor":20}],"player_experience":182508,"relics_obtained":[{"floor":3,"key":"Sundial"},{"floor":7,"key":"Centennial Puzzle"},{"floor":9,"key":"Anchor"},{"floor":10,"key":"StoneCalendar"},{"floor":12,"key":"Bronze Scales"}],"event_choices":[{"damage_healed":0,"gold_gain":0,"player_choice":"Donut","damage_taken":0,"max_hp_gain":5,"max_hp_loss":0,"event_name":"Big Fish","floor":2,"gold_loss":0},{"damage_healed":0,"gold_gain":0,"player_choice":"2 cards matched","damage_taken":0,"max_hp_gain":0,"max_hp_loss":0,"event_name":"Match and Keep!","floor":4,"gold_loss":0,"cards_obtained":["Redo","Auto Shields"]},{"damage_healed":0,"gold_gain":0,"player_choice":"Opened","damage_taken":0,"relics_obtained":["Regal Pillow"],"max_hp_gain":0,"max_hp_loss":0,"event_name":"The Mausoleum","floor":19,"gold_loss":0,"cards_obtained":["Writhe"]},{"cards_removed":["Conserve Battery"],"damage_healed":0,"gold_gain":0,"player_choice":"Gave Card","damage_taken":0,"relics_obtained":["Prayer Wheel"],"max_hp_gain":0,"max_hp_loss":0,"event_name":"WeMeetAgain","floor":21,"gold_loss":0}],"is_beta":false,"boss_relics":[{"not_picked":["Orrery","Philosopher\u0027s Stone"],"picked":"Sozu"}],"items_purged_floors":[13,22],"is_endless":false,"potions_floor_spawned":[1,11,12,16,20],"killed_by":"Slavers","ascension_level":3}