{"gold_per_floor":[110,110,110,127,140,172,172,207,207,226,226,240,275,292,292,389,389,407,407,4,24,24,24,50,76,129,141,141,169,186,196,196,294,294,311,46,92,92,314,349,349,359,385,412,42,70,70,88,88,88,88,88,7,40,40],"floor_reached":56,"playtime":3121,"items_purged":["Strike_G","Writhe"],"score":1555,"play_id":"881c21c6-4ae5-4b84-8f32-39559d292f85","local_time":"20190321160147","is_ascension_mode":true,"campfire_choices":[{"data":"Neutralize","floor":7,"key":"SMITH"},{"data":"Crippling Poison","floor":15,"key":"SMITH"},{"data":"Noxious Fumes","floor":23,"key":"SMITH"},{"data":"Bouncing Flask","floor":28,"key":"SMITH"},{"data":"Corpse Explosion","floor":32,"key":"SMITH"},{"floor":49,"key":"RECALL"},{"data":"Footwork","floor":52,"key":"SMITH"}],"neow_cost":"NONE","seed_source_timestamp":851533062465939,"circlet_count":0,"master_deck":["Defend_G","Defend_G","Defend_G","Defend_G","Defend_G","Strike_G","Strike_G","Strike_G","Survivor","Neutralize+1","Dagger Spray","Predator","PiercingWail+1","Crippling Poison+1","Corpse Explosion+1","Poisoned Stab","Bane","PiercingWail","Die Die Die","Catalyst+1","Noxious Fumes+1","Acrobatics","Masterful Stab","Flying Knee+1","Bouncing Flask+1","Acrobatics+1","Malaise","Deadly Poison+1","Master of Strategy","Deflect","Writhe","Good Instincts","Bandage Up","Finesse","Backflip+1","Prepared","Footwork+1","Sucker Punch","Deadly Poison","Dodge and Roll","Distraction+1"],"relics":["Ring of the Snake","NeowsBlessing","Ancient Tea Set","Gambling Chip","Pen Nib","Ninja Scroll","Bag of Marbles","Coffee Dripper","Juzu Bracelet","Art of War","Bronze Scales","Red Mask","Happy Flower","PreservedInsect","White Beast Statue","Calipers","Bag of Preparation","Omamori","Paper Crane","War Paint","Oddly Smooth Stone"],"potions_floor_usage":[6,8,16,27,29,33,33,33,37,44,44,54,55,55,55],"damage_taken":[{"damage":0,"enemies":"Jaw Worm","floor":1,"turns":1},{"damage":0,"enemies":"Cultist","floor":4,"turns":1},{"damage":0,"enemies":"Small Slimes","floor":5,"turns":1},{"damage":14,"enemies":"3 Sentries","floor":6,"turns":6},{"damage":3,"enemies":"Lagavulin","floor":8,"turns":7},{"damage":1,"enemies":"Red Slaver","floor":10,"turns":3},{"damage":0,"enemies":"Lots of Slimes","floor":12,"turns":1},{"damage":9,"enemies":"3 Sentries","floor":13,"turns":2},{"damage":0,"enemies":"Blue Slaver","floor":14,"turns":1},{"damage":0,"enemies":"Slime Boss","floor":16,"turns":5},{"damage":0,"enemies":"3 Byrds","floor":18,"turns":2},{"damage":0,"enemies":"Shell Parasite","floor":21,"turns":3},{"damage":0,"enemies":"Masked Bandits","floor":25,"turns":1},{"damage":0,"enemies":"Snake Plant","floor":27,"turns":3},{"damage":0,"enemies":"Book of Stabbing","floor":29,"turns":3},{"damage":0,"enemies":"Snecko","floor":30,"turns":2},{"damage":0,"enemies":"Cultist and Chosen","floor":31,"turns":3},{"damage":0,"enemies":"Champ","floor":33,"turns":7},{"damage":0,"enemies":"Orb Walker","floor":35,"turns":1},{"damage":18,"enemies":"2 Orb Walkers","floor":37,"turns":4},{"damage":3,"enemies":"Nemesis","floor":40,"turns":3},{"damage":0,"enemies":"3 Shapes","floor":42,"turns":4},{"damage":45,"enemies":"Reptomancer","floor":44,"turns":5},{"damage":0,"enemies":"Giant Head","floor":46,"turns":6},{"damage":0,"enemies":"Maw","floor":48,"turns":6},{"damage":28,"enemies":"Awakened One","floor":50,"turns":13},{"damage":0,"enemies":"Shield and Spear","floor":54,"turns":5},{"damage":57,"enemies":"The Heart","floor":55,"turns":9}],"seed_played":"6290539567415230747","potions_obtained":[{"floor":4,"key":"PowerPotion"},{"floor":5,"key":"Strength Potion"},{"floor":6,"key":"Fire Potion"},{"floor":13,"key":"Dexterity Potion"},{"floor":21,"key":"FearPotion"},{"floor":27,"key":"GhostInAJar"},{"floor":29,"key":"Fruit Juice"},{"floor":30,"key":"GhostInAJar"},{"floor":33,"key":"FearPotion"},{"floor":35,"key":"Swift Potion"},{"floor":37,"key":"Fruit Juice"},{"floor":40,"key":"PowerPotion"},{"floor":44,"key":"Strength Potion"},{"floor":46,"key":"LiquidBronze"},{"floor":48,"key":"Energy Potion"},{"floor":54,"key":"Weak Potion"}],"is_trial":false,"path_per_floor":["M","?","?","M","M","E","R","E","T","M","?","M","E","M","R","B",null,"M","?","$","M","?","R","T","?","T","M","R","E","M","M","R","B",null,"M","$","?","?","?","E","?","M","T","E","$","E","?","M","R","B",null,"R","$","E","B",null],"character_chosen":"THE_SILENT","items_purchased":["Block Potion","Juzu Bracelet","Acrobatics","Masterful Stab","Master of Strategy","Footwork","Paper Crane","PowerPotion","Deadly Poison","Dodge and Roll"],"campfire_rested":0,"item_purchase_floors":[20,20,20,20,36,45,45,45,53,53],"current_hp_per_floor":[70,70,70,70,70,56,56,53,53,52,52,52,43,43,43,43,70,70,70,70,70,70,70,70,70,70,70,70,75,75,75,75,75,75,75,75,62,80,80,77,67,71,71,30,30,34,80,80,80,56,80,80,80,80,27],"gold":40,"neow_bonus":"THREE_ENEMY_KILL","is_prod":false,"is_daily":false,"chose_seed":false,"campfire_upgraded":6,"win_rate":0,"timestamp":1553198507,"path_taken":["M","?","?","M","?","E","R","E","T","M","?","?","E","?","R","BOSS","M","?","$","M","?","R","?","?","T","M","R","E","M","M","R","BOSS","M","$","?","?","?","E","?","M","T","E","?","E","?","M","R","BOSS","R","$","E","BOSS"],"build_version":"2019-03-15","purchased_purges":2,"victory":true,"max_hp_per_floor":[70,70,70,70,70,70,70,70,70,70,70,70,70,70,70,70,70,70,70,70,70,70,70,70,70,70,70,70,75,75,75,75,75,75,75,75,80,80,80,80,80,80,80,80,80,80,80,80,80,80,80,80,80,80,80],"card_choices":[{"not_picked":["Prepared","Sucker Punch"],"picked":"Dagger Spray","floor":1},{"not_picked":["Blur","Caltrops"],"picked":"Predator","floor":4},{"not_picked":["Dodge and Roll","Dagger Throw"],"picked":"PiercingWail","floor":5},{"not_picked":["Tactician","Distraction"],"picked":"Crippling Poison","floor":6},{"not_picked":["Sucker Punch","Distraction"],"picked":"Corpse Explosion","floor":8},{"not_picked":["Accuracy","Crippling Poison","Slice"],"picked":"SKIP","floor":10},{"not_picked":["Backflip","Terror"],"picked":"Poisoned Stab","floor":12},{"not_picked":["Slice","Phantasmal Killer"],"picked":"Bane","floor":13},{"not_picked":["Flying Knee","Dodge and Roll"],"picked":"PiercingWail","floor":14},{"not_picked":["Unload","Bullet Time"],"picked":"Die Die Die","floor":16},{"not_picked":["Cloak And Dagger","Bane"],"picked":"Catalyst+1","floor":18},{"not_picked":["Distraction","Dagger Throw"],"picked":"Flying Knee+1","floor":21},{"not_picked":["Reflex","Caltrops"],"picked":"Bouncing Flask","floor":27},{"not_picked":["Noxious Fumes","Finisher+1","Dagger Spray"],"picked":"SKIP","floor":29},{"not_picked":["Terror","Flechettes+1"],"picked":"Acrobatics","floor":30},{"not_picked":["Blade Dance","Heel Hook+1","Skewer+1"],"picked":"SKIP","floor":31},{"not_picked":["Venomology","A Thousand Cuts"],"picked":"Malaise","floor":33},{"not_picked":["Choke","Terror"],"picked":"Deadly Poison+1","floor":35},{"not_picked":["Setup","Deadly Poison+1"],"picked":"Deflect","floor":37},{"not_picked":["Slice","Acrobatics","Calculated Gamble"],"picked":"SKIP","floor":40},{"not_picked":["Bandage Up","Panache"],"picked":"Good Instincts","floor":41},{"not_picked":["Jack Of All Trades","Violence"],"picked":"Bandage Up","floor":41},{"not_picked":["Magnetism","Flash of Steel"],"picked":"Finesse","floor":41},{"not_picked":["PiercingWail","Deadly Poison+1"],"picked":"Backflip+1","floor":42},{"not_picked":["Night Terror","Cloak And Dagger+1"],"picked":"Prepared","floor":44},{"not_picked":["Poisoned Stab","Dagger Spray+1"],"picked":"Sucker Punch","floor":46},{"not_picked":["Dodge and Roll","Night Terror","Calculated Gamble+1"],"picked":"SKIP","floor":48},{"not_picked":["Quick Slash+1","PiercingWail"],"picked":"Distraction+1","floor":54}],"player_experience":4964991,"relics_obtained":[{"floor":6,"key":"Gambling Chip"},{"floor":8,"key":"Pen Nib"},{"floor":9,"key":"Ninja Scroll"},{"floor":13,"key":"Bag of Marbles"},{"floor":24,"key":"Bronze Scales"},{"floor":25,"key":"Red Mask"},{"floor":26,"key":"Happy Flower"},{"floor":29,"key":"PreservedInsect"},{"floor":37,"key":"Calipers"},{"floor":40,"key":"Bag of Preparation"},{"floor":44,"key":"Omamori"},{"floor":46,"key":"War Paint"},{"floor":54,"key":"Oddly Smooth Stone"}],"event_choices":[{"damage_healed":0,"gold_gain":0,"player_choice":"Box","damage_taken":0,"relics_obtained":["Ancient Tea Set"],"max_hp_gain":0,"max_hp_loss":0,"event_name":"Big Fish","floor":2,"gold_loss":0,"cards_obtained":["Regret"]},{"cards_removed":["Regret"],"damage_healed":0,"gold_gain":0,"player_choice":"Removed Curses","damage_taken":0,"max_hp_gain":0,"max_hp_loss":0,"event_name":"Fountain of Cleansing","floor":3,"gold_loss":0},{"cards_removed":["Strike_G"],"damage_healed":0,"gold_gain":0,"player_choice":"Offered Basic","damage_taken":0,"max_hp_gain":0,"max_hp_loss":0,"event_name":"Bonfire Elementals","floor":11,"gold_loss":0},{"damage_healed":0,"gold_gain":0,"player_choice":"Read","damage_taken":0,"max_hp_gain":0,"max_hp_loss":0,"event_name":"The Library","floor":19,"gold_loss":0,"cards_obtained":["Noxious Fumes"]},{"damage_healed":0,"gold_gain":0,"player_choice":"Opened","damage_taken":0,"relics_obtained":["Art of War"],"max_hp_gain":0,"max_hp_loss":0,"event_name":"The Mausoleum","floor":22,"gold_loss":0,"cards_obtained":["Writhe"]},{"damage_healed":0,"gold_gain":0,"player_choice":"Fought Bandits","damage_taken":0,"max_hp_gain":0,"max_hp_loss":0,"event_name":"Masked Bandits","floor":25,"gold_loss":0},{"damage_healed":0,"gold_gain":0,"player_choice":"Fight","damage_taken":0,"max_hp_gain":0,"max_hp_loss":0,"event_name":"Mysterious Sphere","floor":37,"gold_loss":0},{"damage_healed":20,"gold_gain":0,"player_choice":"Writhe","damage_taken":0,"max_hp_gain":0,"max_hp_loss":0,"event_name":"Winding Halls","floor":38,"gold_loss":0,"cards_obtained":["Writhe"]},{"damage_healed":0,"gold_gain":222,"player_choice":"Wore Mask","damage_taken":0,"max_hp_gain":0,"max_hp_loss":0,"event_name":"Tomb of Lord Red Mask","floor":39,"gold_loss":0},{"damage_healed":0,"gold_gain":0,"player_choice":"Memory 3","damage_taken":10,"max_hp_gain":0,"max_hp_loss":0,"event_name":"SensoryStone","floor":41,"gold_loss":0},{"damage_healed":46,"gold_gain":0,"player_choice":"Heal","damage_taken":0,"max_hp_gain":0,"max_hp_loss":0,"event_name":"MindBloom","floor":47,"gold_loss":0,"cards_obtained":["Doubt"]}],"is_beta":true,"boss_relics":[{"not_picked":["Philosopher\u0027s Stone","Runic Pyramid"],"picked":"Coffee Dripper"},{"not_picked":["WristBlade","Busted Crown"],"picked":"White Beast Statue"}],"items_purged_floors":[20,36],"is_endless":false,"potions_floor_spawned":[4,5,6,13,21,27,29,30,33,35,37,40,42,44,46,48,54],"ascension_level":1}