{"gold_per_floor":[118,135,147,112,112,112,140,167,167,167,193,193,193,203,203,300,350,364,379,393,119,119],"floor_reached":22,"playtime":555,"items_purged":[],"score":281,"play_id":"918dc290-d67d-4d75-b0ab-09e4e7695a0b","local_time":"20190213020222","is_ascension_mode":true,"campfire_choices":[{"data":"Ball Lightning","floor":6,"key":"SMITH"},{"data":"Ball Lightning","floor":10,"key":"SMITH"},{"data":"Loop","floor":12,"key":"SMITH"},{"floor":15,"key":"REST"}],"neow_cost":"NONE","seed_source_timestamp":633203891580718,"circlet_count":0,"master_deck":["Strike_B","Strike_B","Strike_B","Strike_B","Defend_B","Defend_B+1","Defend_B","Defend_B","Zap+1","Dualcast","Ball Lightning+1","Electrodynamics+1","Steam Power","Loop+1","Ball Lightning+1","Creative AI","Steam","Leap+1","Defragment+1","Steam","Turbo"],"relics":["Cracked Core","NeowsBlessing","Symbiotic Virus","Odd Mushroom","Gremlin Horn","Blood Vial","CultistMask","Tiny House","Bottled Tornado"],"potions_floor_usage":[11,16,19],"damage_taken":[{"damage":0,"enemies":"Jaw Worm","floor":1,"turns":1},{"damage":0,"enemies":"Small Slimes","floor":2,"turns":1},{"damage":0,"enemies":"Cultist","floor":3,"turns":1},{"damage":10,"enemies":"3 Sentries","floor":7,"turns":2},{"damage":0,"enemies":"The Mushroom Lair","floor":8,"turns":2},{"damage":22,"enemies":"Lagavulin","floor":11,"turns":4},{"damage":2,"enemies":"Lots of Slimes","floor":14,"turns":2},{"damage":37,"enemies":"The Guardian","floor":16,"turns":10},{"damage":16,"enemies":"2 Thieves","floor":18,"turns":2},{"damage":6,"enemies":"3 Byrds","floor":19,"turns":2},{"damage":32,"enemies":"Snake Plant","floor":20,"turns":4},{"damage":21,"enemies":"Cultist and Chosen","floor":22,"turns":4}],"seed_played":"8076291742676527655","potions_obtained":[{"floor":2,"key":"Weak Potion"},{"floor":8,"key":"Strength Potion"},{"floor":11,"key":"Poison Potion"},{"floor":14,"key":"SkillPotion"},{"floor":16,"key":"SpeedPotion"},{"floor":17,"key":"GamblersBrew"},{"floor":19,"key":"GamblersBrew"},{"floor":20,"key":"FocusPotion"}],"is_trial":false,"path_per_floor":["M","M","M","?","?","R","E","?","T","R","E","R","?","M","R","B",null,"M","M","M","$","M"],"character_chosen":"DEFECT","items_purchased":["Bottled Tornado","Turbo"],"campfire_rested":1,"item_purchase_floors":[21,21],"current_hp_per_floor":[68,68,68,75,60,60,50,50,50,50,28,28,28,28,50,15,65,51,47,17,17,0],"gold":119,"neow_bonus":"THREE_ENEMY_KILL","is_prod":false,"is_daily":false,"chose_seed":false,"campfire_upgraded":3,"win_rate":0,"timestamp":1550034142,"path_taken":["M","M","M","?","?","R","E","?","T","R","E","R","?","M","R","BOSS","M","M","M","$","M"],"build_version":"2019-01-23","purchased_purges":0,"victory":false,"max_hp_per_floor":[75,75,75,75,75,75,75,75,75,75,75,75,75,75,75,75,80,80,80,80,80,80],"card_choices":[{"not_picked":["Rebound","Cold Snap"],"picked":"Ball Lightning","floor":1},{"not_picked":["Beam Cell","Hello World"],"picked":"Electrodynamics","floor":2},{"not_picked":["Chaos","Leap"],"picked":"Steam Power","floor":3},{"not_picked":["BootSequence","Glacier"],"picked":"Loop","floor":7},{"not_picked":["Doom and Gloom","Conserve Battery"],"picked":"Ball Lightning","floor":8},{"not_picked":["Streamline","Redo","Aggregate"],"picked":"SKIP","floor":11},{"not_picked":["Gash","Cold Snap","Ball Lightning"],"picked":"SKIP","floor":14},{"not_picked":["Biased Cognition","Seek"],"picked":"Creative AI","floor":16},{"not_picked":["Go for the Eyes","Lockon"],"picked":"Steam","floor":17},{"not_picked":["Force Field+1","Stack+1"],"picked":"Leap+1","floor":18},{"not_picked":["Fusion","Hologram"],"picked":"Defragment+1","floor":19},{"not_picked":["Rebound+1","Stack"],"picked":"Steam","floor":20}],"player_experience":761360,"relics_obtained":[{"floor":7,"key":"Symbiotic Virus"},{"floor":8,"key":"Odd Mushroom"},{"floor":9,"key":"Gremlin Horn"},{"floor":11,"key":"Blood Vial"}],"event_choices":[{"damage_healed":18,"gold_gain":0,"player_choice":"Healed","damage_taken":0,"max_hp_gain":0,"max_hp_loss":0,"event_name":"The Cleric","floor":4,"gold_loss":35},{"damage_healed":0,"gold_gain":0,"player_choice":"Entered Light","damage_taken":15,"max_hp_gain":0,"max_hp_loss":0,"event_name":"Shining Light","floor":5,"gold_loss":0,"cards_upgraded":["Defend_B","Electrodynamics"]},{"damage_healed":0,"gold_gain":0,"player_choice":"Fought Mushrooms","damage_taken":0,"max_hp_gain":0,"max_hp_loss":0,"event_name":"Mushrooms","floor":8,"gold_loss":0},{"damage_healed":0,"gold_gain":0,"player_choice":"Trade","damage_taken":0,"relics_obtained":["CultistMask"],"max_hp_gain":0,"max_hp_loss":0,"event_name":"FaceTrader","floor":13,"gold_loss":0}],"is_beta":false,"boss_relics":[{"not_picked":["Lizard Tail","FrozenCore"],"picked":"Tiny House"}],"items_purged_floors":[],"is_endless":false,"potions_floor_spawned":[2,8,11,14,16,19,20],"killed_by":"Cultist and Chosen","ascension_level":9}