{"gold_per_floor":[119,119,194,144,144,144,175,175,175,14,33,61,72,104,104,199,199,218,232,242,252,7,40,54,85,85,85,114,134,55,74,74,178,178,191,204,204,221,237,268,268,302,327,327,346,373,421,421,421,421,421,421,39,67,67],"floor_reached":55,"playtime":3234,"items_purged":["Strike_R","Armaments"],"score":954,"play_id":"c2b422de-5e30-4995-a0aa-77d4c4e4ad0d","local_time":"20190407092757","is_ascension_mode":true,"campfire_choices":[{"data":"Evolve","floor":6,"key":"SMITH"},{"data":"Shockwave","floor":15,"key":"SMITH"},{"floor":32,"key":"REST"},{"floor":41,"key":"REST"},{"floor":44,"key":"REST"},{"floor":49,"key":"RECALL"},{"floor":52,"key":"REST"}],"neow_cost":"NONE","seed_source_timestamp":2296626684278973,"circlet_count":0,"master_deck":["Strike_R","Strike_R","Strike_R","Defend_R","Defend_R","Defend_R","Defend_R","Bash+1","Evolve+1","Spot Weakness","Power Through","Reckless Charge","Spot Weakness","Shockwave+1","Iron Wave","Impervious","Feel No Pain","Armaments+1","Uppercut","Rupture","Seeing Red+1","Cleave+1","Whirlwind+1","Shrug It Off","Second Wind","Iron Wave+1","Pummel+1","Headbutt+1","Immolate+1","Pommel Strike+1","Shrug It Off+1","Thinking Ahead","Secret Technique","Master of Strategy","Ghostly Armor+1","Dropkick+1","Sword Boomerang+1","Hemokinesis+1","Iron Wave+1","Combust","Inflame","Impervious","Thinking Ahead","Exhume"],"relics":["Burning Blood","NeowsBlessing","Ancient Tea Set","Shuriken","Happy Flower","Omamori","Potion Belt","Sozu","Molten Egg 2","The Courier","Self Forming Clay","Pen Nib","Fusion Hammer","Bag of Marbles","Regal Pillow","Bottled Lightning","Nunchaku","Orichalcum"],"potions_floor_usage":[14,16,16,25,55],"damage_taken":[{"damage":0,"enemies":"Cultist","floor":1,"turns":1},{"damage":0,"enemies":"Gremlin Nob","floor":7,"turns":1},{"damage":0,"enemies":"Jaw Worm","floor":11,"turns":1},{"damage":13,"enemies":"Lagavulin","floor":12,"turns":5},{"damage":3,"enemies":"Small Slimes","floor":13,"turns":4},{"damage":15,"enemies":"Gremlin Nob","floor":14,"turns":3},{"damage":0,"enemies":"Slime Boss","floor":16,"turns":5},{"damage":18,"enemies":"3 Byrds","floor":18,"turns":6},{"damage":2,"enemies":"Shell Parasite","floor":19,"turns":4},{"damage":5,"enemies":"Centurion and Healer","floor":20,"turns":6},{"damage":0,"enemies":"Snecko","floor":21,"turns":6},{"damage":16,"enemies":"Book of Stabbing","floor":23,"turns":5},{"damage":14,"enemies":"Snake Plant","floor":24,"turns":6},{"damage":40,"enemies":"Slavers","floor":25,"turns":6},{"damage":8,"enemies":"Book of Stabbing","floor":28,"turns":6},{"damage":0,"enemies":"Cultist and Chosen","floor":29,"turns":5},{"damage":0,"enemies":"3 Cultists","floor":31,"turns":2},{"damage":44,"enemies":"Automaton","floor":33,"turns":8},{"damage":8,"enemies":"3 Darklings","floor":35,"turns":6},{"damage":0,"enemies":"3 Shapes","floor":36,"turns":3},{"damage":20,"enemies":"Spire Growth","floor":38,"turns":4},{"damage":12,"enemies":"Writhing Mass","floor":39,"turns":5},{"damage":18,"enemies":"Giant Head","floor":40,"turns":8},{"damage":39,"enemies":"Nemesis","floor":42,"turns":5},{"damage":8,"enemies":"3 Darklings","floor":45,"turns":3},{"damage":0,"enemies":"Reptomancer","floor":46,"turns":5},{"damage":1,"enemies":"2 Orb Walkers","floor":47,"turns":2},{"damage":27,"enemies":"Donu and Deca","floor":50,"turns":8},{"damage":30,"enemies":"Shield and Spear","floor":54,"turns":5},{"damage":58,"enemies":"The Heart","floor":55,"turns":3}],"seed_played":"1406962513536540594","potions_obtained":[{"floor":7,"key":"Dexterity Potion"},{"floor":12,"key":"Fire Potion"},{"floor":14,"key":"AttackPotion"},{"floor":16,"key":"Energy Potion"}],"is_trial":false,"path_per_floor":["M","T","?","?","?","R","E","?","T","$","M","E","M","E","R","B",null,"M","M","M","M","$","E","M","E","T","?","E","M","$","M","R","B",null,"M","M","?","M","M","E","R","E","T","R","M","E","?","?","R","B",null,"R","$","E","B"],"character_chosen":"IRONCLAD","items_purchased":["Reckless Charge","PowerPotion","Uppercut","Rupture","Iron Wave+1","Pummel+1","Combust","Inflame","Impervious","Thinking Ahead"],"campfire_rested":4,"item_purchase_floors":[10,10,22,22,30,30,53,53,53,53],"current_hp_per_floor":[80,80,69,69,69,69,75,75,75,75,80,73,76,67,67,73,80,68,72,73,79,79,69,61,27,27,27,25,31,31,37,61,23,80,78,80,70,56,50,38,62,29,29,68,66,72,77,77,77,56,80,80,80,56,0],"gold":67,"neow_bonus":"THREE_ENEMY_KILL","is_prod":false,"is_daily":false,"chose_seed":false,"campfire_upgraded":2,"win_rate":0,"timestamp":1554643677,"path_taken":["M","?","?","?","?","R","E","?","T","$","M","E","M","E","R","BOSS","M","M","M","M","$","E","M","E","T","?","E","?","?","M","R","BOSS","M","M","?","M","M","E","R","E","T","R","M","E","?","?","R","BOSS","R","$","E","BOSS"],"build_version":"2019-04-04","purchased_purges":2,"victory":false,"max_hp_per_floor":[80,80,80,80,80,80,80,80,80,80,80,80,80,80,80,80,80,80,80,80,80,80,80,80,80,80,80,80,80,80,80,80,80,80,80,80,80,80,80,80,80,80,80,80,80,80,80,80,80,80,80,80,80,80,80],"card_choices":[{"not_picked":["Armaments","Warcry"],"picked":"Evolve","floor":1},{"not_picked":["Headbutt","Heavy Blade"],"picked":"Spot Weakness","floor":7},{"not_picked":["Carnage","True Grit"],"picked":"Spot Weakness","floor":11},{"not_picked":["Clothesline","Evolve"],"picked":"Shockwave","floor":12},{"not_picked":["Second Wind","Entrench"],"picked":"Reckless Charge","floor":13},{"not_picked":["Clash","Shrug It Off"],"picked":"Iron Wave","floor":14},{"not_picked":["Dark Embrace","Demon Form"],"picked":"Impervious","floor":16},{"not_picked":["Havoc","Ghostly Armor"],"picked":"Armaments","floor":18},{"not_picked":["Flex","Reckless Charge","Clash"],"picked":"SKIP","floor":19},{"not_picked":["Burning Pact","Second Wind+1"],"picked":"Feel No Pain","floor":20},{"not_picked":["Clash","Cleave"],"picked":"Armaments+1","floor":21},{"not_picked":["Fire Breathing+1","Evolve"],"picked":"Seeing Red+1","floor":23},{"not_picked":["Thunderclap+1","Anger+1"],"picked":"Cleave+1","floor":24},{"not_picked":["Dark Embrace","Pommel Strike+1"],"picked":"Whirlwind+1","floor":25},{"not_picked":["Second Wind","Thunderclap+1"],"picked":"Shrug It Off","floor":28},{"not_picked":["Armaments","Iron Wave+1"],"picked":"Second Wind","floor":29},{"not_picked":["Perfected Strike+1","Whirlwind+1"],"picked":"Headbutt+1","floor":31},{"not_picked":["Feed+1","Berserk"],"picked":"Immolate+1","floor":33},{"not_picked":["Headbutt+1","Thunderclap+1"],"picked":"Pommel Strike+1","floor":35},{"not_picked":["Carnage+1","Clothesline+1"],"picked":"Shrug It Off+1","floor":36},{"not_picked":["Swift Strike+1","Enlightenment"],"picked":"Thinking Ahead","floor":37},{"not_picked":["Chrysalis","Swift Strike+1"],"picked":"Secret Technique","floor":37},{"not_picked":["Thinking Ahead","Bandage Up"],"picked":"Master of Strategy","floor":37},{"not_picked":["Sentinel+1","Flex","Intimidate"],"picked":"SKIP","floor":38},{"not_picked":["Bloodletting","Wild Strike+1"],"picked":"Ghostly Armor+1","floor":39},{"not_picked":["Twin Strike+1","Thunderclap+1","Anger+1"],"picked":"SKIP","floor":40},{"not_picked":["Heavy Blade+1","Bludgeon+1"],"picked":"Dropkick+1","floor":42},{"not_picked":["Perfected Strike+1","Warcry+1"],"picked":"Sword Boomerang+1","floor":45},{"not_picked":["Bludgeon+1","Ghostly Armor+1"],"picked":"Hemokinesis+1","floor":46},{"not_picked":["Metallicize","Heavy Blade+1"],"picked":"Iron Wave+1","floor":47},{"not_picked":["Entrench+1","Whirlwind+1"],"picked":"Exhume","floor":54}],"player_experience":5194265,"relics_obtained":[{"floor":2,"key":"Ancient Tea Set"},{"floor":7,"key":"Shuriken"},{"floor":9,"key":"Happy Flower"},{"floor":12,"key":"Omamori"},{"floor":14,"key":"Potion Belt"},{"floor":23,"key":"Molten Egg 2"},{"floor":25,"key":"The Courier"},{"floor":26,"key":"Self Forming Clay"},{"floor":28,"key":"Pen Nib"},{"floor":40,"key":"Bag of Marbles"},{"floor":42,"key":"Regal Pillow"},{"floor":46,"key":"Bottled Lightning"},{"floor":47,"key":"Nunchaku"},{"floor":54,"key":"Orichalcum"}],"event_choices":[{"damage_healed":0,"gold_gain":75,"player_choice":"Gather Gold","damage_taken":11,"max_hp_gain":0,"max_hp_loss":0,"event_name":"World of Goop","floor":3,"gold_loss":0},{"cards_removed":["Strike_R"],"damage_healed":0,"gold_gain":0,"player_choice":"Card Removal","damage_taken":0,"max_hp_gain":0,"max_hp_loss":0,"event_name":"The Cleric","floor":4,"gold_loss":50},{"damage_healed":0,"gold_gain":0,"player_choice":"Grow","damage_taken":0,"max_hp_gain":0,"max_hp_loss":0,"event_name":"Living Wall","floor":5,"gold_loss":0,"cards_upgraded":["Bash"]},{"damage_healed":0,"gold_gain":0,"player_choice":"1 cards matched","damage_taken":0,"max_hp_gain":0,"max_hp_loss":0,"event_name":"Match and Keep!","floor":8,"gold_loss":0,"cards_obtained":["Power Through"]},{"damage_healed":0,"gold_gain":0,"player_choice":"Got Potions","damage_taken":0,"max_hp_gain":0,"max_hp_loss":0,"event_name":"Lab","floor":27,"gold_loss":0},{"damage_healed":0,"gold_gain":0,"player_choice":"Memory 3","damage_taken":10,"max_hp_gain":0,"max_hp_loss":0,"event_name":"SensoryStone","floor":37,"gold_loss":0},{"damage_healed":0,"gold_gain":0,"player_choice":"Fight","damage_taken":0,"max_hp_gain":0,"max_hp_loss":0,"event_name":"Mysterious Sphere","floor":47,"gold_loss":0},{"cards_removed":["Reckless Charge"],"damage_healed":0,"gold_gain":0,"player_choice":"Removed Attack","damage_taken":0,"max_hp_gain":0,"max_hp_loss":0,"event_name":"Falling","floor":48,"gold_loss":0}],"is_beta":true,"boss_relics":[{"not_picked":["Snecko Eye","Black Star"],"picked":"Sozu"},{"not_picked":["Tiny House","Runic Pyramid"],"picked":"Fusion Hammer"}],"items_purged_floors":[10,22],"is_endless":false,"potions_floor_spawned":[7,12,14,16,21,23,25,28,40,45,46,54],"killed_by":"The Heart","ascension_level":1}