{"gold_per_floor":[118,34,184,1,51,85,95,128,151,151],"floor_reached":10,"playtime":350,"items_purged":["Doubt"],"score":193,"play_id":"501a3dc3-b16e-4942-9415-cbbdcb634398","local_time":"20190305120812","is_ascension_mode":true,"campfire_choices":[],"neow_cost":"NONE","seed_source_timestamp":472117028264637,"circlet_count":0,"master_deck":["AscendersBane","Defend_G","Defend_G","Defend_G","Defend_G","Defend_G","Strike_G","Strike_G","Strike_G","Strike_G","Strike_G","Survivor","Neutralize","Endless Agony","Adrenaline","Well Laid Plans","Poisoned Stab","Night Terror","Acrobatics","Predator"],"relics":["Ring of the Snake","NeowsBlessing","Potion Belt","Lantern","Snake Skull"],"potions_floor_usage":[8,8],"damage_taken":[{"damage":0,"enemies":"Cultist","floor":1,"turns":1},{"damage":0,"enemies":"3 Sentries","floor":6,"turns":2},{"damage":0,"enemies":"Jaw Worm","floor":7,"turns":1},{"damage":52,"enemies":"Lagavulin","floor":8,"turns":9},{"damage":28,"enemies":"Gremlin Nob","floor":10,"turns":3}],"seed_played":"-515592594112202524","potions_obtained":[{"floor":1,"key":"Strength Potion"},{"floor":6,"key":"SteroidPotion"}],"is_trial":false,"path_per_floor":["M","$","?","$","?","E","M","E","T","E"],"character_chosen":"THE_SILENT","items_purchased":["Adrenaline","Well Laid Plans","Poisoned Stab"],"campfire_rested":0,"item_purchase_floors":[2,4,4],"current_hp_per_floor":[59,59,59,59,53,53,53,1,1,0],"gold":151,"neow_bonus":"THREE_ENEMY_KILL","is_prod":false,"is_daily":false,"chose_seed":false,"campfire_upgraded":0,"win_rate":0,"timestamp":1551787692,"path_taken":["M","$","?","$","?","E","M","E","T","E"],"build_version":"2019-02-06","purchased_purges":1,"victory":false,"max_hp_per_floor":[66,66,66,66,66,66,66,66,66,66],"card_choices":[{"not_picked":["Setup","Flechettes"],"picked":"Endless Agony","floor":1},{"not_picked":["Well Laid Plans","Underhanded Strike"],"picked":"Night Terror","floor":6},{"not_picked":["Outmaneuver","Deflect"],"picked":"Acrobatics","floor":7},{"not_picked":["Backflip","Flechettes"],"picked":"Predator","floor":8}],"player_experience":1017805,"relics_obtained":[{"floor":6,"key":"Potion Belt"},{"floor":8,"key":"Lantern"},{"floor":9,"key":"Snake Skull"}],"event_choices":[{"damage_healed":0,"gold_gain":150,"player_choice":"AGREE","damage_taken":0,"max_hp_gain":0,"max_hp_loss":0,"event_name":"Liars Game","floor":3,"gold_loss":0,"cards_obtained":["Doubt"]},{"damage_healed":0,"gold_gain":50,"player_choice":"Touch","damage_taken":6,"max_hp_gain":0,"max_hp_loss":0,"event_name":"FaceTrader","floor":5,"gold_loss":0}],"is_beta":true,"boss_relics":[],"items_purged_floors":[4],"is_endless":false,"potions_floor_spawned":[1,6],"killed_by":"Gremlin Nob","ascension_level":19}