{"gold_per_floor":[116,116,116,126,8,8,33,49,72,104,104,124,152,164,164,262,262,272,272,287,287,301,330,345,345,345,358,387,13,33,66,66,165,165,175,175,175,175,189,222,222,238,238,269,269,295,295,305,305,305,305,305,67,93,93],"floor_reached":56,"playtime":3644,"items_purged":["Strike_B"],"score":1418,"play_id":"ee8547cc-03d4-4af6-a5be-1aa22d3c0af5","local_time":"20190406063231","is_ascension_mode":true,"campfire_choices":[{"data":"Zap","floor":6,"key":"SMITH"},{"data":"Capacitor","floor":11,"key":"SMITH"},{"data":"Coolheaded","floor":15,"key":"SMITH"},{"data":"Defragment","floor":25,"key":"SMITH"},{"data":"Fission","floor":32,"key":"SMITH"},{"floor":41,"key":"RECALL"},{"data":"Go for the Eyes","floor":45,"key":"SMITH"},{"data":"Turbo","floor":47,"key":"SMITH"},{"data":"Fusion","floor":49,"key":"SMITH"},{"data":"Mayhem","floor":52,"key":"SMITH"}],"neow_cost":"NONE","seed_source_timestamp":2199260209395432,"circlet_count":0,"master_deck":["Strike_B","Defend_B","Defend_B+1","Defend_B","Defend_B","Zap+1","Dualcast","Coolheaded+1","Chill","Self Repair","Sweeping Beam","Coolheaded+1","Auto Shields","Capacitor+1","Gash","All For One","Gash+1","Scrape","Gash+1","Defragment+1","Leap+1","Hologram","Echo Form","Turbo+1","Gash+1","Fusion+1","Streamline+1","Fission+1","All For One","Hologram+1","Panacea","Mayhem+1","Master of Strategy","Conserve Battery+1","Consume+1","Capacitor","Go for the Eyes+1","Cold Snap+1","Gash","Undo+1"],"relics":["Cracked Core","Anchor","Art of War","Potion Belt","Turnip","Nuclear Battery","Mercury Hourglass","Dodecahedron","Unceasing Top","DollysMirror","Bottled Flame","Sozu","Ancient Tea Set","Centennial Puzzle","Letter Opener","Cables","Calipers"],"potions_floor_usage":[0,10,10,12,28,31,31,55,55,55],"damage_taken":[{"damage":0,"enemies":"2 Louse","floor":1,"turns":2},{"damage":0,"enemies":"Jaw Worm","floor":4,"turns":4},{"damage":3,"enemies":"3 Sentries","floor":7,"turns":9},{"damage":0,"enemies":"Cultist","floor":8,"turns":4},{"damage":16,"enemies":"Gremlin Nob","floor":10,"turns":4},{"damage":3,"enemies":"Exordium Thugs","floor":12,"turns":5},{"damage":8,"enemies":"3 Sentries","floor":13,"turns":8},{"damage":0,"enemies":"Lots of Slimes","floor":14,"turns":3},{"damage":29,"enemies":"Slime Boss","floor":16,"turns":15},{"damage":9,"enemies":"Shell Parasite","floor":18,"turns":10},{"damage":7,"enemies":"2 Thieves","floor":20,"turns":4},{"damage":0,"enemies":"Centurion and Healer","floor":22,"turns":4},{"damage":20,"enemies":"Book of Stabbing","floor":23,"turns":6},{"damage":13,"enemies":"3 Cultists","floor":24,"turns":6},{"damage":0,"enemies":"Snake Plant","floor":27,"turns":4},{"damage":0,"enemies":"Gremlin Leader","floor":28,"turns":4},{"damage":0,"enemies":"Centurion and Healer","floor":30,"turns":5},{"damage":2,"enemies":"Slavers","floor":31,"turns":4},{"damage":28,"enemies":"Collector","floor":33,"turns":6},{"damage":3,"enemies":"3 Darklings","floor":35,"turns":3},{"damage":0,"enemies":"3 Shapes","floor":39,"turns":2},{"damage":24,"enemies":"Nemesis","floor":40,"turns":3},{"damage":0,"enemies":"Sphere and 2 Shapes","floor":42,"turns":2},{"damage":0,"enemies":"Giant Head","floor":44,"turns":2},{"damage":5,"enemies":"Nemesis","floor":46,"turns":7},{"damage":0,"enemies":"Spire Growth","floor":48,"turns":2},{"damage":19,"enemies":"Donu and Deca","floor":50,"turns":6},{"damage":1,"enemies":"Shield and Spear","floor":54,"turns":2},{"damage":48,"enemies":"The Heart","floor":55,"turns":7}],"seed_played":"3787848915061271372","potions_obtained":[{"floor":0,"key":"Ancient Potion"},{"floor":0,"key":"SpeedPotion"},{"floor":0,"key":"Fruit Juice"},{"floor":1,"key":"Poison Potion"},{"floor":4,"key":"GamblersBrew"},{"floor":12,"key":"FairyPotion"},{"floor":13,"key":"SmokeBomb"},{"floor":20,"key":"SpeedPotion"},{"floor":23,"key":"AttackPotion"},{"floor":28,"key":"AttackPotion"},{"floor":30,"key":"FocusPotion"},{"floor":33,"key":"FocusPotion"}],"is_trial":false,"path_per_floor":["M","?","?","M","$","R","E","M","T","E","R","M","E","M","R","B",null,"M","?","M","?","M","E","M","R","T","M","E","$","M","E","R","B",null,"M","?","?","?","M","E","R","M","T","E","R","E","R","M","R","B",null,"R","$","E","B",null],"character_chosen":"DEFECT","items_purchased":["Self Repair","Sweeping Beam","DollysMirror","Fusion","AttackPotion","Cables"],"campfire_rested":0,"item_purchase_floors":[5,5,29,29,29,53],"current_hp_per_floor":[80,64,64,64,64,64,68,75,75,66,66,70,69,76,76,54,80,78,78,78,78,80,67,61,61,61,68,68,68,75,80,80,59,80,80,70,70,70,77,60,60,67,67,67,67,69,69,76,76,64,80,80,80,79,38],"gold":93,"neow_bonus":"THREE_SMALL_POTIONS","is_prod":false,"is_daily":false,"chose_seed":false,"campfire_upgraded":9,"win_rate":0,"timestamp":1554546751,"path_taken":["M","?","?","M","$","R","E","M","T","E","R","?","E","M","R","BOSS","M","?","?","?","?","E","M","R","T","M","E","?","M","E","R","BOSS","M","?","?","?","M","E","R","?","T","E","R","E","R","M","R","BOSS","R","$","E","BOSS"],"build_version":"2019-04-04","purchased_purges":1,"victory":true,"max_hp_per_floor":[80,80,80,80,80,80,80,80,80,80,80,80,80,80,80,80,80,80,80,80,80,80,80,80,80,80,80,80,80,80,80,80,80,80,80,80,80,80,80,80,80,80,80,80,80,80,80,80,80,80,80,80,80,80,80],"card_choices":[{"not_picked":["Recycle","Streamline"],"picked":"Coolheaded","floor":1},{"not_picked":["Compile Driver","Gash"],"picked":"Chill","floor":4},{"not_picked":["Gash","Conserve Battery"],"picked":"Coolheaded","floor":7},{"not_picked":["Beam Cell","Conserve Battery"],"picked":"Auto Shields","floor":8},{"not_picked":["Multi-Cast","Gash"],"picked":"Capacitor","floor":10},{"not_picked":["Compile Driver","Turbo"],"picked":"Gash","floor":12},{"not_picked":["Lockon","Compile Driver","Beam Cell"],"picked":"SKIP","floor":13},{"not_picked":["Double Energy","Static Discharge","Hyperbeam"],"picked":"SKIP","floor":14},{"not_picked":["Hyperbeam","Rainbow"],"picked":"All For One","floor":16},{"not_picked":["Skim","Auto Shields"],"picked":"Gash+1","floor":18},{"not_picked":["Redo","Reinforced Body"],"picked":"Scrape","floor":20},{"not_picked":["Go for the Eyes","Beam Cell+1"],"picked":"Defragment","floor":22},{"not_picked":["Barrage+1","Darkness+1"],"picked":"Leap+1","floor":23},{"not_picked":["Double Energy+1","Lockon"],"picked":"Hologram","floor":24},{"not_picked":["Steam Power","Compile Driver"],"picked":"Echo Form","floor":27},{"not_picked":["Rebound","Darkness+1"],"picked":"Turbo","floor":28},{"not_picked":["Self Repair","Rip and Tear"],"picked":"Streamline+1","floor":30},{"not_picked":["Sweeping Beam","Barrage"],"picked":"Fission","floor":31},{"not_picked":["Rainbow","Hyperbeam"],"picked":"All For One","floor":33},{"not_picked":["Sunder+1","Streamline"],"picked":"Hologram+1","floor":35},{"not_picked":["Violence","Metamorphosis"],"picked":"Panacea","floor":36},{"not_picked":["Finesse","Impatience"],"picked":"Mayhem","floor":36},{"not_picked":["Deep Breath","Violence"],"picked":"Master of Strategy","floor":36},{"not_picked":["Tempest","Sunder"],"picked":"Conserve Battery+1","floor":39},{"not_picked":["Static Discharge+1","Creative AI"],"picked":"Consume+1","floor":40},{"not_picked":["Doom and Gloom","Recycle"],"picked":"Capacitor","floor":42},{"not_picked":["Ball Lightning+1","Beam Cell"],"picked":"Go for the Eyes","floor":44},{"not_picked":["Reinforced Body","Self Repair+1"],"picked":"Cold Snap+1","floor":46},{"not_picked":["Hello World","Streamline"],"picked":"Gash","floor":48},{"not_picked":["Hologram","Scrape"],"picked":"Undo+1","floor":54}],"player_experience":5175372,"relics_obtained":[{"floor":7,"key":"Anchor"},{"floor":9,"key":"Art of War"},{"floor":10,"key":"Potion Belt"},{"floor":13,"key":"Turnip"},{"floor":23,"key":"Mercury Hourglass"},{"floor":26,"key":"Dodecahedron"},{"floor":28,"key":"Unceasing Top"},{"floor":31,"key":"Bottled Flame"},{"floor":40,"key":"Ancient Tea Set"},{"floor":44,"key":"Centennial Puzzle"},{"floor":46,"key":"Letter Opener"},{"floor":54,"key":"Calipers"}],"event_choices":[{"damage_healed":0,"gold_gain":0,"player_choice":"Entered Light","damage_taken":16,"max_hp_gain":0,"max_hp_loss":0,"event_name":"Shining Light","floor":2,"gold_loss":0,"cards_upgraded":["Defend_B","Coolheaded"]},{"damage_healed":0,"gold_gain":0,"player_choice":"Bought 0 Potions","damage_taken":0,"max_hp_gain":0,"max_hp_loss":0,"event_name":"The Woman in Blue","floor":3,"gold_loss":0},{"cards_removed":["Strike_B"],"damage_healed":0,"gold_gain":0,"player_choice":"Card Removal","damage_taken":0,"max_hp_gain":0,"max_hp_loss":0,"event_name":"Wheel of Change","floor":19,"gold_loss":0},{"damage_healed":0,"gold_gain":0,"player_choice":"Copied","damage_taken":0,"max_hp_gain":0,"max_hp_loss":0,"event_name":"Duplicator","floor":21,"gold_loss":0,"cards_obtained":["Gash"]},{"damage_healed":0,"gold_gain":0,"player_choice":"Memory 3","damage_taken":10,"max_hp_gain":0,"max_hp_loss":0,"event_name":"SensoryStone","floor":36,"gold_loss":0},{"cards_removed":["Strike_B"],"damage_healed":0,"gold_gain":0,"player_choice":"Removed Attack","damage_taken":0,"max_hp_gain":0,"max_hp_loss":0,"event_name":"Falling","floor":37,"gold_loss":0},{"damage_healed":0,"gold_gain":0,"player_choice":"Ignored","damage_taken":0,"max_hp_gain":0,"max_hp_loss":0,"event_name":"Tomb of Lord Red Mask","floor":38,"gold_loss":0}],"is_beta":true,"boss_relics":[{"not_picked":["Empty Cage","Black Star"],"picked":"Nuclear Battery"},{"not_picked":["FrozenCore","Pandora\u0027s Box"],"picked":"Sozu"}],"items_purged_floors":[29],"is_endless":false,"potions_floor_spawned":[1,4,8,12,13,20,23,28,30,33,35,40,46],"ascension_level":1}