{"gold_per_floor":[210,180,191,67,80,80,113,113,160,189,201,223,235,277,289,398,410,442,470,482,221,221,249,249,249,249,249,249,263,229,99,99,99],"floor_reached":33,"playtime":677,"items_purged":[],"score":420,"play_id":"2b8af649-a8bd-48dc-b6bf-0b9e166d5052","local_time":"20181231022234","is_ascension_mode":true,"campfire_choices":[{"floor":6,"key":"REST"},{"data":"Inflame","floor":8,"key":"SMITH"},{"floor":11,"key":"REST"},{"data":"Inflame","floor":13,"key":"SMITH"},{"data":"Rage","floor":15,"key":"SMITH"},{"data":"Ghostly Armor","floor":24,"key":"SMITH"},{"floor":27,"key":"REST"},{"floor":32,"key":"REST"}],"neow_cost":"NONE","seed_source_timestamp":798864051342380,"circlet_count":0,"master_deck":["Strike_R","Strike_R","Strike_R","Strike_R","Strike_R","Defend_R","Defend_R","Defend_R","Defend_R","Bash","Perfected Strike","Pommel Strike","Inflame+1","Twin Strike","Perfected Strike","Flame Barrier","Inflame+1","Rage+1","Perfected Strike","Immolate","Twin Strike","Cleave+1","Armaments","Perfected Strike","Ghostly Armor+1","Clothesline+1","Infernal Blade","Infernal Blade","Intimidate","Flex"],"relics":["Burning Blood","Boot","Juzu Bracelet","MawBank","Bird Faced Urn","Philosopher\u0027s Stone","Shuriken","Sling","PreservedInsect","Letter Opener"],"potions_floor_usage":[7,7,10,14,16,18,33,33],"damage_taken":[{"damage":23,"enemies":"Jaw Worm","floor":1,"turns":7},{"damage":6,"enemies":"Cultist","floor":3,"turns":3},{"damage":0,"enemies":"2 Louse","floor":5,"turns":2},{"damage":0,"enemies":"Gremlin Nob","floor":7,"turns":2},{"damage":40,"enemies":"Lagavulin","floor":10,"turns":4},{"damage":6,"enemies":"Exordium Wildlife","floor":12,"turns":2},{"damage":16,"enemies":"Gremlin Nob","floor":14,"turns":3},{"damage":41,"enemies":"The Guardian","floor":16,"turns":8},{"damage":10,"enemies":"Shell Parasite","floor":18,"turns":3},{"damage":0,"enemies":"Spheric Guardian","floor":19,"turns":2},{"damage":34,"enemies":"Book of Stabbing","floor":23,"turns":4},{"damage":23,"enemies":"Snake Plant","floor":29,"turns":3},{"damage":87,"enemies":"Champ","floor":33,"turns":7}],"seed_played":"-7802811965861389976","potions_obtained":[{"floor":1,"key":"FearPotion"},{"floor":2,"key":"Poison Potion"},{"floor":2,"key":"AttackPotion"},{"floor":12,"key":"Poison Potion"},{"floor":14,"key":"PowerPotion"},{"floor":16,"key":"BloodPotion"},{"floor":19,"key":"SteroidPotion"},{"floor":29,"key":"Dexterity Potion"}],"is_trial":false,"path_per_floor":["M","?","M","$","M","R","E","R","T","E","R","M","R","E","R","B",null,"M","M","T","$","?","E","R","?","T","R","?","M","$","$","R","B"],"character_chosen":"IRONCLAD","items_purchased":["Inflame","Twin Strike","Armaments","Sling","Perfected Strike","Infernal Blade","Intimidate","Flex"],"campfire_rested":4,"item_purchase_floors":[4,4,21,21,21,30,31,31],"current_hp_per_floor":[55,55,55,55,61,80,80,80,80,46,70,70,70,60,60,31,68,74,80,80,80,80,52,52,52,52,76,76,59,59,59,80,0],"gold":99,"neow_bonus":"HUNDRED_GOLD","is_prod":false,"is_daily":false,"chose_seed":false,"campfire_upgraded":4,"win_rate":0,"timestamp":1546233754,"path_taken":["M","?","M","$","M","R","E","R","T","E","R","M","R","E","R","BOSS","M","M","?","$","?","E","R","?","T","R","?","M","?","$","R","BOSS"],"build_version":"2018-12-20","purchased_purges":0,"victory":false,"max_hp_per_floor":[80,80,80,80,80,80,80,80,80,80,80,80,80,80,80,80,80,80,80,80,80,80,80,80,80,80,80,80,80,80,80,80,80],"card_choices":[{"not_picked":["Shockwave","Reckless Charge"],"picked":"Perfected Strike","floor":1},{"not_picked":["Uppercut","Anger"],"picked":"Pommel Strike","floor":3},{"not_picked":["Anger","Armaments"],"picked":"Perfected Strike","floor":5},{"not_picked":["Bloodletting","Pommel Strike"],"picked":"Flame Barrier","floor":7},{"not_picked":["Body Slam","Heavy Blade"],"picked":"Inflame","floor":10},{"not_picked":["Iron Wave","Clash"],"picked":"Rage","floor":12},{"not_picked":["Metallicize","Twin Strike"],"picked":"Perfected Strike","floor":14},{"not_picked":["Reaper","Barricade"],"picked":"Immolate","floor":16},{"not_picked":["Anger","Fire Breathing"],"picked":"Twin Strike","floor":18},{"not_picked":["Anger","Pummel"],"picked":"Cleave+1","floor":19},{"not_picked":["Dropkick+1","Reckless Charge"],"picked":"Clothesline+1","floor":23},{"not_picked":["Wild Strike","Pommel Strike"],"picked":"Infernal Blade","floor":29}],"player_experience":581991,"relics_obtained":[{"floor":7,"key":"Boot"},{"floor":9,"key":"Juzu Bracelet"},{"floor":10,"key":"MawBank"},{"floor":14,"key":"Bird Faced Urn"},{"floor":20,"key":"Shuriken"},{"floor":23,"key":"PreservedInsect"},{"floor":26,"key":"Letter Opener"}],"event_choices":[{"damage_healed":0,"gold_gain":0,"player_choice":"Bought 2 Potions","damage_taken":0,"max_hp_gain":0,"max_hp_loss":0,"event_name":"The Woman in Blue","floor":2,"gold_loss":0},{"damage_healed":0,"gold_gain":0,"player_choice":"Read","damage_taken":0,"max_hp_gain":0,"max_hp_loss":0,"event_name":"The Library","floor":22,"gold_loss":0,"cards_obtained":["Ghostly Armor"]},{"damage_healed":0,"gold_gain":0,"player_choice":"Ignored","damage_taken":0,"max_hp_gain":0,"max_hp_loss":0,"event_name":"Beggar","floor":25,"gold_loss":0},{"damage_healed":0,"gold_gain":0,"player_choice":"Ignored","damage_taken":0,"max_hp_gain":0,"max_hp_loss":0,"event_name":"Vampires","floor":28,"gold_loss":0}],"is_beta":false,"boss_relics":[{"not_picked":["Orrery","Busted Crown"],"picked":"Philosopher\u0027s Stone"}],"items_purged_floors":[],"is_endless":false,"potions_floor_spawned":[1,12,14,16,19,29],"killed_by":"Champ","ascension_level":6}