{"gold_per_floor":[111,186,205,220,220,220,253,253,299,330,24,50,61,94,94,193,243,254,254,254,254,274,274,302,314,337,349,395,417,429,459,471,581,593,624,636,648,660,684,729,741,772,784,796,828,865,896,908,920,932],"floor_reached":50,"playtime":2467,"items_purged":["Strike_B"],"score":1019,"play_id":"8871b6b3-ec5e-4ab9-a884-5a76a97a778f","local_time":"20190313174940","is_ascension_mode":true,"campfire_choices":[{"data":"Sunder","floor":6,"key":"SMITH"},{"data":"Auto Shields","floor":8,"key":"SMITH"},{"data":"Defragment","floor":15,"key":"SMITH"},{"data":"Glacier","floor":23,"key":"SMITH"},{"data":"Coolheaded","floor":27,"key":"SMITH"},{"data":"Self Repair","floor":30,"key":"SMITH"},{"floor":32,"key":"RECALL"},{"floor":41,"key":"REST"},{"data":"Capacitor","floor":44,"key":"SMITH"},{"floor":49,"key":"REST"}],"neow_cost":"NONE","seed_source_timestamp":56873082630052,"circlet_count":0,"master_deck":["AscendersBane","Strike_B+1","Strike_B+1","Defend_B+1","Defend_B","Defend_B","Defend_B+1","Zap+1","Auto Shields+1","Ball Lightning","Leap","Sunder+1","Sweeping Beam","Beam Cell","Coolheaded+1","Defragment+1","Self Repair+1","Amplify","Tempest","Rainbow","Glacier+1","Chill","Double Energy+1","Steam Power","Chaos+1","Capacitor+1","Seek","Tempest+1","Consume+1","Capacitor","Storm+1","Blizzard+1","Defragment+1","Storm+1","Beam Cell+1","Heatsinks+1","Consume+1","Self Repair","Writhe"],"relics":["Nuclear Battery","War Paint","Whetstone","Prayer Wheel","Lee\u0027s Waffle","Potion Belt","Pocketwatch","Tiny House","FaceOfCleric","The Courier","MawBank","Dodecahedron","Orrery","Gremlin Horn","Ginger","Mango"],"potions_floor_usage":[4,10,16,24,28,33],"damage_taken":[{"damage":0,"enemies":"2 Louse","floor":1,"turns":3},{"damage":0,"enemies":"Small Slimes","floor":3,"turns":4},{"damage":1,"enemies":"Cultist","floor":4,"turns":4},{"damage":21,"enemies":"Lagavulin","floor":7,"turns":7},{"damage":0,"enemies":"3 Sentries","floor":10,"turns":5},{"damage":30,"enemies":"Gremlin Nob","floor":12,"turns":4},{"damage":1,"enemies":"Looter","floor":13,"turns":3},{"damage":12,"enemies":"3 Sentries","floor":14,"turns":7},{"damage":26,"enemies":"Hexaghost","floor":16,"turns":6},{"damage":0,"enemies":"Chosen","floor":18,"turns":6},{"damage":5,"enemies":"Shell Parasite","floor":22,"turns":5},{"damage":20,"enemies":"Gremlin Leader","floor":24,"turns":9},{"damage":0,"enemies":"Centurion and Healer","floor":25,"turns":6},{"damage":36,"enemies":"Slavers","floor":28,"turns":5},{"damage":0,"enemies":"Snake Plant","floor":29,"turns":4},{"damage":7,"enemies":"Snecko","floor":31,"turns":4},{"damage":39,"enemies":"Automaton","floor":33,"turns":12},{"damage":41,"enemies":"3 Darklings","floor":35,"turns":7},{"damage":22,"enemies":"3 Shapes","floor":39,"turns":3},{"damage":62,"enemies":"Giant Head","floor":40,"turns":7},{"damage":1,"enemies":"Maw","floor":42,"turns":5},{"damage":23,"enemies":"3 Darklings","floor":45,"turns":5},{"damage":36,"enemies":"Nemesis","floor":46,"turns":7},{"damage":39,"enemies":"Sphere and 2 Shapes","floor":47,"turns":5},{"damage":88,"enemies":"Awakened One","floor":50,"turns":3}],"seed_played":"-275809180190142266","potions_obtained":[{"floor":3,"key":"SteroidPotion"},{"floor":4,"key":"Fruit Juice"},{"floor":14,"key":"SkillPotion"},{"floor":16,"key":"FearPotion"},{"floor":17,"key":"Poison Potion"},{"floor":18,"key":"SkillPotion"},{"floor":25,"key":"FocusPotion"},{"floor":28,"key":"SkillPotion"},{"floor":33,"key":"FairyPotion"},{"floor":35,"key":"FearPotion"},{"floor":40,"key":"SteroidPotion"}],"is_trial":false,"path_per_floor":["M","?","M","M","?","R","E","R","T","E","$","E","M","E","R","B",null,"M","?","?","?","M","R","E","M","T","R","E","M","R","M","R","B",null,"M","?","?","?","M","E","R","M","T","R","M","E","M","?","R","B"],"character_chosen":"DEFECT","items_purchased":["Lee\u0027s Waffle","Coolheaded"],"campfire_rested":2,"item_purchase_floors":[11,11],"current_hp_per_floor":[68,57,57,61,61,61,40,40,40,40,87,57,56,58,58,46,82,89,89,89,89,92,92,80,88,88,88,60,68,68,72,72,54,88,58,58,58,58,37,31,61,71,71,71,59,48,20,50,86,0],"gold":932,"neow_bonus":"BOSS_RELIC","is_prod":false,"is_daily":false,"chose_seed":false,"campfire_upgraded":7,"win_rate":0,"timestamp":1552510180,"path_taken":["M","?","M","M","?","R","E","R","T","E","$","E","?","E","R","BOSS","M","?","?","?","M","R","E","M","T","R","E","?","R","M","R","BOSS","M","?","?","?","M","E","R","M","T","R","?","E","M","?","R","BOSS"],"build_version":"2019-01-23","purchased_purges":1,"victory":false,"max_hp_per_floor":[75,75,75,80,80,80,80,80,80,80,87,87,87,87,87,87,92,92,92,92,92,93,93,94,95,95,95,96,97,97,98,98,99,99,100,100,100,100,101,102,102,103,103,103,104,119,120,120,120,120],"card_choices":[{"not_picked":["Beam Cell","Redo"],"picked":"Auto Shields","floor":1},{"not_picked":["Steam","Coolheaded"],"picked":"Ball Lightning","floor":3},{"not_picked":["Redo","Reprogram"],"picked":"Leap","floor":4},{"not_picked":["Hologram","Storm"],"picked":"Sweeping Beam","floor":7},{"not_picked":["Cold Snap","Streamline"],"picked":"Beam Cell","floor":10},{"not_picked":["Skim","Lockon"],"picked":"Defragment","floor":12},{"not_picked":["Force Field","Gash"],"picked":"Self Repair","floor":13},{"not_picked":["Consume","Stack"],"picked":"Amplify","floor":13},{"not_picked":["Leap","Go for the Eyes"],"picked":"Tempest","floor":14},{"not_picked":["Amplify","All For One"],"picked":"Rainbow","floor":16},{"not_picked":["Leap","Melter"],"picked":"Glacier","floor":18},{"not_picked":["Conserve Battery","Rebound","Beam Cell"],"picked":"SKIP","floor":18},{"not_picked":["Turbo","Steam"],"picked":"Chill","floor":22},{"not_picked":["Redo","Doom and Gloom+1","Beam Cell"],"picked":"SKIP","floor":22},{"not_picked":["Rebound+1","Buffer"],"picked":"Ball Lightning+1","floor":24},{"not_picked":["Barrage+1","Force Field"],"picked":"Double Energy+1","floor":25},{"not_picked":["Barrage+1","Cold Snap","Conserve Battery"],"picked":"SKIP","floor":25},{"not_picked":["Steam","Conserve Battery"],"picked":"Steam Power","floor":28},{"not_picked":["Fusion","White Noise"],"picked":"Chaos+1","floor":29},{"not_picked":["Conserve Battery","Sweeping Beam+1"],"picked":"Capacitor","floor":29},{"not_picked":["Sweeping Beam+1","Ball Lightning+1","Go for the Eyes+1"],"picked":"SKIP","floor":31},{"not_picked":["Steam+1","Core Surge","Redo+1"],"picked":"SKIP","floor":31},{"not_picked":["Machine Learning","Amplify"],"picked":"Seek","floor":33},{"not_picked":["Steam Power","Rip and Tear"],"picked":"Tempest+1","floor":34},{"not_picked":["Coolheaded+1","Hello World"],"picked":"Consume+1","floor":34},{"not_picked":["Barrage","Steam Power"],"picked":"Capacitor","floor":34},{"not_picked":["Steam+1","Hello World"],"picked":"Storm+1","floor":34},{"not_picked":["Loop+1","Rebound+1"],"picked":"Blizzard+1","floor":35},{"not_picked":["Turbo+1","Go for the Eyes"],"picked":"Defragment+1","floor":35},{"not_picked":["Skim+1","Beam Cell+1"],"picked":"Storm+1","floor":39},{"not_picked":["Gash+1","Leap","Steam Power"],"picked":"SKIP","floor":39},{"not_picked":["Static Discharge","Gash+1","Turbo+1"],"picked":"SKIP","floor":40},{"not_picked":["Turbo+1","Barrage"],"picked":"Beam Cell+1","floor":42},{"not_picked":["Compile Driver","Defragment+1","Lockon"],"picked":"SKIP","floor":42},{"not_picked":["Go for the Eyes","Scrape"],"picked":"Heatsinks+1","floor":45},{"not_picked":["BootSequence","Gash+1"],"picked":"Consume+1","floor":45},{"not_picked":["Storm+1","Sweeping Beam+1","BootSequence"],"picked":"SKIP","floor":46},{"not_picked":["Sweeping Beam","Streamline"],"picked":"Self Repair","floor":47},{"not_picked":["Hologram+1","FTL+1","Conserve Battery"],"picked":"SKIP","floor":47}],"player_experience":917700,"relics_obtained":[{"floor":7,"key":"War Paint"},{"floor":9,"key":"Whetstone"},{"floor":10,"key":"Prayer Wheel"},{"floor":12,"key":"Potion Belt"},{"floor":14,"key":"Pocketwatch"},{"floor":24,"key":"The Courier"},{"floor":26,"key":"MawBank"},{"floor":28,"key":"Dodecahedron"},{"floor":40,"key":"Gremlin Horn"},{"floor":43,"key":"Ginger"},{"floor":46,"key":"Mango"}],"event_choices":[{"damage_healed":0,"gold_gain":75,"player_choice":"Gather Gold","damage_taken":11,"max_hp_gain":0,"max_hp_loss":0,"event_name":"World of Goop","floor":2,"gold_loss":0},{"damage_healed":0,"gold_gain":0,"cards_transformed":["Dualcast"],"player_choice":"Transformed","damage_taken":0,"max_hp_gain":0,"max_hp_loss":0,"event_name":"Transmorgrifier","floor":5,"gold_loss":0,"cards_obtained":["Sunder"]},{"damage_healed":0,"gold_gain":0,"player_choice":"Ignored","damage_taken":0,"max_hp_gain":0,"max_hp_loss":0,"event_name":"Vampires","floor":19,"gold_loss":0},{"damage_healed":0,"gold_gain":0,"player_choice":"Ignored","damage_taken":0,"max_hp_gain":0,"max_hp_loss":0,"event_name":"Ghosts","floor":20,"gold_loss":0},{"damage_healed":0,"gold_gain":0,"player_choice":"Trade","damage_taken":0,"relics_obtained":["FaceOfCleric"],"max_hp_gain":0,"max_hp_loss":0,"event_name":"FaceTrader","floor":21,"gold_loss":0},{"cards_removed":["Ball Lightning"],"damage_healed":0,"gold_gain":0,"player_choice":"Removed Attack","damage_taken":0,"max_hp_gain":0,"max_hp_loss":0,"event_name":"Falling","floor":36,"gold_loss":0},{"damage_healed":0,"gold_gain":0,"player_choice":"Memory 1","damage_taken":0,"max_hp_gain":0,"max_hp_loss":0,"event_name":"SensoryStone","floor":37,"gold_loss":0},{"cards_removed":["Strike_B"],"damage_healed":0,"gold_gain":0,"player_choice":"Purged","damage_taken":0,"max_hp_gain":0,"max_hp_loss":0,"event_name":"Purifier","floor":38,"gold_loss":0},{"damage_healed":30,"gold_gain":0,"player_choice":"Writhe","damage_taken":0,"max_hp_gain":0,"max_hp_loss":0,"event_name":"Winding Halls","floor":48,"gold_loss":0,"cards_obtained":["Writhe"]}],"is_beta":false,"boss_relics":[{"not_picked":["Philosopher\u0027s Stone","White Beast Statue"],"picked":"Tiny House"},{"not_picked":["Snecko Eye","Calling Bell"],"picked":"Orrery"}],"items_purged_floors":[11],"is_endless":false,"potions_floor_spawned":[3,4,14,16,18,25,28,33,35,40,46],"killed_by":"Awakened One","ascension_level":11}