{"gold_per_floor":[114,126,136,136,136,163,163,182,182,182,211,211,236,249,249,327,327,342,342,362,362,412,412,738,738,814,825,840,840],"floor_reached":29,"playtime":15824,"items_purged":[],"score":460,"play_id":"de79eb98-773e-4ee7-8956-e6327a0b8341","local_time":"20190428144254","is_ascension_mode":true,"campfire_choices":[{"data":"Genetic Algorithm","floor":7,"key":"SMITH"},{"floor":10,"key":"REST"},{"floor":12,"key":"REST"},{"floor":15,"key":"REST"},{"data":"Seek","floor":23,"key":"SMITH"},{"floor":25,"key":"REST"}],"neow_cost":"NONE","seed_source_timestamp":1416405695273150,"circlet_count":0,"master_deck":["AscendersBane","Strike_B","Strike_B","Strike_B","Strike_B","Defend_B","Defend_B","Defend_B","Defend_B","Zap","Dualcast","Ball Lightning","Genetic Algorithm+1","Cold Snap","Seek+1","Chill","Capacitor","Barrage","Go for the Eyes","Amplify","Hologram","Loop","Chill","Glacier","Cold Snap+1"],"relics":["Cracked Core","Sundial","Kunai","Letter Opener","Omamori","Blue Candle","Philosopher\u0027s Stone","Juzu Bracelet","SsserpentHead","Old Coin","Shuriken"],"potions_floor_usage":[11,20,29,29],"damage_taken":[{"damage":0,"enemies":"Small Slimes","floor":1,"turns":3},{"damage":7,"enemies":"2 Louse","floor":2,"turns":2},{"damage":1,"enemies":"Cultist","floor":3,"turns":3},{"damage":22,"enemies":"3 Sentries","floor":6,"turns":7},{"damage":8,"enemies":"Red Slaver","floor":8,"turns":4},{"damage":30,"enemies":"Gremlin Nob","floor":11,"turns":5},{"damage":35,"enemies":"Lagavulin","floor":13,"turns":6},{"damage":0,"enemies":"Lots of Slimes","floor":14,"turns":4},{"damage":22,"enemies":"Hexaghost","floor":16,"turns":10},{"damage":11,"enemies":"Chosen","floor":18,"turns":5},{"damage":15,"enemies":"3 Byrds","floor":20,"turns":5},{"damage":50,"enemies":"Gremlin Leader","floor":24,"turns":8},{"damage":23,"enemies":"Snake Plant","floor":27,"turns":5},{"damage":3,"enemies":"Centurion and Healer","floor":28,"turns":8},{"damage":25,"enemies":"Book of Stabbing","floor":29,"turns":7}],"seed_played":"-6400643272900453957","potions_obtained":[{"floor":6,"key":"Weak Potion"},{"floor":8,"key":"EssenceOfSteel"},{"floor":13,"key":"Block Potion"},{"floor":24,"key":"EssenceOfSteel"}],"is_trial":false,"path_per_floor":["M","M","M","?","?","E","R","M","T","R","E","R","E","M","R","B",null,"M","?","M","?","?","R","E","R","T","M","M","E"],"character_chosen":"DEFECT","items_purchased":[],"campfire_rested":4,"item_purchase_floors":[],"current_hp_per_floor":[71,64,63,58,58,36,36,28,28,51,21,44,9,9,32,10,61,50,50,35,35,78,78,28,51,51,28,25,0],"gold":840,"neow_bonus":"TEN_PERCENT_HP_BONUS","is_prod":false,"is_daily":false,"chose_seed":false,"campfire_upgraded":2,"win_rate":0,"timestamp":1556473374,"path_taken":["M","M","M","?","?","E","R","M","T","R","E","R","E","M","R","BOSS","M","?","M","?","?","R","E","R","T","M","M","E"],"build_version":"2019-01-23","purchased_purges":0,"victory":false,"max_hp_per_floor":[78,78,78,78,78,78,78,78,78,78,78,78,78,78,78,78,78,78,78,78,78,78,78,78,78,78,78,78,78],"card_choices":[{"not_picked":["Barrage","Auto Shields"],"picked":"Ball Lightning","floor":1},{"not_picked":["Go for the Eyes","Coolheaded"],"picked":"Genetic Algorithm","floor":2},{"not_picked":["Compile Driver","Stack"],"picked":"Cold Snap","floor":3},{"not_picked":["FTL","Doom and Gloom"],"picked":"Seek","floor":6},{"not_picked":["Rebound","Hologram"],"picked":"Chill","floor":8},{"not_picked":["Machine Learning","Beam Cell"],"picked":"Capacitor","floor":11},{"not_picked":["Hello World","Fusion"],"picked":"Barrage","floor":13},{"not_picked":["Redo","Conserve Battery"],"picked":"Go for the Eyes","floor":14},{"not_picked":["Creative AI","Hyperbeam"],"picked":"Amplify","floor":16},{"not_picked":["Sunder","Genetic Algorithm"],"picked":"Hologram","floor":18},{"not_picked":["Redo","BootSequence"],"picked":"Loop","floor":20},{"not_picked":["Rebound","Ball Lightning"],"picked":"Chill","floor":24},{"not_picked":["Ball Lightning","Darkness"],"picked":"Glacier","floor":27},{"not_picked":["Barrage","Compile Driver"],"picked":"Cold Snap+1","floor":28}],"player_experience":1233357,"relics_obtained":[{"floor":6,"key":"Kunai"},{"floor":9,"key":"Letter Opener"},{"floor":11,"key":"Omamori"},{"floor":13,"key":"Blue Candle"},{"floor":24,"key":"Old Coin"},{"floor":26,"key":"Shuriken"}],"event_choices":[{"damage_healed":0,"gold_gain":0,"player_choice":"Success","damage_taken":5,"relics_obtained":["Sundial"],"max_hp_gain":0,"max_hp_loss":0,"event_name":"Scrap Ooze","floor":4,"gold_loss":0},{"damage_healed":0,"gold_gain":0,"player_choice":"Ignored","damage_taken":0,"max_hp_gain":0,"max_hp_loss":0,"event_name":"Liars Game","floor":5,"gold_loss":0},{"damage_healed":0,"gold_gain":0,"player_choice":"Opened","damage_taken":0,"relics_obtained":["Juzu Bracelet"],"max_hp_gain":0,"max_hp_loss":0,"event_name":"The Mausoleum","floor":19,"gold_loss":0,"cards_obtained":["Writhe"]},{"damage_healed":0,"gold_gain":0,"player_choice":"Trade","damage_taken":0,"relics_obtained":["SsserpentHead"],"max_hp_gain":0,"max_hp_loss":0,"event_name":"FaceTrader","floor":21,"gold_loss":0},{"damage_healed":43,"gold_gain":0,"player_choice":"Full Heal","damage_taken":0,"max_hp_gain":0,"max_hp_loss":0,"event_name":"Wheel of Change","floor":22,"gold_loss":0}],"is_beta":false,"boss_relics":[{"not_picked":["Coffee Dripper","Astrolabe"],"picked":"Philosopher\u0027s Stone"}],"items_purged_floors":[],"is_endless":false,"potions_floor_spawned":[6,8,13,16,18,24],"killed_by":"Book of Stabbing","ascension_level":15}