{"gold_per_floor":[113,127,144,144,144,144,185,185,185,64,80,80,114,102,102,102],"floor_reached":16,"playtime":558,"items_purged":["Injury"],"score":127,"play_id":"8cead2cb-35f7-43f7-acea-caa753bf540a","local_time":"20190429112812","is_ascension_mode":true,"campfire_choices":[{"data":"Bash","floor":6,"key":"SMITH"},{"floor":8,"key":"REST"},{"data":"Anger","floor":12,"key":"SMITH"},{"floor":15,"key":"REST"}],"neow_cost":"NONE","seed_source_timestamp":1508053158254300,"circlet_count":0,"master_deck":["Strike_R","Strike_R","Strike_R","Strike_R","Strike_R","Defend_R","Defend_R","Defend_R","Defend_R","Bash+1","Sword Boomerang","Iron Wave","Combust","Armaments+1","Anger+1","Battle Trance+1","Infernal Blade+1"],"relics":["Burning Blood","NeowsBlessing","Golden Idol","Toxic Egg 2","Magic Flower","Blue Candle"],"potions_floor_usage":[13,13],"damage_taken":[{"damage":0,"enemies":"2 Louse","floor":1,"turns":1},{"damage":0,"enemies":"Jaw Worm","floor":2,"turns":1},{"damage":0,"enemies":"Cultist","floor":3,"turns":1},{"damage":70,"enemies":"3 Sentries","floor":7,"turns":11},{"damage":16,"enemies":"Blue Slaver","floor":11,"turns":4},{"damage":28,"enemies":"Lagavulin","floor":13,"turns":5},{"damage":11,"enemies":"Exordium Thugs","floor":14,"turns":4},{"damage":36,"enemies":"Hexaghost","floor":16,"turns":9}],"seed_played":"-839827263971925622","potions_obtained":[{"floor":1,"key":"FearPotion"},{"floor":11,"key":"Poison Potion"}],"is_trial":false,"path_per_floor":["M","M","M","?","?","R","E","R","T","$","M","R","E","M","R","B"],"character_chosen":"IRONCLAD","items_purchased":["Armaments+1"],"campfire_rested":2,"item_purchase_floors":[10],"current_hp_per_floor":[80,80,80,80,80,80,16,40,40,40,33,33,14,12,36,0],"gold":102,"neow_bonus":"THREE_ENEMY_KILL","is_prod":false,"is_daily":false,"chose_seed":false,"campfire_upgraded":2,"win_rate":0,"timestamp":1556551692,"path_taken":["M","M","M","?","?","R","E","R","T","$","M","R","E","?","R","BOSS"],"build_version":"2019-01-23","purchased_purges":1,"victory":false,"max_hp_per_floor":[80,80,80,80,80,80,80,80,80,80,80,80,80,80,80,80],"card_choices":[{"not_picked":["Entrench","Armaments"],"picked":"Sword Boomerang","floor":1},{"not_picked":["Sentinel","Power Through"],"picked":"Headbutt","floor":2},{"not_picked":["Dropkick","Disarm"],"picked":"Iron Wave","floor":3},{"not_picked":["Second Wind","Headbutt"],"picked":"Combust","floor":7},{"not_picked":["Entrench+1","Clash"],"picked":"Anger","floor":11},{"not_picked":["Fire Breathing","Shockwave+1"],"picked":"Battle Trance+1","floor":13},{"not_picked":["Hemokinesis","Entrench+1"],"picked":"Infernal Blade+1","floor":14}],"player_experience":123205,"relics_obtained":[{"floor":7,"key":"Toxic Egg 2"},{"floor":9,"key":"Magic Flower"},{"floor":13,"key":"Blue Candle"}],"event_choices":[{"damage_healed":0,"gold_gain":0,"player_choice":"Take Wound","damage_taken":0,"relics_obtained":["Golden Idol"],"max_hp_gain":0,"max_hp_loss":0,"event_name":"Golden Idol","floor":4,"gold_loss":0,"cards_obtained":["Injury"]},{"cards_removed":["Headbutt"],"damage_healed":5,"gold_gain":0,"player_choice":"Offered Common","damage_taken":0,"max_hp_gain":0,"max_hp_loss":0,"event_name":"Bonfire Elementals","floor":5,"gold_loss":0},{"cards_removed":["Headbutt"],"damage_healed":5,"gold_gain":0,"player_choice":"Offered Special","damage_taken":0,"max_hp_gain":0,"max_hp_loss":0,"event_name":"Bonfire Elementals","floor":5,"gold_loss":0}],"is_beta":false,"boss_relics":[],"items_purged_floors":[10],"is_endless":false,"potions_floor_spawned":[1,11],"killed_by":"Hexaghost","ascension_level":3}