{"gold_per_floor":[18,38,38,213,233,233,247,247],"floor_reached":8,"playtime":171,"items_purged":[],"score":65,"play_id":"910d8e83-6ff5-4632-862d-007e2782ace2","local_time":"20181228143619","is_ascension_mode":true,"campfire_choices":[{"floor":6,"key":"REST"}],"neow_cost":"NO_GOLD","seed_source_timestamp":584186814957462,"circlet_count":0,"master_deck":["Strike_B","Strike_B","Strike_B","Strike_B","Defend_B","Defend_B","Defend_B","Defend_B","Zap","Dualcast","Creative AI","Double Energy","Rebound","Injury","Doubt","Cold Snap","Glacier"],"relics":["Cracked Core","Golden Idol"],"potions_floor_usage":[8],"damage_taken":[{"damage":6,"enemies":"Cultist","floor":1,"turns":4},{"damage":25,"enemies":"2 Louse","floor":2,"turns":3},{"damage":12,"enemies":"Jaw Worm","floor":5,"turns":3},{"damage":17,"enemies":"Looter","floor":7,"turns":3},{"damage":54,"enemies":"Gremlin Nob","floor":8,"turns":5}],"seed_played":"-332758341071458097","potions_obtained":[{"floor":1,"key":"Regen Potion"}],"is_trial":false,"path_per_floor":["M","M","?","?","M","R","M","E"],"character_chosen":"DEFECT","items_purchased":[],"campfire_rested":1,"item_purchase_floors":[],"current_hp_per_floor":[62,37,37,37,25,47,30,0],"gold":247,"neow_bonus":"THREE_RARE_CARDS","is_prod":false,"is_daily":false,"chose_seed":false,"campfire_upgraded":0,"win_rate":0,"timestamp":1546018579,"path_taken":["M","?","?","?","M","R","M","E"],"build_version":"2018-12-20","purchased_purges":0,"victory":false,"max_hp_per_floor":[75,75,75,75,75,75,75,75],"card_choices":[{"not_picked":["Reboot","Amplify"],"picked":"Creative AI","floor":0},{"not_picked":["Streamline","Doom and Gloom"],"picked":"Double Energy","floor":1},{"not_picked":["Stack","Compile Driver"],"picked":"Rebound","floor":2},{"not_picked":["Leap","Rebound"],"picked":"Cold Snap","floor":5},{"not_picked":["Go for the Eyes","Lockon"],"picked":"Glacier","floor":7}],"player_experience":553155,"relics_obtained":[],"event_choices":[{"damage_healed":0,"gold_gain":0,"player_choice":"Take Wound","damage_taken":0,"relics_obtained":["Golden Idol"],"max_hp_gain":0,"max_hp_loss":0,"event_name":"Golden Idol","floor":3,"gold_loss":0,"cards_obtained":["Injury"]},{"damage_healed":0,"gold_gain":175,"player_choice":"AGREE","damage_taken":0,"max_hp_gain":0,"max_hp_loss":0,"event_name":"Liars Game","floor":4,"gold_loss":0,"cards_obtained":["Doubt"]}],"is_beta":false,"boss_relics":[],"items_purged_floors":[],"is_endless":false,"potions_floor_spawned":[1],"killed_by":"Gremlin Nob","ascension_level":7}