{"gold_per_floor":[111,111,58,77,77,77,109,119,142,173,21,21,52,78,78,178,178,194,194,214,233,433,460,473,492,519,550,562,477,477,511,511,607,607,623,1622,1622,1633,716,745,793,823,847,880,897,70,70,88,88,88,88,88,9,41,41],"floor_reached":56,"playtime":2863,"items_purged":["Defend_R","Defend_R"],"score":1644,"play_id":"83e01205-67f7-47c0-9513-c05327bd0789","local_time":"20190304151359","is_ascension_mode":true,"campfire_choices":[{"data":"Perfected Strike","floor":6,"key":"SMITH"},{"data":"Perfected Strike","floor":12,"key":"SMITH"},{"data":"Perfected Strike","floor":15,"key":"SMITH"},{"data":"Perfected Strike","floor":30,"key":"SMITH"},{"data":"Offering","floor":32,"key":"SMITH"},{"floor":47,"key":"RECALL"},{"data":"Armaments","floor":49,"key":"SMITH"},{"data":"Armaments","floor":52,"key":"SMITH"}],"neow_cost":"NONE","seed_source_timestamp":257215999728183,"circlet_count":0,"master_deck":["Strike_R","Strike_R","Strike_R","Strike_R","Strike_R+1","Defend_R","Bash","Perfected Strike+1","Cleave+1","Armaments+1","Offering+1","Perfected Strike+1","Battle Trance","Thunderclap","Perfected Strike+1","Exhume","Sentinel","Reaper","Ghostly Armor","Rage","Shrug It Off+1","Perfected Strike+1","Perfected Strike+1","Wild Strike","Wild Strike","Impervious","Thunderclap+1","Second Wind","Perfected Strike","Feel No Pain","Rage","Good Instincts","Pommel Strike","Disarm","Second Wind+1","Armaments+1","Flash of Steel","Wild Strike","Uppercut+1","Metallicize","Metallicize"],"relics":["Burning Blood","NeowsBlessing","Smiling Mask","Shuriken","Omamori","Vajra","Bag of Marbles","Whetstone","Odd Mushroom","Coffee Dripper","Nilry\u0027s Codex","Anchor","Happy Flower","Bottled Lightning","Du-Vu Doll","Dream Catcher","Runic Pyramid","Oddly Smooth Stone","Matryoshka","Strange Spoon","Centennial Puzzle","Juzu Bracelet","Ice Cream","Ornamental Fan","Strawberry","Orichalcum","FossilizedHelix","Bag of Preparation","ClockworkSouvenir","Art of War"],"potions_floor_usage":[13,14,27,27,55,55,55],"damage_taken":[{"damage":0,"enemies":"2 Louse","floor":1,"turns":1},{"damage":0,"enemies":"Small Slimes","floor":4,"turns":1},{"damage":0,"enemies":"3 Sentries","floor":7,"turns":1},{"damage":6,"enemies":"Jaw Worm","floor":8,"turns":2},{"damage":8,"enemies":"Gremlin Nob","floor":10,"turns":3},{"damage":10,"enemies":"3 Sentries","floor":13,"turns":3},{"damage":0,"enemies":"The Mushroom Lair","floor":14,"turns":2},{"damage":36,"enemies":"The Guardian","floor":16,"turns":5},{"damage":5,"enemies":"Chosen","floor":18,"turns":3},{"damage":8,"enemies":"2 Thieves","floor":20,"turns":2},{"damage":16,"enemies":"Chosen and Byrds","floor":21,"turns":3},{"damage":13,"enemies":"Slavers","floor":23,"turns":3},{"damage":0,"enemies":"Snake Plant","floor":24,"turns":1},{"damage":0,"enemies":"Centurion and Healer","floor":25,"turns":3},{"damage":18,"enemies":"Book of Stabbing","floor":27,"turns":3},{"damage":6,"enemies":"Cultist and Chosen","floor":28,"turns":3},{"damage":6,"enemies":"Slavers","floor":31,"turns":2},{"damage":29,"enemies":"Automaton","floor":33,"turns":5},{"damage":6,"enemies":"3 Darklings","floor":35,"turns":2},{"damage":6,"enemies":"Orb Walker","floor":38,"turns":1},{"damage":6,"enemies":"Nemesis","floor":40,"turns":3},{"damage":6,"enemies":"2 Orb Walkers","floor":41,"turns":3},{"damage":6,"enemies":"Giant Head","floor":42,"turns":6},{"damage":20,"enemies":"Nemesis","floor":44,"turns":3},{"damage":6,"enemies":"Sphere and 2 Shapes","floor":45,"turns":2},{"damage":0,"enemies":"Jaw Worm Horde","floor":48,"turns":2},{"damage":6,"enemies":"Donu and Deca","floor":50,"turns":7},{"damage":36,"enemies":"Shield and Spear","floor":54,"turns":5},{"damage":19,"enemies":"The Heart","floor":55,"turns":7}],"seed_played":"6827451767064525615","potions_obtained":[{"floor":4,"key":"Explosive Potion"},{"floor":10,"key":"PowerPotion"},{"floor":13,"key":"FearPotion"},{"floor":16,"key":"SneckoOil"},{"floor":18,"key":"Ancient Potion"},{"floor":20,"key":"Poison Potion"},{"floor":25,"key":"Explosive Potion"},{"floor":27,"key":"Fruit Juice"},{"floor":33,"key":"Poison Potion"},{"floor":42,"key":"EssenceOfSteel"},{"floor":45,"key":"Dexterity Potion"},{"floor":48,"key":"Dexterity Potion"}],"is_trial":false,"path_per_floor":["M","?","$","M","?","R","E","M","T","E","$","R","E","?","R","B",null,"M","?","M","M","?","E","M","M","T","E","M","?","R","E","R","B",null,"M","?","T","M","$","E","?","E","T","E","M","$","R","M","R","B",null,"R","$","E","B",null],"character_chosen":"IRONCLAD","items_purchased":["Cleave","Bag of Marbles","Perfected Strike","Feel No Pain","Rage","Matryoshka","Strange Spoon","Good Instincts","Centennial Puzzle","FossilizedHelix","Bag of Preparation","ClockworkSouvenir","Flash of Steel","Wild Strike","Metallicize"],"campfire_rested":0,"item_purchase_floors":[3,11,39,39,39,39,39,39,39,46,46,46,46,46,53],"current_hp_per_floor":[80,73,73,79,72,72,78,78,78,76,76,76,72,78,78,48,80,80,64,62,74,74,77,80,80,80,79,85,85,85,85,85,62,85,85,85,85,85,85,85,85,85,92,83,83,83,83,89,89,89,92,92,92,92,91],"gold":41,"neow_bonus":"THREE_ENEMY_KILL","is_prod":false,"is_daily":false,"chose_seed":false,"campfire_upgraded":7,"win_rate":0,"timestamp":1551730439,"path_taken":["M","?","$","M","?","R","E","M","T","E","?","R","E","?","R","BOSS","M","?","M","M","?","E","M","?","T","E","M","?","R","E","R","BOSS","M","?","?","M","?","E","?","E","T","E","M","$","R","M","R","BOSS","R","$","E","BOSS"],"build_version":"2019-02-06","purchased_purges":2,"victory":true,"max_hp_per_floor":[80,80,80,80,80,80,80,80,80,80,80,80,80,80,80,80,80,80,80,80,80,80,80,80,80,80,85,85,85,85,85,85,85,85,85,85,85,85,85,85,85,85,92,92,92,92,92,92,92,92,92,92,92,92,92],"card_choices":[{"not_picked":["Warcry","Battle Trance"],"picked":"Perfected Strike","floor":1},{"not_picked":["Pommel Strike","Clash"],"picked":"Armaments","floor":4},{"not_picked":["Iron Wave","Feel No Pain"],"picked":"Offering","floor":7},{"not_picked":["Seeing Red","Intimidate"],"picked":"Perfected Strike","floor":8},{"not_picked":["Inflame","Armaments"],"picked":"Battle Trance","floor":10},{"not_picked":["Hemokinesis","Sword Boomerang"],"picked":"Thunderclap","floor":13},{"not_picked":["Evolve","Havoc"],"picked":"Perfected Strike","floor":14},{"not_picked":["Demon Form","Brutality"],"picked":"Exhume","floor":16},{"not_picked":["Cleave","Warcry"],"picked":"Sentinel","floor":18},{"not_picked":["Whirlwind","Heavy Blade+1"],"picked":"Reaper","floor":20},{"not_picked":["Heavy Blade+1","Metallicize"],"picked":"Ghostly Armor","floor":21},{"not_picked":["Disarm","Ghostly Armor"],"picked":"Rage","floor":23},{"not_picked":["Ghostly Armor","Anger"],"picked":"Shrug It Off+1","floor":24},{"not_picked":["Havoc","Wild Strike"],"picked":"Perfected Strike","floor":25},{"not_picked":["Pommel Strike","Searing Blow"],"picked":"Perfected Strike+1","floor":27},{"not_picked":["Entrench+1","Inflame"],"picked":"Wild Strike","floor":28},{"not_picked":["Armaments","Infernal Blade"],"picked":"Wild Strike","floor":31},{"not_picked":["Reaper","Dark Embrace"],"picked":"Impervious","floor":33},{"not_picked":["Blood for Blood+1","Hemokinesis"],"picked":"Thunderclap+1","floor":35},{"not_picked":["Body Slam","Evolve"],"picked":"Second Wind","floor":38},{"not_picked":["Cleave+1","Iron Wave"],"picked":"Pommel Strike","floor":40},{"not_picked":["Inflame","Havoc"],"picked":"Disarm","floor":42},{"not_picked":["Flame Barrier+1","Twin Strike"],"picked":"Second Wind+1","floor":44},{"not_picked":["Sword Boomerang+1","Whirlwind+1"],"picked":"Armaments","floor":45},{"not_picked":["Havoc+1","Sentinel"],"picked":"Uppercut+1","floor":48},{"not_picked":["Demon Form","Pummel+1"],"picked":"Metallicize","floor":54}],"player_experience":4789074,"relics_obtained":[{"floor":7,"key":"Shuriken"},{"floor":9,"key":"Omamori"},{"floor":10,"key":"Vajra"},{"floor":13,"key":"Whetstone"},{"floor":14,"key":"Odd Mushroom"},{"floor":19,"key":"Nilry\u0027s Codex"},{"floor":23,"key":"Anchor"},{"floor":26,"key":"Happy Flower"},{"floor":27,"key":"Bottled Lightning"},{"floor":31,"key":"Dream Catcher"},{"floor":37,"key":"Oddly Smooth Stone"},{"floor":40,"key":"Juzu Bracelet"},{"floor":41,"key":"Ice Cream"},{"floor":42,"key":"Ornamental Fan"},{"floor":43,"key":"Strawberry"},{"floor":44,"key":"Orichalcum"},{"floor":54,"key":"Art of War"}],"event_choices":[{"cards_removed":["Defend_R"],"damage_healed":0,"gold_gain":0,"player_choice":"Card Removal","damage_taken":7,"max_hp_gain":0,"max_hp_loss":0,"event_name":"Golden Wing","floor":2,"gold_loss":0},{"damage_healed":0,"gold_gain":0,"player_choice":"Success","damage_taken":7,"relics_obtained":["Smiling Mask"],"max_hp_gain":0,"max_hp_loss":0,"event_name":"Scrap Ooze","floor":5,"gold_loss":0},{"damage_healed":0,"gold_gain":0,"player_choice":"Fought Mushrooms","damage_taken":0,"max_hp_gain":0,"max_hp_loss":0,"event_name":"Mushrooms","floor":14,"gold_loss":0},{"damage_healed":0,"gold_gain":0,"player_choice":"Obtained Book","damage_taken":16,"max_hp_gain":0,"max_hp_loss":0,"event_name":"Cursed Tome","floor":19,"gold_loss":0},{"damage_healed":0,"gold_gain":250,"player_choice":"Bet on Owner","damage_taken":0,"max_hp_gain":0,"max_hp_loss":0,"event_name":"The Joust","floor":22,"gold_loss":50},{"damage_healed":0,"gold_gain":0,"player_choice":"Obtained Relic","damage_taken":0,"relics_obtained":["Du-Vu Doll"],"max_hp_gain":0,"max_hp_loss":0,"event_name":"Addict","floor":29,"gold_loss":85},{"damage_healed":0,"gold_gain":999,"player_choice":"Gold","damage_taken":0,"max_hp_gain":0,"max_hp_loss":0,"event_name":"MindBloom","floor":36,"gold_loss":0,"cards_obtained":["Normality","Normality"]},{"damage_healed":0,"gold_gain":0,"player_choice":"Fight","damage_taken":0,"max_hp_gain":0,"max_hp_loss":0,"event_name":"Mysterious Sphere","floor":41,"gold_loss":0}],"is_beta":true,"boss_relics":[{"not_picked":["Astrolabe","Orrery"],"picked":"Coffee Dripper"},{"not_picked":["Empty Cage","Runic Cube"],"picked":"Runic Pyramid"}],"items_purged_floors":[39,46],"is_endless":false,"potions_floor_spawned":[4,10,13,16,18,20,25,27,33,42,44,45,48],"ascension_level":1}