{"gold_per_floor":[117,117,127,142,152,178,178,210,210,210,175,250,27,53,53,157,157,171,171,183,5,5,30,30,60,87,105,134,147,147,172,172,268,268,288,300,351,365,365,365,665,695,695,729,309,329,329,345,345,345,345,345,29,64,64],"floor_reached":56,"playtime":4773,"items_purged":["Strike_B","Strike_B+1"],"score":1717,"play_id":"ec79412d-efda-4ef4-ad12-07f48d860622","local_time":"20190319042541","is_ascension_mode":true,"campfire_choices":[{"data":"Capacitor","floor":7,"key":"SMITH"},{"data":"Zap","floor":10,"key":"SMITH"},{"data":"Loop","floor":15,"key":"SMITH"},{"data":"Rainbow","floor":30,"key":"SMITH"},{"data":"Loop","floor":32,"key":"SMITH"},{"data":"Defragment","floor":40,"key":"SMITH"},{"floor":49,"key":"RECALL"},{"data":"Multi-Cast","floor":52,"key":"SMITH"}],"neow_cost":"NONE","seed_source_timestamp":635315761029269,"circlet_count":0,"master_deck":["Defend_B+1","Defend_B+1","Defend_B+1","Defend_B+1","Zap+1","Dualcast","Coolheaded","BootSequence","Melter+1","Capacitor+1","Chill","Sweeping Beam+1","Doom and Gloom","Loop+1","Rip and Tear","Rainbow+1","Reinforced Body","Conserve Battery","Ghostly","Ghostly","Ghostly","Ghostly","Ghostly","Loop+1","Redo","Multi-Cast+1","Machine Learning","Doom and Gloom","Cold Snap+1","Recycle+1","Defragment+1","Glacier+1","Undo","Undo+1","Redo","Capacitor"],"relics":["Cracked Core","Dream Catcher","Oddly Smooth Stone","Juzu Bracelet","Matryoshka","Gambling Chip","Snecko Eye","Bag of Preparation","Gremlin Horn","Lantern","Whetstone","Centennial Puzzle","Potion Belt","Bottled Flame","White Beast Statue","Mango","PreservedInsect","Ancient Tea Set","DataDisk","Omamori","Strawberry","Torii"],"potions_floor_usage":[16,33,33,33,37,42,44,46,50,50,55,55,55,55,55],"damage_taken":[{"damage":1,"enemies":"Cultist","floor":1,"turns":3},{"damage":0,"enemies":"Small Slimes","floor":3,"turns":5},{"damage":0,"enemies":"2 Louse","floor":4,"turns":2},{"damage":1,"enemies":"Lots of Slimes","floor":5,"turns":6},{"damage":30,"enemies":"Gremlin Nob","floor":6,"turns":5},{"damage":4,"enemies":"3 Sentries","floor":8,"turns":9},{"damage":15,"enemies":"Lagavulin","floor":14,"turns":9},{"damage":0,"enemies":"The Guardian","floor":16,"turns":7},{"damage":0,"enemies":"3 Byrds","floor":18,"turns":3},{"damage":0,"enemies":"Spheric Guardian","floor":20,"turns":4},{"damage":6,"enemies":"Gremlin Leader","floor":23,"turns":8},{"damage":0,"enemies":"Book of Stabbing","floor":25,"turns":6},{"damage":0,"enemies":"Snake Plant","floor":27,"turns":5},{"damage":0,"enemies":"Slavers","floor":28,"turns":5},{"damage":0,"enemies":"Cultist and Chosen","floor":29,"turns":4},{"damage":0,"enemies":"Gremlin Leader","floor":31,"turns":6},{"damage":5,"enemies":"Champ","floor":33,"turns":8},{"damage":2,"enemies":"3 Darklings","floor":35,"turns":8},{"damage":0,"enemies":"3 Shapes","floor":36,"turns":6},{"damage":6,"enemies":"2 Orb Walkers","floor":37,"turns":6},{"damage":1,"enemies":"Jaw Worm Horde","floor":38,"turns":3},{"damage":20,"enemies":"Giant Head","floor":42,"turns":9},{"damage":0,"enemies":"Nemesis","floor":44,"turns":11},{"damage":0,"enemies":"3 Darklings","floor":46,"turns":6},{"damage":0,"enemies":"4 Shapes","floor":48,"turns":5},{"damage":0,"enemies":"Awakened One","floor":50,"turns":13},{"damage":0,"enemies":"Shield and Spear","floor":54,"turns":3},{"damage":0,"enemies":"The Heart","floor":55,"turns":12}],"seed_played":"-1960936712184999679","potions_obtained":[{"floor":5,"key":"SteroidPotion"},{"floor":8,"key":"Block Potion"},{"floor":18,"key":"PowerPotion"},{"floor":25,"key":"Energy Potion"},{"floor":29,"key":"Swift Potion"},{"floor":31,"key":"SteroidPotion"},{"floor":35,"key":"AttackPotion"},{"floor":36,"key":"Strength Potion"},{"floor":37,"key":"Poison Potion"},{"floor":38,"key":"Ancient Potion"},{"floor":42,"key":"Weak Potion"},{"floor":44,"key":"GamblersBrew"},{"floor":46,"key":"Strength Potion"}],"is_trial":false,"path_per_floor":["M","?","M","M","M","E","R","E","T","R","?","?","$","E","R","B",null,"M","?","M","$","?","E","?","E","T","M","E","M","R","E","R","B",null,"M","M","?","M","?","R","?","E","T","E","$","M","?","M","R","B",null,"R","$","E","B",null],"character_chosen":"DEFECT","items_purchased":["Doom and Gloom","Loop","Bag of Preparation","Conserve Battery","PowerPotion","SkillPotion","Undo","Omamori","Dexterity Potion","Ancient Potion","Redo","Strawberry"],"campfire_rested":0,"item_purchase_floors":[13,13,21,21,45,45,45,45,53,53,53,53],"current_hp_per_floor":[74,74,74,74,73,43,43,39,39,39,57,46,46,31,31,31,75,75,75,75,75,37,31,31,31,31,31,31,31,31,31,31,26,37,35,35,43,42,42,42,42,22,22,22,22,22,22,22,22,22,51,51,58,58,58],"gold":64,"neow_bonus":"RANDOM_COMMON_RELIC","is_prod":false,"is_daily":false,"chose_seed":false,"campfire_upgraded":7,"win_rate":0,"timestamp":1552983941,"path_taken":["M","?","?","M","M","E","R","E","T","R","?","?","$","E","R","BOSS","M","?","M","$","?","E","?","E","T","M","E","M","R","E","R","BOSS","M","M","?","M","?","R","?","E","T","E","?","M","?","M","R","BOSS","R","$","E","BOSS"],"build_version":"2019-03-15","purchased_purges":2,"victory":true,"max_hp_per_floor":[75,75,75,75,75,75,75,75,75,75,75,75,75,75,75,75,75,75,75,75,75,37,37,37,37,37,37,37,37,37,37,37,37,37,37,37,51,51,51,51,51,51,51,51,51,51,51,51,51,51,51,51,58,58,58],"card_choices":[{"not_picked":["Conserve Battery","Beam Cell"],"picked":"Coolheaded","floor":1},{"not_picked":["Lockon","Scrape"],"picked":"BootSequence","floor":3},{"not_picked":["Conserve Battery","Lockon"],"picked":"Melter","floor":4},{"not_picked":["Redo","Reprogram"],"picked":"Capacitor","floor":5},{"not_picked":["Blizzard","Core Surge"],"picked":"Chill","floor":6},{"not_picked":["Coolheaded","Beam Cell"],"picked":"Sweeping Beam","floor":8},{"not_picked":["Static Discharge","Turbo"],"picked":"Rip and Tear","floor":14},{"not_picked":["Thunder Strike","Buffer"],"picked":"Rainbow","floor":16},{"not_picked":["Auto Shields+1","Rebound"],"picked":"Reinforced Body","floor":18},{"not_picked":["Gash+1","Genetic Algorithm","Barrage+1"],"picked":"SKIP","floor":20},{"not_picked":["Loop","Scrape+1","Reprogram"],"picked":"SKIP","floor":23},{"not_picked":["Auto Shields","Storm"],"picked":"Loop","floor":25},{"not_picked":["Turbo","Beam Cell+1","Steam"],"picked":"SKIP","floor":27},{"not_picked":["Hologram","Double Energy","Leap"],"picked":"SKIP","floor":28},{"not_picked":["Go for the Eyes","Gash+1"],"picked":"Redo","floor":29},{"not_picked":["Steam","Hologram"],"picked":"Multi-Cast","floor":31},{"not_picked":["Amplify","Multi-Cast"],"picked":"Machine Learning","floor":33},{"not_picked":["Streamline+1","Rebound","Loop"],"picked":"SKIP","floor":35},{"not_picked":["Steam","Tempest"],"picked":"Doom and Gloom","floor":36},{"not_picked":["Rebound+1","BootSequence"],"picked":"Cold Snap+1","floor":37},{"not_picked":["Skim+1","White Noise+1"],"picked":"Recycle+1","floor":38},{"not_picked":["Coolheaded","Thunder Strike"],"picked":"Glacier+1","floor":42},{"not_picked":["Sweeping Beam","Cold Snap+1","Beam Cell+1"],"picked":"SKIP","floor":44},{"not_picked":["Aggregate","Redo+1","Steam"],"picked":"SKIP","floor":46},{"not_picked":["Force Field","Darkness"],"picked":"Undo+1","floor":48},{"not_picked":["Double Energy","Reprogram+1"],"picked":"Capacitor","floor":54}],"player_experience":4941026,"relics_obtained":[{"floor":6,"key":"Oddly Smooth Stone"},{"floor":8,"key":"Juzu Bracelet"},{"floor":9,"key":"Matryoshka"},{"floor":14,"key":"Gambling Chip"},{"floor":23,"key":"Gremlin Horn"},{"floor":25,"key":"Lantern"},{"floor":26,"key":"Whetstone"},{"floor":26,"key":"Centennial Puzzle"},{"floor":28,"key":"Potion Belt"},{"floor":31,"key":"Bottled Flame"},{"floor":37,"key":"Mango"},{"floor":42,"key":"PreservedInsect"},{"floor":43,"key":"Ancient Tea Set"},{"floor":44,"key":"DataDisk"},{"floor":54,"key":"Torii"}],"event_choices":[{"cards_removed":["Strike_B"],"damage_healed":0,"gold_gain":0,"player_choice":"Purged","damage_taken":0,"max_hp_gain":0,"max_hp_loss":0,"event_name":"Purifier","floor":2,"gold_loss":0},{"damage_healed":18,"gold_gain":0,"player_choice":"Healed","damage_taken":0,"max_hp_gain":0,"max_hp_loss":0,"event_name":"The Cleric","floor":11,"gold_loss":35},{"damage_healed":0,"gold_gain":75,"player_choice":"Gather Gold","damage_taken":11,"max_hp_gain":0,"max_hp_loss":0,"event_name":"World of Goop","floor":12,"gold_loss":0},{"damage_healed":0,"gold_gain":0,"player_choice":"Simplicity","damage_taken":0,"max_hp_gain":0,"max_hp_loss":0,"event_name":"Back to Basics","floor":19,"gold_loss":0,"cards_upgraded":["Strike_B","Strike_B","Defend_B","Defend_B","Defend_B","Defend_B"]},{"damage_healed":0,"gold_gain":0,"player_choice":"Became a Ghost","damage_taken":0,"max_hp_gain":0,"max_hp_loss":38,"event_name":"Ghosts","floor":22,"gold_loss":0,"cards_obtained":["Ghostly","Ghostly","Ghostly","Ghostly","Ghostly"]},{"damage_healed":0,"gold_gain":0,"player_choice":"Ignored","damage_taken":0,"max_hp_gain":0,"max_hp_loss":0,"event_name":"Beggar","floor":24,"gold_loss":0},{"damage_healed":0,"gold_gain":0,"player_choice":"Fight","damage_taken":0,"max_hp_gain":0,"max_hp_loss":0,"event_name":"Mysterious Sphere","floor":37,"gold_loss":0},{"damage_healed":0,"gold_gain":0,"cards_transformed":["Strike_B"],"player_choice":"Transformed","damage_taken":0,"max_hp_gain":0,"max_hp_loss":0,"event_name":"Transmorgrifier","floor":39,"gold_loss":0,"cards_obtained":["Defragment"]},{"damage_healed":0,"gold_gain":300,"player_choice":"Gold","damage_taken":0,"max_hp_gain":0,"max_hp_loss":0,"event_name":"Wheel of Change","floor":41,"gold_loss":0},{"damage_healed":0,"gold_gain":0,"player_choice":"Ignored","damage_taken":0,"max_hp_gain":0,"max_hp_loss":0,"event_name":"Tomb of Lord Red Mask","floor":47,"gold_loss":0}],"is_beta":true,"boss_relics":[{"not_picked":["Nuclear Battery","Pandora\u0027s Box"],"picked":"Snecko Eye"},{"not_picked":["Lizard Tail","FrozenCore"],"picked":"White Beast Statue"}],"items_purged_floors":[13,45],"is_endless":false,"potions_floor_spawned":[5,8,18,25,27,29,31,35,36,37,38,42,44,46,48,54],"ascension_level":1}