{"gold_per_floor":[114,133,208,208,218,218,143,173,173,184,184,199,229,241,241,312,312,332,312,324,172,189,189,206,217,217,250,250,262,262],"floor_reached":30,"playtime":985,"items_purged":["Strike_B"],"score":513,"play_id":"a42803ed-d774-458b-b6a4-dc80d133909e","local_time":"20190323202812","is_ascension_mode":true,"campfire_choices":[{"data":"Zap","floor":6,"key":"SMITH"},{"data":"Defragment","floor":11,"key":"SMITH"},{"data":"Barrage","floor":15,"key":"SMITH"},{"floor":23,"key":"REST"},{"floor":28,"key":"REST"}],"neow_cost":"NONE","seed_source_timestamp":821432171904200,"circlet_count":0,"master_deck":["AscendersBane","Strike_B","Strike_B","Defend_B","Defend_B","Defend_B","Defend_B","Zap+1","Dualcast","Ball Lightning","Cold Snap","Barrage+1","Defragment+1","Go for the Eyes","Barrage","Barrage","Blizzard","Defragment","Cold Snap","Chill","Leap","Cold Snap+1","Go for the Eyes+1"],"relics":["FrozenCore","Emotion Chip","Torii","Mango","Omamori","Smiling Mask"],"potions_floor_usage":[8,16,22,22,27],"damage_taken":[{"damage":6,"enemies":"2 Louse","floor":1,"turns":3},{"damage":2,"enemies":"Jaw Worm","floor":2,"turns":3},{"damage":0,"enemies":"Cultist","floor":5,"turns":3},{"damage":17,"enemies":"Lagavulin","floor":8,"turns":5},{"damage":0,"enemies":"Looter","floor":10,"turns":3},{"damage":1,"enemies":"Blue Slaver","floor":12,"turns":3},{"damage":9,"enemies":"3 Sentries","floor":13,"turns":5},{"damage":9,"enemies":"Red Slaver","floor":14,"turns":3},{"damage":6,"enemies":"The Guardian","floor":16,"turns":9},{"damage":16,"enemies":"Shell Parasite","floor":18,"turns":5},{"damage":9,"enemies":"Chosen","floor":20,"turns":4},{"damage":8,"enemies":"Snecko","floor":22,"turns":6},{"damage":6,"enemies":"Centurion and Healer","floor":24,"turns":8},{"damage":7,"enemies":"Snake Plant","floor":25,"turns":5},{"damage":42,"enemies":"Slavers","floor":27,"turns":9},{"damage":21,"enemies":"3 Cultists","floor":29,"turns":6},{"damage":27,"enemies":"Gremlin Leader","floor":30,"turns":4}],"seed_played":"-4022076264571938563","potions_obtained":[{"floor":5,"key":"FocusPotion"},{"floor":12,"key":"Poison Potion"},{"floor":14,"key":"Strength Potion"},{"floor":16,"key":"FearPotion"},{"floor":19,"key":"Swift Potion"},{"floor":25,"key":"Weak Potion"},{"floor":27,"key":"SteroidPotion"}],"is_trial":false,"path_per_floor":["M","M","?","?","M","R","?","E","T","M","R","M","E","M","R","B",null,"M","?","M","$","M","R","M","M","T","E","R","M","E"],"character_chosen":"DEFECT","items_purchased":["Defragment"],"campfire_rested":2,"item_purchase_floors":[21],"current_hp_per_floor":[65,63,52,78,78,78,78,61,61,61,61,60,65,56,56,50,82,66,66,57,57,49,76,70,63,63,21,48,27,0],"gold":262,"neow_bonus":"TEN_PERCENT_HP_BONUS","is_prod":false,"is_daily":false,"chose_seed":false,"campfire_upgraded":3,"win_rate":0,"timestamp":1553369292,"path_taken":["M","M","?","?","M","R","?","E","T","M","R","M","E","M","R","BOSS","M","?","M","$","M","R","M","M","T","E","R","?","E"],"build_version":"2019-01-23","purchased_purges":1,"victory":false,"max_hp_per_floor":[78,78,78,78,78,78,78,78,78,78,78,78,92,92,92,92,92,92,92,92,92,92,92,92,92,92,92,92,92,92],"card_choices":[{"not_picked":["Lockon","Coolheaded"],"picked":"Ball Lightning","floor":1},{"not_picked":["Ball Lightning","Go for the Eyes"],"picked":"Cold Snap","floor":2},{"not_picked":["Storm","Chaos"],"picked":"Barrage","floor":5},{"not_picked":["Streamline","Redo"],"picked":"Defragment","floor":8},{"not_picked":["Coolheaded","Rainbow"],"picked":"Go for the Eyes","floor":10},{"not_picked":["Rebound","Hologram","Gash"],"picked":"SKIP","floor":12},{"not_picked":["Cold Snap","Hello World"],"picked":"Barrage","floor":13},{"not_picked":["Streamline","Coolheaded"],"picked":"Barrage","floor":14},{"not_picked":["Streamline","Rebound"],"picked":"Blizzard","floor":18},{"not_picked":["Reprogram","Hello World","Turbo"],"picked":"SKIP","floor":20},{"not_picked":["Go for the Eyes","Conserve Battery+1"],"picked":"Cold Snap","floor":22},{"not_picked":["Heatsinks","Ball Lightning"],"picked":"Chill","floor":24},{"not_picked":["Ball Lightning","Reprogram"],"picked":"Leap","floor":25},{"not_picked":["Force Field","Tempest"],"picked":"Cold Snap+1","floor":27},{"not_picked":["Barrage","Hello World"],"picked":"Go for the Eyes+1","floor":29}],"player_experience":562364,"relics_obtained":[{"floor":8,"key":"Emotion Chip"},{"floor":9,"key":"Torii"},{"floor":13,"key":"Mango"},{"floor":26,"key":"Omamori"},{"floor":27,"key":"Smiling Mask"}],"event_choices":[{"damage_healed":0,"gold_gain":75,"player_choice":"Gather Gold","damage_taken":11,"max_hp_gain":0,"max_hp_loss":0,"event_name":"World of Goop","floor":3,"gold_loss":0},{"damage_healed":26,"gold_gain":0,"player_choice":"Banana","damage_taken":0,"max_hp_gain":0,"max_hp_loss":0,"event_name":"Big Fish","floor":4,"gold_loss":0},{"cards_removed":["Strike_B"],"damage_healed":0,"gold_gain":0,"player_choice":"Card Removal","damage_taken":0,"max_hp_gain":0,"max_hp_loss":0,"event_name":"The Cleric","floor":7,"gold_loss":75},{"damage_healed":0,"gold_gain":0,"player_choice":"Bought 1 Potion","damage_taken":0,"max_hp_gain":0,"max_hp_loss":0,"event_name":"The Woman in Blue","floor":19,"gold_loss":0}],"is_beta":false,"boss_relics":[{"not_picked":["Tiny House","Eternal Feather"],"picked":"FrozenCore"}],"items_purged_floors":[21],"is_endless":false,"potions_floor_spawned":[5,12,14,16,18,25,27],"killed_by":"Gremlin Leader","ascension_level":17}