{"gold_per_floor":[359,88,108,121,121,155,166,194,194,206,229,254,294,19,19,118,118,133,133,133,152,172,227,227,258,258,258,271,296,296,316,316,420,420,436,23,23,23,35,65,65,94,139,159,191,225,225,259,259,259,259,259,11,37,37],"floor_reached":56,"playtime":4870,"items_purged":["Defend_G","Strike_G","Strike_G"],"score":1532,"play_id":"74320cc4-97eb-42fa-8491-159e7d171818","local_time":"20190221190337","is_ascension_mode":true,"campfire_choices":[{"data":"Infinite Blades","floor":10,"key":"SMITH"},{"data":"Neutralize","floor":15,"key":"SMITH"},{"data":"Envenom","floor":24,"key":"SMITH"},{"data":"Well Laid Plans","floor":27,"key":"SMITH"},{"floor":30,"key":"REST"},{"data":"Sucker Punch","floor":32,"key":"SMITH"},{"floor":47,"key":"RECALL"},{"data":"After Image","floor":49,"key":"SMITH"},{"data":"A Thousand Cuts","floor":52,"key":"SMITH"}],"neow_cost":"TEN_PERCENT_HP_LOSS","seed_source_timestamp":5812010427507637,"circlet_count":0,"master_deck":["Defend_G","Defend_G","Defend_G","Defend_G","Strike_G","Survivor","Neutralize+1","Backflip","Well Laid Plans+1","PiercingWail","Predator","Terror","Flying Knee","PiercingWail+1","Infinite Blades+1","Cloak And Dagger","Flechettes","Die Die Die","Backflip","Envenom+1","Infinite Blades","Crippling Poison+1","Doppelganger","Backstab","Heel Hook","Deflect","Burst","Sucker Punch+1","Outmaneuver+1","Riddle With Holes","A Thousand Cuts+1","Sadistic Nature","Riddle With Holes","After Image+1","Sucker Punch+1","Malaise","Leg Sweep+1","Backflip","Footwork","Blur","Dodge and Roll","Footwork","Adrenaline"],"relics":["Ring of the Snake","WingedGreaves","Happy Flower","Bottled Tornado","MawBank","Bag of Marbles","Paper Crane","Sozu","Tiny Chest","Centennial Puzzle","Ninja Scroll","Runic Dome","Oddly Smooth Stone","Torii","Pear","Question Card","Ancient Tea Set","Pantograph","Strawberry","Blue Candle","War Paint"],"potions_floor_usage":[6,16,55],"damage_taken":[{"damage":0,"enemies":"Jaw Worm","floor":1,"turns":5},{"damage":0,"enemies":"Cultist","floor":3,"turns":4},{"damage":0,"enemies":"2 Louse","floor":4,"turns":3},{"damage":16,"enemies":"3 Sentries","floor":6,"turns":10},{"damage":5,"enemies":"Lots of Slimes","floor":7,"turns":4},{"damage":6,"enemies":"Gremlin Nob","floor":8,"turns":4},{"damage":8,"enemies":"Gremlin Gang","floor":11,"turns":5},{"damage":7,"enemies":"Blue Slaver","floor":12,"turns":2},{"damage":9,"enemies":"3 Sentries","floor":13,"turns":7},{"damage":0,"enemies":"Slime Boss","floor":16,"turns":6},{"damage":0,"enemies":"Chosen","floor":18,"turns":3},{"damage":0,"enemies":"Shell Parasite","floor":21,"turns":4},{"damage":0,"enemies":"Snecko","floor":22,"turns":4},{"damage":11,"enemies":"Book of Stabbing","floor":23,"turns":5},{"damage":8,"enemies":"Gremlin Leader","floor":25,"turns":7},{"damage":4,"enemies":"Sentry and Sphere","floor":28,"turns":6},{"damage":2,"enemies":"Book of Stabbing","floor":29,"turns":6},{"damage":0,"enemies":"Snake Plant","floor":31,"turns":5},{"damage":11,"enemies":"Collector","floor":33,"turns":9},{"damage":0,"enemies":"3 Shapes","floor":35,"turns":6},{"damage":1,"enemies":"3 Darklings","floor":39,"turns":4},{"damage":4,"enemies":"Reptomancer","floor":40,"turns":7},{"damage":0,"enemies":"Giant Head","floor":42,"turns":7},{"damage":7,"enemies":"4 Shapes","floor":44,"turns":3},{"damage":16,"enemies":"Nemesis","floor":45,"turns":5},{"damage":0,"enemies":"Giant Head","floor":46,"turns":7},{"damage":0,"enemies":"Nemesis","floor":48,"turns":7},{"damage":1,"enemies":"Donu and Deca","floor":50,"turns":10},{"damage":9,"enemies":"Shield and Spear","floor":54,"turns":9},{"damage":30,"enemies":"The Heart","floor":55,"turns":10}],"seed_played":"1921749068509705750","potions_obtained":[{"floor":1,"key":"FearPotion"},{"floor":4,"key":"Energy Potion"},{"floor":8,"key":"Strength Potion"},{"floor":13,"key":"SmokeBomb"}],"is_trial":false,"path_per_floor":["M","$","M","M","?","E","M","E","T","R","M","M","E","$","R","B",null,"M","?","?","M","M","E","R","E","T","R","M","E","R","M","R","B",null,"M","$","?","$","M","E","T","E","T","M","E","E","R","E","R","B",null,"R","$","E","B",null],"character_chosen":"THE_SILENT","items_purchased":["Well Laid Plans","Regen Potion","PiercingWail","Paper Crane","Backflip","Oddly Smooth Stone","Sadistic Nature","Dodge and Roll","Footwork"],"campfire_rested":1,"item_purchase_floors":[2,2,2,14,14,36,36,53,53],"current_hp_per_floor":[63,63,63,63,63,62,57,51,51,51,43,36,27,27,27,27,63,63,63,63,63,63,52,52,44,44,44,40,38,56,56,56,45,63,63,63,63,63,62,58,68,68,68,61,45,52,52,52,52,76,80,80,80,71,50],"gold":37,"neow_bonus":"TWO_FIFTY_GOLD","is_prod":false,"is_daily":false,"chose_seed":false,"campfire_upgraded":7,"win_rate":0,"timestamp":1550793817,"path_taken":["M","$","M","M","?","E","?","E","T","R","M","M","E","$","R","BOSS","M","?","?","M","?","E","R","E","T","R","?","E","R","M","R","BOSS","M","$","?","?","M","E","?","E","T","M","E","E","R","E","R","BOSS","R","$","E","BOSS"],"build_version":"2019-02-06","purchased_purges":3,"victory":true,"max_hp_per_floor":[63,63,63,63,63,63,63,63,63,63,63,63,63,63,63,63,63,63,63,63,63,63,63,63,63,63,63,63,63,63,63,63,63,63,63,63,63,63,63,63,73,73,73,73,73,80,80,80,80,80,80,80,80,80,80],"card_choices":[{"not_picked":["Riddle With Holes","Acrobatics"],"picked":"Backflip","floor":1},{"not_picked":["Bane","Acrobatics"],"picked":"Predator","floor":3},{"not_picked":["Blur","Slice"],"picked":"Terror","floor":4},{"not_picked":["Doppelganger","Distraction"],"picked":"Flying Knee","floor":6},{"not_picked":["Blade Dance","Backflip"],"picked":"PiercingWail","floor":7},{"not_picked":["Noxious Fumes","Predator"],"picked":"Infinite Blades","floor":8},{"not_picked":["Well Laid Plans","Quick Slash"],"picked":"Cloak And Dagger","floor":11},{"not_picked":["Dagger Throw","Endless Agony"],"picked":"Flechettes","floor":12},{"not_picked":["All Out Attack","Quick Slash"],"picked":"Die Die Die","floor":13},{"not_picked":["Tools of the Trade","Night Terror"],"picked":"Envenom","floor":16},{"not_picked":["Cloak And Dagger","Escape Plan"],"picked":"Infinite Blades","floor":18},{"not_picked":["Infinite Blades","Sucker Punch"],"picked":"Backstab","floor":21},{"not_picked":["Eviscerate","Outmaneuver"],"picked":"Heel Hook","floor":22},{"not_picked":["Blade Dance","Dagger Spray"],"picked":"Deflect","floor":23},{"not_picked":["Dagger Throw","All Out Attack"],"picked":"Burst","floor":25},{"not_picked":["Outmaneuver","Poisoned Stab"],"picked":"Sucker Punch","floor":28},{"not_picked":["Dagger Throw","Night Terror"],"picked":"Outmaneuver+1","floor":29},{"not_picked":["Choke","Acrobatics"],"picked":"Riddle With Holes","floor":31},{"not_picked":["Corpse Explosion","Doppelganger"],"picked":"A Thousand Cuts","floor":33},{"not_picked":["Deadly Poison","Slice","Dagger Throw"],"picked":"SKIP","floor":35},{"not_picked":["Blade Dance+1","Dagger Spray"],"picked":"After Image","floor":39},{"not_picked":["Dagger Spray+1","Heel Hook+1"],"picked":"Sucker Punch+1","floor":40},{"not_picked":["Unload","Reflex+1"],"picked":"Malaise","floor":42},{"not_picked":["Outmaneuver","Flechettes","Bane"],"picked":"Leg Sweep+1","floor":44},{"not_picked":["Backstab+1","Terror","Poisoned Stab"],"picked":"Backflip","floor":45},{"not_picked":["Sucker Punch","Dagger Throw+1","Masterful Stab+1"],"picked":"Footwork","floor":46},{"not_picked":["Sucker Punch+1","Setup","Reflex+1"],"picked":"Blur","floor":48},{"not_picked":["Acrobatics+1","Reflex+1","Blade Dance"],"picked":"Adrenaline","floor":54}],"player_experience":4634928,"relics_obtained":[{"floor":6,"key":"Happy Flower"},{"floor":8,"key":"Bottled Tornado"},{"floor":9,"key":"MawBank"},{"floor":13,"key":"Bag of Marbles"},{"floor":23,"key":"Tiny Chest"},{"floor":25,"key":"Centennial Puzzle"},{"floor":29,"key":"Ninja Scroll"},{"floor":40,"key":"Torii"},{"floor":41,"key":"Pear"},{"floor":42,"key":"Question Card"},{"floor":43,"key":"Ancient Tea Set"},{"floor":45,"key":"Pantograph"},{"floor":46,"key":"Strawberry"},{"floor":48,"key":"Blue Candle"},{"floor":54,"key":"War Paint"}],"event_choices":[{"damage_healed":0,"gold_gain":0,"player_choice":"Gave Potion","damage_taken":0,"relics_obtained":["WingedGreaves"],"max_hp_gain":0,"max_hp_loss":0,"event_name":"WeMeetAgain","floor":5,"gold_loss":0},{"damage_healed":0,"gold_gain":0,"player_choice":"Read","damage_taken":0,"max_hp_gain":0,"max_hp_loss":0,"event_name":"The Library","floor":19,"gold_loss":0,"cards_obtained":["Crippling Poison"]},{"damage_healed":0,"gold_gain":0,"cards_transformed":["Strike_G"],"player_choice":"Transformed","damage_taken":0,"max_hp_gain":0,"max_hp_loss":0,"event_name":"Transmorgrifier","floor":20,"gold_loss":0,"cards_obtained":["Doppelganger"]},{"damage_healed":0,"gold_gain":0,"cards_transformed":["Strike_G"],"player_choice":"Transformed","damage_taken":0,"max_hp_gain":0,"max_hp_loss":0,"event_name":"Transmorgrifier","floor":37,"gold_loss":0,"cards_obtained":["Riddle With Holes"]}],"is_beta":true,"boss_relics":[{"not_picked":["Black Star","Philosopher\u0027s Stone"],"picked":"Sozu"},{"not_picked":["Snecko Eye","Orrery"],"picked":"Runic Dome"}],"items_purged_floors":[2,36,53],"is_endless":false,"potions_floor_spawned":[1,4,8,13,21,22,25,29,33,35,40,44,45,46],"ascension_level":1}