{"gold_per_floor":[118,118,129,146,164,164,180,180,180,193,193,42,59,134,134,231,231,249,261,261,360,375,375,65,77,146,160,180,0,0,11,11,11],"floor_reached":33,"playtime":580,"items_purged":["Defend_R"],"score":268,"play_id":"ac64f0d0-eb7d-4dfc-957c-1d80bb162233","local_time":"20190405212403","is_ascension_mode":false,"campfire_choices":[{"data":"Flex","floor":6,"key":"SMITH"},{"data":"Sword Boomerang","floor":8,"key":"SMITH"},{"data":"Whirlwind","floor":15,"key":"SMITH"},{"data":"Flex","floor":23,"key":"SMITH"},{"data":"Whirlwind","floor":32,"key":"SMITH"}],"neow_cost":"NONE","seed_source_timestamp":50029235177000,"circlet_count":0,"master_deck":["Strike_R","Strike_R","Strike_R","Strike_R","Strike_R","Defend_R","Defend_R","Defend_R","Bash+1","Sword Boomerang+1","Flex+1","Battle Trance","Pummel","Whirlwind+1","Flex+1","Reaper","Flex","Flex","Whirlwind+1"],"relics":["Burning Blood","Champion Belt","Thread and Needle","Runic Cube","Juzu Bracelet","Blood Vial","Bottled Lightning"],"potions_floor_usage":[16,33,33],"damage_taken":[{"damage":13,"enemies":"2 Louse","floor":1,"turns":2},{"damage":1,"enemies":"Cultist","floor":3,"turns":3},{"damage":13,"enemies":"Jaw Worm","floor":4,"turns":3},{"damage":1,"enemies":"2 Fungi Beasts","floor":5,"turns":3},{"damage":7,"enemies":"Looter","floor":7,"turns":2},{"damage":19,"enemies":"3 Louse","floor":10,"turns":3},{"damage":2,"enemies":"Exordium Wildlife","floor":13,"turns":2},{"damage":26,"enemies":"Hexaghost","floor":16,"turns":7},{"damage":6,"enemies":"Spheric Guardian","floor":18,"turns":3},{"damage":1,"enemies":"3 Byrds","floor":19,"turns":3},{"damage":27,"enemies":"Shelled Parasite and Fungi","floor":22,"turns":3},{"damage":14,"enemies":"3 Cultists","floor":25,"turns":3},{"damage":4,"enemies":"Centurion and Healer","floor":27,"turns":3},{"damage":1,"enemies":"Sentry and Sphere","floor":28,"turns":3},{"damage":17,"enemies":"Snake Plant","floor":31,"turns":2},{"damage":87,"enemies":"Automaton","floor":33,"turns":8}],"seed_played":"2531837759210306198","potions_obtained":[{"floor":1,"key":"SkillPotion"},{"floor":4,"key":"FairyPotion"},{"floor":10,"key":"GamblersBrew"},{"floor":13,"key":"EssenceOfSteel"},{"floor":18,"key":"PowerPotion"}],"is_trial":false,"path_per_floor":["M","?","M","M","M","R","M","R","T","M","?","$","M","?","R","B",null,"M","M","?","?","M","R","$","M","T","M","M","?","$","M","R","B"],"character_chosen":"IRONCLAD","items_purchased":["Whirlwind","Juzu Bracelet","Blood Vial"],"campfire_rested":0,"item_purchase_floors":[12,24,24],"current_hp_per_floor":[73,73,78,71,76,76,75,75,75,62,62,62,66,55,55,35,80,80,80,80,80,59,59,59,71,71,75,80,80,80,69,69,0],"gold":11,"neow_bonus":"UPGRADE_CARD","is_prod":false,"is_daily":false,"chose_seed":false,"campfire_upgraded":5,"win_rate":0,"timestamp":1554492243,"path_taken":["M","?","M","?","M","R","M","R","T","M","?","$","M","?","R","BOSS","M","M","?","?","M","R","?","M","T","M","M","?","$","M","R","BOSS"],"build_version":"2019-01-23","purchased_purges":1,"victory":false,"max_hp_per_floor":[80,80,80,80,80,80,80,80,80,80,80,80,80,80,80,80,80,80,80,80,80,80,80,80,80,80,80,80,80,80,80,80,80],"card_choices":[{"not_picked":["Metallicize","True Grit","Sever Soul"],"picked":"SKIP","floor":1},{"not_picked":["Bloodletting","Flex"],"picked":"Sword Boomerang","floor":3},{"not_picked":["Havoc","Power Through"],"picked":"Flex","floor":4},{"not_picked":["Hemokinesis","Rampage"],"picked":"Battle Trance","floor":5},{"not_picked":["Headbutt","Iron Wave","Entrench"],"picked":"SKIP","floor":7},{"not_picked":["Seeing Red","Pommel Strike"],"picked":"Pummel","floor":10},{"not_picked":["Wild Strike","Blood for Blood"],"picked":"Flex","floor":13},{"not_picked":["Exhume","Impervious"],"picked":"Reaper","floor":16},{"not_picked":["Anger","Fire Breathing"],"picked":"Flex","floor":18},{"not_picked":["Shrug It Off+1","Perfected Strike","Heavy Blade"],"picked":"SKIP","floor":19},{"not_picked":["True Grit","Clash+1","Warcry+1"],"picked":"SKIP","floor":22},{"not_picked":["Combust","Havoc"],"picked":"Whirlwind","floor":25},{"not_picked":["Anger","Body Slam","Clothesline"],"picked":"SKIP","floor":27},{"not_picked":["Brutality","Warcry","Havoc"],"picked":"SKIP","floor":28},{"not_picked":["Power Through+1","True Grit+1","Flex"],"picked":"SKIP","floor":31}],"player_experience":579632,"relics_obtained":[{"floor":9,"key":"Thread and Needle"},{"floor":26,"key":"Bottled Lightning"}],"event_choices":[{"damage_healed":0,"gold_gain":0,"player_choice":"Gave Potion","damage_taken":0,"relics_obtained":["Champion Belt"],"max_hp_gain":0,"max_hp_loss":0,"event_name":"WeMeetAgain","floor":2,"gold_loss":0},{"damage_healed":0,"gold_gain":0,"player_choice":"Ignored","damage_taken":0,"max_hp_gain":0,"max_hp_loss":0,"event_name":"Liars Game","floor":11,"gold_loss":0},{"damage_healed":0,"gold_gain":75,"player_choice":"Gather Gold","damage_taken":11,"max_hp_gain":0,"max_hp_loss":0,"event_name":"World of Goop","floor":14,"gold_loss":0},{"damage_healed":0,"gold_gain":0,"player_choice":"Read","damage_taken":0,"max_hp_gain":0,"max_hp_loss":0,"event_name":"The Library","floor":20,"gold_loss":0,"cards_obtained":["Flex"]},{"damage_healed":0,"gold_gain":99,"player_choice":"Stole From Cult","damage_taken":0,"max_hp_gain":0,"max_hp_loss":0,"event_name":"Nest","floor":21,"gold_loss":0},{"damage_healed":0,"gold_gain":0,"player_choice":"Paid Fearfully","damage_taken":0,"max_hp_gain":0,"max_hp_loss":0,"event_name":"Masked Bandits","floor":29,"gold_loss":180}],"is_beta":false,"boss_relics":[{"not_picked":["Fusion Hammer","Runic Pyramid"],"picked":"Runic Cube"}],"items_purged_floors":[12],"is_endless":false,"potions_floor_spawned":[1,4,10,13,18,19,31],"killed_by":"Automaton","ascension_level":0}