{"gold_per_floor":[113,113,113,132,132,157,82,116,140,140,140,140,140,465,465,562,562,581,581,591,591,506,532,732,758,839,939,939,972,972,551,551,648,698,709,755,665,665,665,696,696,722,795,795,810,840,137,154,154,154,154,154,12,44,44],"floor_reached":56,"playtime":3413,"items_purged":["Strike_R","Strike_R+1","Defend_R+1"],"score":1528,"play_id":"734215c5-9888-4291-aaa5-ff2d2670f447","local_time":"20190424085023","is_ascension_mode":true,"campfire_choices":[{"data":"Metallicize","floor":10,"key":"SMITH"},{"data":"Bash","floor":13,"key":"SMITH"},{"data":"Metallicize","floor":15,"key":"SMITH"},{"floor":28,"key":"REST"},{"data":"Juggernaut","floor":32,"key":"SMITH"},{"floor":41,"key":"RECALL"},{"data":"Uppercut","floor":44,"key":"SMITH"},{"data":"True Grit","floor":49,"key":"SMITH"},{"data":"Discovery","floor":52,"key":"SMITH"}],"neow_cost":"NONE","seed_source_timestamp":3762963988794319,"circlet_count":0,"master_deck":["Defend_R+1","Defend_R+1","Defend_R+1","Bash+1","Rampage+1","Metallicize+1","Headbutt","Metallicize+1","Juggernaut+1","Shrug It Off","Necronomicurse","Double Tap","True Grit+1","Evolve+1","Shrug It Off","Immolate","Uppercut+1","True Grit+1","Discovery+1","Headbutt+1","Iron Wave+1","Power Through","Metallicize","Panacea"],"relics":["Burning Blood","Juzu Bracelet","Whetstone","Unceasing Top","Old Coin","Velvet Choker","Necronomicon","Letter Opener","Ancient Tea Set","Dodecahedron","Sundial","Gambling Chip","Singing Bowl","Bag of Marbles","Bronze Scales","Blood Vial","Tiny House","Torii","Pocketwatch","Boot","Self Forming Clay","Orichalcum","Kunai","Pantograph","Shuriken"],"potions_floor_usage":[16,16,23,29,36,46,55,55,55],"damage_taken":[{"damage":0,"enemies":"2 Louse","floor":1,"turns":2},{"damage":0,"enemies":"Small Slimes","floor":4,"turns":4},{"damage":24,"enemies":"Gremlin Nob","floor":6,"turns":6},{"damage":20,"enemies":"Lagavulin","floor":8,"turns":7},{"damage":5,"enemies":"3 Sentries","floor":14,"turns":5},{"damage":0,"enemies":"Slime Boss","floor":16,"turns":8},{"damage":13,"enemies":"2 Thieves","floor":18,"turns":4},{"damage":2,"enemies":"Shell Parasite","floor":20,"turns":4},{"damage":17,"enemies":"Slavers","floor":23,"turns":6},{"damage":11,"enemies":"Book of Stabbing","floor":25,"turns":5},{"damage":12,"enemies":"Colosseum Slavers","floor":27,"turns":5},{"damage":12,"enemies":"Colosseum Nobs","floor":27,"turns":4},{"damage":0,"enemies":"Gremlin Leader","floor":29,"turns":4},{"damage":31,"enemies":"Automaton","floor":33,"turns":8},{"damage":0,"enemies":"3 Darklings","floor":35,"turns":1},{"damage":2,"enemies":"2 Orb Walkers","floor":36,"turns":2},{"damage":0,"enemies":"Nemesis","floor":40,"turns":5},{"damage":1,"enemies":"Giant Head","floor":42,"turns":7},{"damage":0,"enemies":"3 Shapes","floor":45,"turns":3},{"damage":22,"enemies":"Reptomancer","floor":46,"turns":6},{"damage":0,"enemies":"Sphere and 2 Shapes","floor":48,"turns":4},{"damage":2,"enemies":"Time Eater","floor":50,"turns":11},{"damage":18,"enemies":"Shield and Spear","floor":54,"turns":7},{"damage":15,"enemies":"The Heart","floor":55,"turns":10}],"seed_played":"3424752924769440223","potions_obtained":[{"floor":6,"key":"Fire Potion"},{"floor":8,"key":"AttackPotion"},{"floor":20,"key":"AttackPotion"},{"floor":23,"key":"Swift Potion"},{"floor":34,"key":"Ancient Potion"},{"floor":36,"key":"Dexterity Potion"},{"floor":40,"key":"SteroidPotion"}],"is_trial":false,"path_per_floor":["M","?","?","M","?","E","$","E","T","R","?","?","R","E","R","B",null,"M","?","M","?","?","E","?","E","T","?","R","E","T","$","R","B",null,"M","?","?","?","?","E","R","E","T","R","M","E","$","M","R","B",null,"R","$","E","B",null],"character_chosen":"IRONCLAD","items_purchased":["Blood Vial","Evolve","Block Potion","Shrug It Off","Kunai","Pantograph","Metallicize","Panacea","Weak Potion"],"campfire_rested":1,"item_purchase_floors":[31,31,31,31,47,47,47,53,53],"current_hp_per_floor":[80,85,78,84,84,66,66,52,52,52,52,52,52,53,53,59,85,78,62,66,66,66,55,55,50,50,38,63,71,71,71,71,48,92,92,94,94,94,94,94,94,94,94,94,96,80,80,90,90,98,98,98,98,88,91],"gold":44,"neow_bonus":"RANDOM_COMMON_RELIC","is_prod":false,"is_daily":false,"chose_seed":false,"campfire_upgraded":7,"win_rate":0,"timestamp":1556110223,"path_taken":["M","?","?","M","?","E","$","E","T","R","?","?","R","E","R","BOSS","M","?","M","?","?","E","?","E","T","?","R","E","?","$","R","BOSS","M","?","?","?","?","E","R","E","T","R","M","E","$","M","R","BOSS","R","$","E","BOSS"],"build_version":"2019-04-23","purchased_purges":3,"victory":true,"max_hp_per_floor":[80,85,85,85,85,85,85,85,85,85,85,85,85,85,85,85,85,85,85,85,85,85,85,85,85,85,85,85,87,87,87,87,87,92,92,94,94,94,94,94,94,94,94,94,96,96,96,98,98,98,98,98,98,100,100],"card_choices":[{"not_picked":["True Grit","Sentinel"],"picked":"Rampage","floor":1},{"not_picked":["Twin Strike","Wild Strike"],"picked":"Metallicize","floor":4},{"not_picked":["Twin Strike","Uppercut"],"picked":"Headbutt","floor":6},{"not_picked":["Rupture","Feel No Pain"],"picked":"Clash","floor":8},{"not_picked":["Body Slam","Whirlwind"],"picked":"Metallicize","floor":14},{"not_picked":["Impervious","Brutality"],"picked":"Juggernaut","floor":16},{"not_picked":["Searing Blow+1","Clothesline+1"],"picked":"Shrug It Off","floor":18},{"not_picked":["Perfected Strike+1","Hemokinesis","Pommel Strike"],"picked":"SKIP","floor":20},{"not_picked":["Burning Pact","Infernal Blade","Pummel"],"picked":"SKIP","floor":23},{"not_picked":["Searing Blow+1","Pommel Strike"],"picked":"Double Tap","floor":25},{"not_picked":["Havoc","Anger"],"picked":"True Grit","floor":27},{"not_picked":["Twin Strike+1","Body Slam","Heavy Blade"],"picked":"Singing Bowl","floor":29},{"not_picked":["Reaper","Fiend Fire"],"picked":"Immolate","floor":33},{"not_picked":["Shrug It Off+1","Flame Barrier"],"picked":"Uppercut","floor":34},{"not_picked":["Perfected Strike+1","Armaments"],"picked":"True Grit+1","floor":35},{"not_picked":["Whirlwind+1","Fire Breathing+1","Pommel Strike+1"],"picked":"Singing Bowl","floor":36},{"not_picked":["Chrysalis","Purity"],"picked":"Discovery","floor":38},{"not_picked":["Pommel Strike","Havoc"],"picked":"Headbutt+1","floor":40},{"not_picked":["Pommel Strike+1","Inflame"],"picked":"Iron Wave+1","floor":42},{"not_picked":["Sword Boomerang+1","Thunderclap+1","Flex"],"picked":"Singing Bowl","floor":45},{"not_picked":["Ghostly Armor","Heavy Blade+1"],"picked":"Power Through","floor":46},{"not_picked":["Heavy Blade","Twin Strike+1","Rampage"],"picked":"Singing Bowl","floor":48},{"not_picked":["Iron Wave","Infernal Blade","Rupture"],"picked":"Singing Bowl","floor":54}],"player_experience":5467954,"relics_obtained":[{"floor":6,"key":"Whetstone"},{"floor":8,"key":"Unceasing Top"},{"floor":14,"key":"Old Coin"},{"floor":19,"key":"Necronomicon"},{"floor":23,"key":"Ancient Tea Set"},{"floor":25,"key":"Dodecahedron"},{"floor":26,"key":"Sundial"},{"floor":27,"key":"Gambling Chip"},{"floor":27,"key":"Singing Bowl"},{"floor":29,"key":"Bag of Marbles"},{"floor":30,"key":"Bronze Scales"},{"floor":36,"key":"Torii"},{"floor":40,"key":"Pocketwatch"},{"floor":42,"key":"Boot"},{"floor":43,"key":"Self Forming Clay"},{"floor":46,"key":"Orichalcum"},{"floor":54,"key":"Shuriken"}],"event_choices":[{"damage_healed":0,"gold_gain":0,"player_choice":"Donut","damage_taken":0,"max_hp_gain":5,"max_hp_loss":0,"event_name":"Big Fish","floor":2,"gold_loss":0},{"cards_removed":["Strike_R"],"damage_healed":0,"gold_gain":0,"player_choice":"Card Removal","damage_taken":7,"max_hp_gain":0,"max_hp_loss":0,"event_name":"Golden Wing","floor":3,"gold_loss":0},{"cards_removed":["Strike_R"],"damage_healed":0,"gold_gain":0,"player_choice":"Card Removal","damage_taken":0,"max_hp_gain":0,"max_hp_loss":0,"event_name":"Wheel of Change","floor":5,"gold_loss":0},{"cards_removed":["Strike_R"],"damage_healed":0,"gold_gain":0,"player_choice":"Forget","damage_taken":0,"max_hp_gain":0,"max_hp_loss":0,"event_name":"Living Wall","floor":11,"gold_loss":0},{"damage_healed":0,"gold_gain":0,"player_choice":"0 cards matched","damage_taken":0,"max_hp_gain":0,"max_hp_loss":0,"event_name":"Match and Keep!","floor":12,"gold_loss":0,"cards_obtained":[]},{"damage_healed":0,"gold_gain":0,"player_choice":"Obtained Book","damage_taken":16,"max_hp_gain":0,"max_hp_loss":0,"event_name":"Cursed Tome","floor":19,"gold_loss":0},{"damage_healed":0,"gold_gain":0,"player_choice":"Simplicity","damage_taken":0,"max_hp_gain":0,"max_hp_loss":0,"event_name":"Back to Basics","floor":21,"gold_loss":0,"cards_upgraded":["Defend_R","Defend_R","Defend_R","Defend_R"]},{"damage_healed":0,"gold_gain":0,"player_choice":"Obtained Relic","damage_taken":0,"relics_obtained":["Letter Opener"],"max_hp_gain":0,"max_hp_loss":0,"event_name":"Addict","floor":22,"gold_loss":85},{"damage_healed":0,"gold_gain":250,"player_choice":"Bet on Owner","damage_taken":0,"max_hp_gain":0,"max_hp_loss":0,"event_name":"The Joust","floor":24,"gold_loss":50},{"damage_healed":0,"gold_gain":0,"player_choice":"Fight","damage_taken":0,"max_hp_gain":0,"max_hp_loss":0,"event_name":"Colosseum","floor":27,"gold_loss":0},{"damage_healed":0,"gold_gain":0,"player_choice":"Fought Nobs","damage_taken":0,"max_hp_gain":0,"max_hp_loss":0,"event_name":"Colosseum","floor":27,"gold_loss":0},{"damage_healed":0,"gold_gain":0,"player_choice":"Fight","damage_taken":0,"max_hp_gain":0,"max_hp_loss":0,"event_name":"Mysterious Sphere","floor":36,"gold_loss":0},{"cards_removed":["Clash"],"damage_healed":0,"gold_gain":0,"player_choice":"Upgrade and Remove","damage_taken":0,"max_hp_gain":0,"max_hp_loss":0,"event_name":"Designer","floor":37,"gold_loss":90,"cards_upgraded":["Evolve"]},{"damage_healed":0,"gold_gain":0,"player_choice":"Memory 1","damage_taken":0,"max_hp_gain":0,"max_hp_loss":0,"event_name":"SensoryStone","floor":38,"gold_loss":0},{"damage_healed":0,"gold_gain":0,"player_choice":"Ignored","damage_taken":0,"max_hp_gain":0,"max_hp_loss":0,"event_name":"Tomb of Lord Red Mask","floor":39,"gold_loss":0}],"is_beta":true,"boss_relics":[{"not_picked":["Orrery","Fusion Hammer"],"picked":"Velvet Choker"},{"not_picked":["Astrolabe","Calling Bell"],"picked":"Tiny House"}],"items_purged_floors":[7,31,47],"is_endless":false,"potions_floor_spawned":[6,8,20,23,36,40,45],"ascension_level":1}