{"gold_per_floor":[212,3,30,47,60,60,60,86,86,86,86,106,106,140,140,140],"floor_reached":16,"playtime":672,"items_purged":["Strike_G"],"score":216,"play_id":"a4554a22-ab57-4a8d-9b21-1f53e1e01822","local_time":"20181118102644","is_ascension_mode":true,"campfire_choices":[{"data":"Neutralize","floor":6,"key":"SMITH"},{"floor":11,"key":"REST"},{"data":"Noxious Fumes","floor":13,"key":"SMITH"},{"data":"Wraith Form v2","floor":15,"key":"SMITH"}],"neow_cost":"NONE","seed_source_timestamp":313424180951102,"circlet_count":0,"master_deck":["AscendersBane","Defend_G","Defend_G","Defend_G","Defend_G","Defend_G","Strike_G","Strike_G","Strike_G","Strike_G","Survivor","Neutralize+1","Dagger Spray+1","Noxious Fumes+1","Predator","Infinite Blades","Wraith Form v2+1"],"relics":["Ring of the Snake","Regal Pillow","Juzu Bracelet","Pantograph","Bag of Marbles"],"potions_floor_usage":[8,16],"damage_taken":[{"damage":3,"enemies":"Cultist","floor":1,"turns":4},{"damage":2,"enemies":"Jaw Worm","floor":4,"turns":6},{"damage":0,"enemies":"2 Louse","floor":5,"turns":2},{"damage":37,"enemies":"Lagavulin","floor":8,"turns":8},{"damage":18,"enemies":"Exordium Wildlife","floor":12,"turns":7},{"damage":24,"enemies":"Gremlin Nob","floor":14,"turns":4},{"damage":35,"enemies":"Hexaghost","floor":16,"turns":9}],"seed_played":"4569229649675500117","potions_obtained":[{"floor":4,"key":"Ancient Potion"},{"floor":12,"key":"Swift Potion"}],"is_trial":false,"path_per_floor":["M","$","T","M","M","R","$","E","T","?","R","M","R","E","R","B"],"character_chosen":"THE_SILENT","items_purchased":["Noxious Fumes","Fire Potion"],"campfire_rested":1,"item_purchase_floors":[2,2],"current_hp_per_floor":[56,56,56,54,54,54,54,17,17,17,51,33,33,9,9,0],"gold":140,"neow_bonus":"HUNDRED_GOLD","is_prod":false,"is_daily":false,"chose_seed":false,"campfire_upgraded":3,"win_rate":0,"timestamp":1542554804,"path_taken":["M","$","?","M","M","R","?","E","T","?","R","M","R","E","R","BOSS"],"build_version":"2018-11-15","purchased_purges":1,"victory":false,"max_hp_per_floor":[66,66,66,66,66,66,66,66,66,66,66,66,66,66,66,66],"card_choices":[{"not_picked":["Heel Hook","Concentrate"],"picked":"Dagger Spray","floor":1},{"not_picked":["Sucker Punch","Skewer"],"picked":"Predator","floor":4},{"not_picked":["Bane","Poisoned Stab","Dagger Throw"],"picked":"SKIP","floor":5},{"not_picked":["Expertise","Dagger Spray","All Out Attack"],"picked":"SKIP","floor":8},{"not_picked":["Tactician","Blade Dance"],"picked":"Infinite Blades","floor":12},{"not_picked":["Crippling Poison","Outmaneuver"],"picked":"Wraith Form v2","floor":14}],"player_experience":989689,"relics_obtained":[{"floor":3,"key":"Regal Pillow"},{"floor":8,"key":"Juzu Bracelet"},{"floor":9,"key":"Pantograph"},{"floor":14,"key":"Bag of Marbles"}],"event_choices":[{"damage_healed":0,"gold_gain":0,"player_choice":"Grow","damage_taken":0,"max_hp_gain":0,"max_hp_loss":0,"event_name":"Living Wall","floor":10,"gold_loss":0,"cards_upgraded":["Dagger Spray"]}],"is_beta":true,"boss_relics":[],"items_purged_floors":[2],"is_endless":false,"potions_floor_spawned":[4,12],"killed_by":"Hexaghost","ascension_level":20}