{"gold_per_floor":[10,20,95,114,46,46,73,73,73,88,118,135,135,155,155,251,251,266,278,458,469,489,489,505,566,591,506,506,198,213,313,313,408,408,425,48,48,68,68,97,97,127,127,152,152,166,183,203,203,203,203,203,18,46,46],"floor_reached":56,"playtime":2779,"items_purged":["Strike_B"],"score":1334,"play_id":"d94bbbfe-b01b-484f-afa9-0f0a35b1aeca","local_time":"20190423183436","is_ascension_mode":false,"campfire_choices":[{"data":"Defragment","floor":6,"key":"SMITH"},{"data":"Zap","floor":8,"key":"SMITH"},{"data":"Coolheaded","floor":15,"key":"SMITH"},{"data":"Skim","floor":23,"key":"SMITH"},{"floor":28,"key":"REST"},{"floor":32,"key":"REST"},{"data":"Electrodynamics","floor":41,"key":"SMITH"},{"floor":45,"key":"RECALL"},{"data":"Dualcast","floor":49,"key":"SMITH"},{"data":"FTL","floor":52,"key":"SMITH"}],"neow_cost":"NO_GOLD","seed_source_timestamp":236842996699179,"circlet_count":0,"master_deck":["Strike_B","Defend_B","Defend_B","Defend_B","Zap+1","Dualcast+1","Streamline","Auto Shields","Coolheaded+1","Defragment+1","Conserve Battery","Rebound","Ball Lightning","FTL+1","Skim+1","Electrodynamics+1","Glacier","Compile Driver+1","Undo","FTL","Sweeping Beam","Steam","Conserve Battery+1","Amplify+1","Echo Form+1","Loop+1","Pain","Coolheaded+1","Capacitor","Seek","Coolheaded+1"],"relics":["Cracked Core","Shuriken","Bottled Tornado","Odd Mushroom","Busted Crown","Tiny Chest","Oddly Smooth Stone","Dream Catcher","Vajra","Calipers","Blue Candle","Astrolabe","Bird Faced Urn","WarpedTongs","Pantograph","Strawberry","Gremlin Horn","Centennial Puzzle"],"potions_floor_usage":[11,14,16,22,24,30,31,33,54,55,55],"damage_taken":[{"damage":2,"enemies":"Small Slimes","floor":1,"turns":4},{"damage":8,"enemies":"Jaw Worm","floor":2,"turns":4},{"damage":0,"enemies":"Cultist","floor":4,"turns":3},{"damage":11,"enemies":"Lagavulin","floor":7,"turns":8},{"damage":0,"enemies":"2 Fungi Beasts","floor":10,"turns":3},{"damage":6,"enemies":"The Mushroom Lair","floor":11,"turns":3},{"damage":0,"enemies":"Red Slaver","floor":12,"turns":3},{"damage":0,"enemies":"3 Louse","floor":14,"turns":2},{"damage":0,"enemies":"Slime Boss","floor":16,"turns":5},{"damage":0,"enemies":"3 Byrds","floor":18,"turns":2},{"damage":10,"enemies":"Chosen","floor":19,"turns":3},{"damage":0,"enemies":"Snecko","floor":21,"turns":5},{"damage":0,"enemies":"Cultist and Chosen","floor":22,"turns":4},{"damage":21,"enemies":"Centurion and Healer","floor":24,"turns":4},{"damage":27,"enemies":"Slavers","floor":25,"turns":2},{"damage":0,"enemies":"Snecko","floor":30,"turns":5},{"damage":17,"enemies":"Colosseum Slavers","floor":31,"turns":3},{"damage":1,"enemies":"Colosseum Nobs","floor":31,"turns":4},{"damage":31,"enemies":"Automaton","floor":33,"turns":7},{"damage":0,"enemies":"3 Shapes","floor":35,"turns":3},{"damage":1,"enemies":"Orb Walker","floor":38,"turns":3},{"damage":20,"enemies":"Nemesis","floor":40,"turns":11},{"damage":1,"enemies":"Giant Head","floor":42,"turns":9},{"damage":10,"enemies":"Nemesis","floor":44,"turns":7},{"damage":1,"enemies":"Maw","floor":46,"turns":7},{"damage":13,"enemies":"3 Darklings","floor":47,"turns":3},{"damage":3,"enemies":"4 Shapes","floor":48,"turns":3},{"damage":66,"enemies":"Donu and Deca","floor":50,"turns":7},{"damage":30,"enemies":"Shield and Spear","floor":54,"turns":5},{"damage":34,"enemies":"The Heart","floor":55,"turns":11}],"seed_played":"-2769941243458299200","potions_obtained":[{"floor":2,"key":"SpeedPotion"},{"floor":4,"key":"AttackPotion"},{"floor":12,"key":"SpeedPotion"},{"floor":13,"key":"Energy Potion"},{"floor":13,"key":"Weak Potion"},{"floor":14,"key":"PowerPotion"},{"floor":16,"key":"Fruit Juice"},{"floor":19,"key":"Dexterity Potion"},{"floor":22,"key":"FairyPotion"},{"floor":24,"key":"Swift Potion"},{"floor":30,"key":"PowerPotion"},{"floor":38,"key":"Poison Potion"},{"floor":40,"key":"Energy Potion"},{"floor":42,"key":"SpeedPotion"},{"floor":44,"key":"FocusPotion"},{"floor":48,"key":"PowerPotion"}],"is_trial":false,"path_per_floor":["M","M","?","M","$","R","E","R","T","M","?","M","?","M","R","B",null,"M","M","?","M","M","R","M","E","T","?","R","$","M","?","R","B",null,"M","$","?","M","?","E","R","E","T","E","R","M","M","M","R","B",null,"R","$","E","B",null],"character_chosen":"DEFECT","items_purchased":["Defragment","FTL","Vajra","Sweeping Beam","Bird Faced Urn","Loop","Capacitor","Seek"],"campfire_rested":2,"item_purchase_floors":[5,29,29,29,36,36,53,53],"current_hp_per_floor":[87,79,68,68,68,68,57,57,57,57,51,51,51,51,51,51,89,89,79,55,55,60,60,39,12,12,12,40,40,40,22,50,19,94,94,94,94,93,93,78,78,96,96,98,98,101,95,98,98,43,101,101,101,79,78],"gold":46,"neow_bonus":"TWENTY_PERCENT_HP_BONUS","is_prod":false,"is_daily":false,"chose_seed":false,"campfire_upgraded":7,"win_rate":0,"timestamp":1556040876,"path_taken":["M","M","?","M","$","R","E","R","T","M","?","?","?","M","R","BOSS","M","?","?","M","M","R","?","E","T","?","R","$","M","?","R","BOSS","M","$","?","?","?","E","R","E","T","E","R","M","M","M","R","BOSS","R","$","E","BOSS"],"build_version":"2019-04-21","purchased_purges":1,"victory":true,"max_hp_per_floor":[89,89,89,89,89,89,89,89,89,89,89,89,89,89,89,89,89,89,89,89,89,94,94,94,94,94,94,94,94,94,94,94,94,94,94,94,94,94,94,94,94,101,101,101,101,101,101,101,101,101,101,101,101,101,101],"card_choices":[{"not_picked":["Rebound","Scrape"],"picked":"Streamline","floor":1},{"not_picked":["Lockon","Gash"],"picked":"Auto Shields","floor":2},{"not_picked":["Barrage","Redo"],"picked":"Coolheaded","floor":4},{"not_picked":["Machine Learning","Turbo"],"picked":"Conserve Battery","floor":7},{"not_picked":["Redo","Conserve Battery"],"picked":"Rebound","floor":10},{"not_picked":["Redo","Streamline"],"picked":"Ball Lightning","floor":11},{"not_picked":["Gash","Turbo"],"picked":"FTL","floor":12},{"not_picked":["Steam","Doom and Gloom"],"picked":"Skim","floor":14},{"not_picked":["Biased Cognition","Fission"],"picked":"Electrodynamics","floor":16},{"not_picked":[],"picked":"Glacier","floor":18},{"not_picked":["Cold Snap+1"],"picked":"SKIP","floor":19},{"not_picked":["Skim"],"picked":"SKIP","floor":21},{"not_picked":[],"picked":"Compile Driver+1","floor":22},{"not_picked":["Rebound+1"],"picked":"SKIP","floor":24},{"not_picked":[],"picked":"Undo","floor":25},{"not_picked":["Rebound"],"picked":"SKIP","floor":30},{"not_picked":[],"picked":"Steam","floor":31},{"not_picked":["Streamline+1"],"picked":"SKIP","floor":35},{"not_picked":["Steam+1"],"picked":"SKIP","floor":38},{"not_picked":[],"picked":"Coolheaded+1","floor":40},{"not_picked":["Darkness"],"picked":"SKIP","floor":42},{"not_picked":["Ball Lightning"],"picked":"SKIP","floor":44},{"not_picked":["Loop"],"picked":"SKIP","floor":46},{"not_picked":["Storm"],"picked":"SKIP","floor":47},{"not_picked":["Rebound"],"picked":"SKIP","floor":48},{"not_picked":[],"picked":"Coolheaded+1","floor":54}],"player_experience":1222573,"relics_obtained":[{"floor":7,"key":"Shuriken"},{"floor":9,"key":"Bottled Tornado"},{"floor":11,"key":"Odd Mushroom"},{"floor":25,"key":"Tiny Chest"},{"floor":26,"key":"Oddly Smooth Stone"},{"floor":31,"key":"Calipers"},{"floor":31,"key":"Blue Candle"},{"floor":40,"key":"Pantograph"},{"floor":42,"key":"Strawberry"},{"floor":44,"key":"Gremlin Horn"},{"floor":54,"key":"Centennial Puzzle"}],"event_choices":[{"damage_healed":0,"gold_gain":75,"player_choice":"Gather Gold","damage_taken":11,"max_hp_gain":0,"max_hp_loss":0,"event_name":"World of Goop","floor":3,"gold_loss":0},{"damage_healed":0,"gold_gain":0,"player_choice":"Fought Mushrooms","damage_taken":0,"max_hp_gain":0,"max_hp_loss":0,"event_name":"Mushrooms","floor":11,"gold_loss":0},{"damage_healed":0,"gold_gain":0,"player_choice":"Got Potions","damage_taken":0,"max_hp_gain":0,"max_hp_loss":0,"event_name":"Lab","floor":13,"gold_loss":0},{"damage_healed":0,"gold_gain":180,"player_choice":"GOLD GOLD ","damage_taken":24,"max_hp_gain":0,"max_hp_loss":0,"event_name":"Knowing Skull","floor":20,"potions_obtained":[],"gold_loss":0,"cards_obtained":[]},{"damage_healed":0,"gold_gain":0,"player_choice":"Obtained Relic","damage_taken":0,"relics_obtained":["Dream Catcher"],"max_hp_gain":0,"max_hp_loss":0,"event_name":"Addict","floor":27,"gold_loss":85},{"damage_healed":0,"gold_gain":0,"player_choice":"Fight","damage_taken":0,"max_hp_gain":0,"max_hp_loss":0,"event_name":"Colosseum","floor":31,"gold_loss":0},{"damage_healed":0,"gold_gain":0,"player_choice":"Fought Nobs","damage_taken":0,"max_hp_gain":0,"max_hp_loss":0,"event_name":"Colosseum","floor":31,"gold_loss":0},{"damage_healed":0,"gold_gain":0,"player_choice":"Rummage","damage_taken":0,"relics_obtained":["WarpedTongs"],"max_hp_gain":0,"max_hp_loss":0,"event_name":"Accursed Blacksmith","floor":37,"gold_loss":0,"cards_obtained":["Pain"]},{"damage_healed":0,"gold_gain":0,"player_choice":"Upgraded","damage_taken":0,"max_hp_gain":0,"max_hp_loss":0,"event_name":"Upgrade Shrine","floor":39,"gold_loss":0,"cards_upgraded":["Loop"]}],"is_beta":true,"boss_relics":[{"not_picked":["Empty Cage","Lizard Tail"],"picked":"Busted Crown"},{"not_picked":["White Beast Statue","Fusion Hammer"],"picked":"Astrolabe"}],"items_purged_floors":[29],"is_endless":false,"potions_floor_spawned":[2,4,12,14,16,19,22,24,30,31,38,40,42,44,48],"ascension_level":0}