{"gold_per_floor":[110,130,130,147,66,99,99,124,124,124,134,134,154,165,165,242,242,253,9,9,9,9,9,9,44,44,44,55,55,75,75,75,75],"floor_reached":33,"playtime":1843,"items_purged":["Strike_R"],"score":546,"play_id":"d516dbd2-6a9c-40c9-9629-86324cfe24e6","local_time":"20181112180157","is_ascension_mode":true,"campfire_choices":[{"data":"Bash","floor":7,"key":"SMITH"},{"data":"Perfected Strike","floor":10,"key":"SMITH"},{"data":"Inflame","floor":15,"key":"SMITH"},{"floor":23,"key":"REST"},{"data":"J.A.X.","floor":27,"key":"SMITH"},{"floor":29,"key":"REST"},{"floor":32,"key":"REST"}],"neow_cost":"NONE","seed_source_timestamp":1330969556745866,"circlet_count":0,"master_deck":["AscendersBane","Strike_R","Strike_R","Strike_R","Strike_R","Defend_R+1","Defend_R","Defend_R+1","Defend_R","Bash+1","Reckless Charge","Twin Strike","Inflame+1","Pommel Strike","Perfected Strike+1","Battle Trance","Brutality","Battle Trance","Uppercut","Reaper","J.A.X.+1","Shrug It Off","Shrug It Off","Shrug It Off"],"relics":["Burning Blood","Self Forming Clay","The Courier","Sozu","Nloth\u0027s Gift","War Paint","Shuriken","Bottled Lightning"],"potions_floor_usage":[6,8,16,16],"damage_taken":[{"damage":9,"enemies":"2 Louse","floor":1,"turns":3},{"damage":6,"enemies":"Cultist","floor":2,"turns":4},{"damage":9,"enemies":"Jaw Worm","floor":4,"turns":4},{"damage":35,"enemies":"Lagavulin","floor":6,"turns":7},{"damage":32,"enemies":"Gremlin Nob","floor":8,"turns":4},{"damage":11,"enemies":"Looter","floor":11,"turns":2},{"damage":3,"enemies":"Blue Slaver","floor":13,"turns":2},{"damage":1,"enemies":"2 Fungi Beasts","floor":14,"turns":3},{"damage":24,"enemies":"Hexaghost","floor":16,"turns":8},{"damage":33,"enemies":"2 Thieves","floor":18,"turns":4},{"damage":57,"enemies":"Slavers","floor":25,"turns":6},{"damage":4,"enemies":"Chosen","floor":28,"turns":2},{"damage":41,"enemies":"Shelled Parasite and Fungi","floor":30,"turns":6},{"damage":62,"enemies":"Champ","floor":33,"turns":7}],"seed_played":"-5221825997718732507","potions_obtained":[{"floor":0,"key":"Regen Potion"},{"floor":0,"key":"PowerPotion"},{"floor":13,"key":"SneckoOil"},{"floor":14,"key":"SpeedPotion"}],"is_trial":false,"path_per_floor":["M","M","?","M","$","E","R","E","T","R","M","?","M","M","R","B",null,"M","$","?","$","?","R","T","E","T","R","M","R","M","?","R","B"],"character_chosen":"IRONCLAD","items_purchased":["Inflame","Uppercut","Reaper"],"campfire_rested":3,"item_purchase_floors":[5,19,19],"current_hp_per_floor":[65,65,65,62,62,48,48,22,22,22,17,17,20,25,25,7,58,31,31,31,31,31,53,53,24,24,24,26,48,28,28,50,0],"gold":75,"neow_bonus":"THREE_SMALL_POTIONS","is_prod":false,"is_daily":false,"chose_seed":false,"campfire_upgraded":4,"win_rate":0,"timestamp":1542063717,"path_taken":["M","M","?","M","$","E","R","E","T","R","M","?","M","M","R","BOSS","M","$","?","?","?","R","?","E","T","R","?","R","M","?","R","BOSS"],"build_version":"2018-11-08","purchased_purges":1,"victory":false,"max_hp_per_floor":[75,75,75,75,75,75,75,75,75,75,75,75,75,75,75,75,75,75,75,75,75,75,75,75,75,75,75,75,75,75,75,75,75],"card_choices":[{"not_picked":["Ghostly Armor","Corruption"],"picked":"Reckless Charge","floor":1},{"not_picked":["Perfected Strike","Pummel"],"picked":"Twin Strike","floor":2},{"not_picked":["Rupture","Headbutt","Bloodletting"],"picked":"SKIP","floor":4},{"not_picked":["Armaments","Warcry"],"picked":"Pommel Strike","floor":6},{"not_picked":["Iron Wave","Flex"],"picked":"Perfected Strike","floor":8},{"not_picked":["Iron Wave","Whirlwind","Rampage"],"picked":"SKIP","floor":11},{"not_picked":["Bloodletting","Sever Soul","Second Wind"],"picked":"SKIP","floor":13},{"not_picked":["Havoc","Entrench"],"picked":"Battle Trance","floor":14},{"not_picked":["Fiend Fire","Immolate"],"picked":"Brutality","floor":16},{"not_picked":["Havoc","Sword Boomerang"],"picked":"Battle Trance","floor":18},{"not_picked":["Armaments","Berserk"],"picked":"Shrug It Off","floor":25},{"not_picked":["Power Through","Sentinel+1"],"picked":"Shrug It Off","floor":28},{"not_picked":["Infernal Blade","True Grit"],"picked":"Shrug It Off","floor":30}],"player_experience":949770,"relics_obtained":[{"floor":6,"key":"Blue Candle"},{"floor":8,"key":"Self Forming Clay"},{"floor":9,"key":"The Courier"},{"floor":24,"key":"War Paint"},{"floor":25,"key":"Shuriken"},{"floor":26,"key":"Bottled Lightning"}],"event_choices":[{"damage_healed":0,"gold_gain":0,"player_choice":"Leave","damage_taken":0,"max_hp_gain":0,"max_hp_loss":0,"event_name":"The Cleric","floor":3,"gold_loss":0},{"damage_healed":0,"gold_gain":0,"player_choice":"Ignored","damage_taken":0,"max_hp_gain":0,"max_hp_loss":0,"event_name":"Shining Light","floor":12,"gold_loss":0},{"damage_healed":0,"gold_gain":0,"player_choice":"Traded Relic","damage_taken":0,"relics_obtained":["Nloth\u0027s Gift"],"max_hp_gain":0,"max_hp_loss":0,"event_name":"N\u0027loth","floor":20,"relics_lost":["Blue Candle"],"gold_loss":0},{"damage_healed":0,"gold_gain":0,"player_choice":"Obtain J.A.X.","damage_taken":0,"max_hp_gain":0,"max_hp_loss":0,"event_name":"Drug Dealer","floor":22,"gold_loss":0,"cards_obtained":["J.A.X."]},{"damage_healed":0,"gold_gain":0,"player_choice":"Ignored","damage_taken":0,"max_hp_gain":0,"max_hp_loss":0,"event_name":"Ghosts","floor":31,"gold_loss":0}],"is_beta":true,"boss_relics":[{"not_picked":["Astrolabe","Busted Crown"],"picked":"Sozu"}],"items_purged_floors":[19],"is_endless":false,"potions_floor_spawned":[1,13,14,28],"killed_by":"Champ","ascension_level":20}