{"gold_per_floor":[114,114,130,130,130,130,130,145,198,216,216,229,229,244,244,345,345,361,376,404,404,419,419,344,357,357,385,385,403,403,433,433,537,537,554,573,591,691,691,720,740,785,785,798,798,828,848,848,848,848,848,848,46,72,72],"floor_reached":56,"playtime":2955,"items_purged":["Strike_G","Strike_G+1"],"score":1489,"play_id":"6e4cf2a6-4739-45a8-9435-6cfbd01d95b0","local_time":"20190402084122","is_ascension_mode":false,"campfire_choices":[{"data":"Neutralize","floor":6,"key":"SMITH"},{"data":"Poisoned Stab","floor":11,"key":"SMITH"},{"data":"Noxious Fumes","floor":13,"key":"SMITH"},{"data":"Noxious Fumes","floor":15,"key":"SMITH"},{"data":"Leg Sweep","floor":23,"key":"SMITH"},{"data":"Footwork","floor":28,"key":"SMITH"},{"data":"Bouncing Flask","floor":32,"key":"SMITH"},{"floor":45,"key":"RECALL"},{"data":"Seek","floor":49,"key":"SMITH"},{"data":"Backflip","floor":52,"key":"SMITH"}],"neow_cost":"PERCENT_DAMAGE","seed_source_timestamp":1026048563466940,"circlet_count":0,"master_deck":["Defend_G","Defend_G","Defend_G+1","Strike_G+1","Strike_G+1","Survivor","Neutralize+1","PiercingWail","Backflip+1","Well Laid Plans","Poisoned Stab+1","Noxious Fumes+1","Noxious Fumes+1","Bullet Time","Deflect","Bouncing Flask+1","PiercingWail","Leg Sweep+1","Corpse Explosion","Footwork+1","Seek+1","Catalyst+1","Deflect+1","Dodge and Roll+1","Poisoned Stab+1","Blur+1","Adrenaline+1","Skewer+1","Flechettes+1"],"relics":["Ring of the Snake","Bird Faced Urn","Boot","Omamori","Runic Pyramid","Red Mask","Toxic Egg 2","Whetstone","Philosopher\u0027s Stone","Ice Cream","Bronze Scales","Nunchaku","Paper Crane","Gambling Chip","TwistedFunnel","Mercury Hourglass","Blood Vial","Vajra"],"potions_floor_usage":[16,22,25,27,31,37,42,42,50,55,55,55],"damage_taken":[{"damage":0,"enemies":"Small Slimes","floor":1,"turns":3},{"damage":0,"enemies":"2 Louse","floor":3,"turns":2},{"damage":0,"enemies":"Jaw Worm","floor":8,"turns":3},{"damage":0,"enemies":"3 Louse","floor":10,"turns":4},{"damage":0,"enemies":"Looter","floor":12,"turns":3},{"damage":0,"enemies":"Large Slime","floor":14,"turns":4},{"damage":0,"enemies":"The Guardian","floor":16,"turns":9},{"damage":0,"enemies":"Spheric Guardian","floor":18,"turns":4},{"damage":0,"enemies":"3 Byrds","floor":19,"turns":4},{"damage":13,"enemies":"Masked Bandits","floor":20,"turns":4},{"damage":2,"enemies":"Snecko","floor":22,"turns":4},{"damage":1,"enemies":"Snake Plant","floor":25,"turns":4},{"damage":13,"enemies":"Gremlin Leader","floor":27,"turns":7},{"damage":1,"enemies":"Chosen and Byrds","floor":29,"turns":6},{"damage":1,"enemies":"Book of Stabbing","floor":31,"turns":6},{"damage":0,"enemies":"Collector","floor":33,"turns":7},{"damage":0,"enemies":"3 Shapes","floor":35,"turns":4},{"damage":0,"enemies":"Orb Walker","floor":36,"turns":4},{"damage":0,"enemies":"Transient","floor":37,"turns":5},{"damage":0,"enemies":"Mind Bloom Boss Battle","floor":38,"turns":5},{"damage":0,"enemies":"Giant Head","floor":40,"turns":8},{"damage":0,"enemies":"Writhing Mass","floor":41,"turns":5},{"damage":0,"enemies":"2 Orb Walkers","floor":42,"turns":4},{"damage":5,"enemies":"Sphere and 2 Shapes","floor":44,"turns":4},{"damage":0,"enemies":"Reptomancer","floor":46,"turns":6},{"damage":0,"enemies":"Transient","floor":47,"turns":5},{"damage":0,"enemies":"Donu and Deca","floor":50,"turns":5},{"damage":0,"enemies":"Shield and Spear","floor":54,"turns":3},{"damage":8,"enemies":"The Heart","floor":55,"turns":9}],"seed_played":"-7454357011089931060","potions_obtained":[{"floor":3,"key":"Poison Potion"},{"floor":8,"key":"SpeedPotion"},{"floor":12,"key":"PowerPotion"},{"floor":20,"key":"Explosive Potion"},{"floor":22,"key":"SkillPotion"},{"floor":27,"key":"Fire Potion"},{"floor":29,"key":"GhostInAJar"},{"floor":31,"key":"EssenceOfSteel"},{"floor":37,"key":"FearPotion"},{"floor":40,"key":"Swift Potion"},{"floor":42,"key":"FearPotion"},{"floor":46,"key":"SteroidPotion"},{"floor":47,"key":"Ancient Potion"}],"is_trial":false,"path_per_floor":["M","?","M","?","?","R","?","M","T","M","R","M","R","M","R","B",null,"M","M","?","?","M","R","$","M","T","E","R","M","?","E","R","B",null,"M","M","M","?","?","E","M","?","T","M","R","E","M","?","R","B",null,"R","$","E","B",null],"character_chosen":"THE_SILENT","items_purchased":["TwistedFunnel","Mercury Hourglass","SpeedPotion","Strength Potion","Blood Vial"],"campfire_rested":0,"item_purchase_floors":[53,53,53,53,53],"current_hp_per_floor":[49,49,49,42,35,35,21,21,21,23,23,25,25,29,29,35,70,70,70,57,57,61,61,61,66,66,57,57,64,64,70,70,70,70,70,70,70,70,70,70,70,70,70,67,67,70,70,70,70,70,70,70,70,70,62],"gold":72,"neow_bonus":"ONE_RARE_RELIC","is_prod":false,"is_daily":false,"chose_seed":false,"campfire_upgraded":9,"win_rate":0,"timestamp":1554190882,"path_taken":["M","?","M","?","?","R","?","?","T","M","R","M","R","M","R","BOSS","M","M","?","?","M","R","$","M","T","E","R","M","?","E","R","BOSS","M","M","M","?","?","E","M","?","T","M","R","E","M","?","R","BOSS","R","$","E","BOSS"],"build_version":"2019-03-15","purchased_purges":2,"victory":true,"max_hp_per_floor":[70,70,70,70,70,70,70,70,70,70,70,70,70,70,70,70,70,70,70,70,70,70,70,70,70,70,70,70,70,70,70,70,70,70,70,70,70,70,70,70,70,70,70,70,70,70,70,70,70,70,70,70,70,70,70],"card_choices":[{"not_picked":["Backflip","Finisher"],"picked":"PiercingWail","floor":1},{"not_picked":["Finisher","Bane"],"picked":"Backflip","floor":3},{"not_picked":["Bane","Sucker Punch"],"picked":"Well Laid Plans","floor":8},{"not_picked":["Cloak And Dagger","Quick Slash"],"picked":"Poisoned Stab","floor":10},{"not_picked":["Outmaneuver","Blur"],"picked":"Noxious Fumes","floor":12},{"not_picked":["Skewer","Flying Knee"],"picked":"Noxious Fumes","floor":14},{"not_picked":["Phantasmal Killer","Wraith Form v2"],"picked":"Bullet Time","floor":16},{"not_picked":["Dagger Spray","Flying Knee"],"picked":"Deflect","floor":18},{"not_picked":["Acrobatics","Outmaneuver+1"],"picked":"Bouncing Flask","floor":19},{"not_picked":["Finisher+1","Flying Knee"],"picked":"Leg Sweep","floor":22},{"not_picked":["Eviscerate","Blur"],"picked":"Corpse Explosion","floor":25},{"not_picked":["Bouncing Flask+1","Bane"],"picked":"Footwork","floor":27},{"not_picked":["Underhanded Strike","Sucker Punch"],"picked":"Cloak And Dagger+1","floor":29},{"not_picked":["Outmaneuver+1","Poisoned Stab"],"picked":"Catalyst+1","floor":31},{"not_picked":["Prepared+1","Flying Knee+1"],"picked":"Deflect+1","floor":35},{"not_picked":["Footwork+1","Cloak And Dagger+1"],"picked":"Dodge and Roll+1","floor":36},{"not_picked":["Deadly Poison+1","Well Laid Plans"],"picked":"Poisoned Stab+1","floor":37},{"not_picked":["Dodge and Roll+1","Bullet Time+1"],"picked":"Blur+1","floor":38},{"not_picked":["Dagger Throw+1","Dash"],"picked":"Adrenaline+1","floor":40},{"not_picked":["Finisher","Outmaneuver+1","Underhanded Strike"],"picked":"SKIP","floor":41},{"not_picked":["Concentrate+1","Dodge and Roll+1"],"picked":"Skewer+1","floor":42},{"not_picked":["Dash+1","Deadly Poison+1","Dodge and Roll+1"],"picked":"SKIP","floor":44},{"not_picked":["Phantasmal Killer+1","Flechettes+1","Bane"],"picked":"SKIP","floor":46},{"not_picked":["Underhanded Strike+1","Bane+1","Dagger Throw"],"picked":"SKIP","floor":47},{"not_picked":["Concentrate+1","Prepared+1"],"picked":"Flechettes+1","floor":54}],"player_experience":1194412,"relics_obtained":[{"floor":9,"key":"Omamori"},{"floor":20,"key":"Red Mask"},{"floor":27,"key":"Toxic Egg 2"},{"floor":31,"key":"Whetstone"},{"floor":38,"key":"Ice Cream"},{"floor":40,"key":"Bronze Scales"},{"floor":42,"key":"Nunchaku"},{"floor":43,"key":"Paper Crane"},{"floor":46,"key":"Gambling Chip"},{"floor":54,"key":"Vajra"}],"event_choices":[{"cards_removed":["Defend_G"],"damage_healed":0,"gold_gain":0,"player_choice":"Forget","damage_taken":0,"max_hp_gain":0,"max_hp_loss":0,"event_name":"Living Wall","floor":2,"gold_loss":0},{"damage_healed":0,"gold_gain":0,"player_choice":"Success","damage_taken":7,"relics_obtained":["Boot"],"max_hp_gain":0,"max_hp_loss":0,"event_name":"Scrap Ooze","floor":4,"gold_loss":0},{"cards_removed":["Defend_G"],"damage_healed":0,"gold_gain":0,"player_choice":"Card Removal","damage_taken":7,"max_hp_gain":0,"max_hp_loss":0,"event_name":"Golden Wing","floor":5,"gold_loss":0},{"damage_healed":0,"gold_gain":0,"player_choice":"Entered Light","damage_taken":14,"max_hp_gain":0,"max_hp_loss":0,"event_name":"Shining Light","floor":7,"gold_loss":0,"cards_upgraded":["Defend_G","Strike_G"]},{"damage_healed":0,"gold_gain":0,"player_choice":"Fought Bandits","damage_taken":0,"max_hp_gain":0,"max_hp_loss":0,"event_name":"Masked Bandits","floor":20,"gold_loss":0},{"damage_healed":0,"gold_gain":0,"player_choice":"Read","damage_taken":0,"max_hp_gain":0,"max_hp_loss":0,"event_name":"The Library","floor":21,"gold_loss":0,"cards_obtained":["PiercingWail"]},{"cards_removed":["Cloak And Dagger"],"damage_healed":0,"gold_gain":0,"player_choice":"Took Card","damage_taken":0,"max_hp_gain":0,"max_hp_loss":0,"event_name":"NoteForYourself","floor":30,"gold_loss":0,"cards_obtained":["Seek"]},{"damage_healed":0,"gold_gain":0,"player_choice":"Fight","damage_taken":0,"max_hp_gain":0,"max_hp_loss":0,"event_name":"MindBloom","floor":38,"gold_loss":0},{"damage_healed":0,"gold_gain":0,"player_choice":"Memory 1","damage_taken":0,"max_hp_gain":0,"max_hp_loss":0,"event_name":"SensoryStone","floor":39,"gold_loss":0},{"damage_healed":0,"gold_gain":0,"player_choice":"Fight","damage_taken":0,"max_hp_gain":0,"max_hp_loss":0,"event_name":"Mysterious Sphere","floor":42,"gold_loss":0},{"cards_removed":["Strike_G"],"damage_healed":0,"gold_gain":0,"player_choice":"Removed Attack","damage_taken":0,"max_hp_gain":0,"max_hp_loss":0,"event_name":"Falling","floor":48,"gold_loss":0}],"is_beta":true,"boss_relics":[{"not_picked":["Astrolabe","Empty Cage"],"picked":"Runic Pyramid"},{"not_picked":["Orrery","HoveringKite"],"picked":"Philosopher\u0027s Stone"}],"items_purged_floors":[24,53],"is_endless":false,"potions_floor_spawned":[3,8,12,20,22,27,29,31,37,40,42,46,47],"ascension_level":0}