{"gold_per_floor":[369,369,381,399,425,425,451,49,120,120,120,28,101,276,276,276],"floor_reached":16,"playtime":426,"items_purged":[],"score":154,"play_id":"1f729367-f39d-4b3d-8fcf-e8036804e4d7","local_time":"20190222015349","is_ascension_mode":true,"campfire_choices":[{"data":"Defragment","floor":6,"key":"SMITH"},{"data":"Self Repair","floor":11,"key":"SMITH"},{"floor":15,"key":"REST"}],"neow_cost":"TEN_PERCENT_HP_LOSS","seed_source_timestamp":649125394525203,"circlet_count":0,"master_deck":["Strike_B","Strike_B","Strike_B","Strike_B","Defend_B","Defend_B","Defend_B","Defend_B","Zap","Dualcast","Blizzard+1","Self Repair+1","Defragment+1","Self Repair+1","Magnetism+1","Capacitor+1","Coolheaded","Capacitor+1","Chill","Doubt"],"relics":["Cracked Core","Bag of Preparation","Frozen Egg 2","Strange Spoon","Ornamental Fan","Golden Idol","Kunai"],"potions_floor_usage":[13],"damage_taken":[{"damage":1,"enemies":"Cultist","floor":1,"turns":3},{"damage":9,"enemies":"Small Slimes","floor":3,"turns":4},{"damage":14,"enemies":"2 Louse","floor":4,"turns":2},{"damage":25,"enemies":"Gremlin Nob","floor":7,"turns":4},{"damage":28,"enemies":"3 Sentries","floor":13,"turns":7},{"damage":44,"enemies":"Hexaghost","floor":16,"turns":9}],"seed_played":"-3733114493753272680","potions_obtained":[{"floor":4,"key":"Fire Potion"}],"is_trial":false,"path_per_floor":["M","?","M","M","T","R","E","$","T","?","R","$","E","?","R","B"],"character_chosen":"DEFECT","items_purchased":["Strange Spoon","Magnetism+1","Capacitor+1","Coolheaded","Capacitor+1"],"campfire_rested":1,"item_purchase_floors":[8,8,8,12,12],"current_hp_per_floor":[67,67,58,51,51,51,33,33,33,33,33,33,25,25,43,0],"gold":276,"neow_bonus":"TWO_FIFTY_GOLD","is_prod":false,"is_daily":false,"chose_seed":false,"campfire_upgraded":2,"win_rate":0,"timestamp":1550811229,"path_taken":["M","?","M","?","?","R","E","$","T","?","R","$","E","?","R","BOSS"],"build_version":"2019-01-23","purchased_purges":0,"victory":false,"max_hp_per_floor":[68,68,68,68,68,68,68,68,68,63,63,63,63,63,63,63],"card_choices":[{"not_picked":["Cold Snap","Compile Driver"],"picked":"Blizzard","floor":1},{"not_picked":["Fusion","Darkness"],"picked":"Self Repair","floor":3},{"not_picked":["Beam Cell","Sweeping Beam"],"picked":"Defragment","floor":4},{"not_picked":["Cold Snap","Redo"],"picked":"Self Repair","floor":7},{"not_picked":["Streamline","Undo"],"picked":"Chill","floor":13}],"player_experience":822776,"relics_obtained":[{"floor":5,"key":"Bag of Preparation"},{"floor":7,"key":"Frozen Egg 2"},{"floor":9,"key":"Ornamental Fan"},{"floor":13,"key":"Kunai"}],"event_choices":[{"damage_healed":0,"gold_gain":0,"player_choice":"Upgraded","damage_taken":0,"max_hp_gain":0,"max_hp_loss":0,"event_name":"Upgrade Shrine","floor":2,"gold_loss":0,"cards_upgraded":["Blizzard"]},{"damage_healed":0,"gold_gain":0,"player_choice":"Lose Max HP","damage_taken":0,"relics_obtained":["Golden Idol"],"max_hp_gain":0,"max_hp_loss":5,"event_name":"Golden Idol","floor":10,"gold_loss":0},{"damage_healed":0,"gold_gain":175,"player_choice":"AGREE","damage_taken":0,"max_hp_gain":0,"max_hp_loss":0,"event_name":"Liars Game","floor":14,"gold_loss":0,"cards_obtained":["Doubt"]}],"is_beta":false,"boss_relics":[],"items_purged_floors":[],"is_endless":false,"potions_floor_spawned":[4],"killed_by":"Hexaghost","ascension_level":9}