{"gold_per_floor":[118,293,293,4,16,16,16,42,88,121,135,149,168,187,187,282,282,302,318,418,431,431,431,31,87,87,87,87],"floor_reached":28,"playtime":1159,"items_purged":["Doubt"],"score":369,"play_id":"5fb6bdd7-260d-4154-bb4d-0b4e96843c57","local_time":"20190513155227","is_ascension_mode":true,"campfire_choices":[{"data":"Flame Barrier","floor":6.0,"key":"SMITH"},{"data":"Body Slam","floor":15.0,"key":"SMITH"},{"data":"Infernal Blade","floor":23.0,"key":"SMITH"},{"floor":27,"key":"REST"}],"neow_cost":"NONE","seed_source_timestamp":0,"circlet_count":0,"master_deck":["Strike_R","Strike_R","Strike_R","Strike_R","Strike_R","Defend_R","Defend_R","Defend_R","Defend_R","Bash","Ghostly Armor","Flame Barrier+1","Shrug It Off","Anger","Sword Boomerang","Infernal Blade+1","Body Slam+1","Pommel Strike","Impervious","Rampage","Evolve+1","Seeing Red","Shrug It Off","Body Slam","Disarm","Headbutt"],"special_seed":0,"relics":["Burning Blood","NeowsBlessing","FossilizedHelix","Red Skull","Anchor","Omamori","Mark of Pain","Membership Card","Pen Nib","Tiny Chest","Vajra"],"potions_floor_usage":[],"damage_taken":[{"damage":0.0,"enemies":"2 Louse","floor":1.0,"turns":1.0},{"damage":0.0,"enemies":"Jaw Worm","floor":5.0,"turns":1.0},{"damage":0.0,"enemies":"3 Sentries","floor":8.0,"turns":2.0},{"damage":40.0,"enemies":"Gremlin Nob","floor":10.0,"turns":6.0},{"damage":0.0,"enemies":"Cultist","floor":11.0,"turns":4.0},{"damage":25.0,"enemies":"Exordium Thugs","floor":12.0,"turns":6.0},{"damage":0.0,"enemies":"Lots of Slimes","floor":13.0,"turns":4.0},{"damage":0.0,"enemies":"Large Slime","floor":14.0,"turns":5.0},{"damage":54.0,"enemies":"Hexaghost","floor":16.0,"turns":10.0},{"damage":2.0,"enemies":"Shell Parasite","floor":18.0,"turns":7.0},{"damage":10.0,"enemies":"Spheric Guardian","floor":19.0,"turns":4.0},{"damage":0.0,"enemies":"Chosen and Byrds","floor":21.0,"turns":7.0},{"damage":50,"enemies":"Slavers","floor":25,"turns":9},{"damage":62,"enemies":"Gremlin Leader","floor":28,"turns":6}],"seed_played":"-468022101029807849","potions_obtained":[{"floor":1.0,"key":"PowerPotion"},{"floor":5.0,"key":"Block Potion"},{"floor":13.0,"key":"Regen Potion"},{"floor":14.0,"key":"PowerPotion"},{"floor":19.0,"key":"Swift Potion"},{"floor":25,"key":"SpeedPotion"}],"is_trial":false,"path_per_floor":["M","?","?","$","M","R","$","E","T","E","M","M","M","M","R","B",null,"M","M","?","M","?","R","$","E","T","R","E"],"character_chosen":"IRONCLAD","items_purchased":["FossilizedHelix","Membership Card","Pen Nib","Body Slam","Disarm"],"campfire_rested":1,"item_purchase_floors":[4,24,24,24,24],"current_hp_per_floor":[78,78,83,83,85,85,85,85,85,51,57,38,44,50,50,7,66,70,66,66,72,72,72,72,28,28,53,0],"gold":87,"neow_bonus":"THREE_ENEMY_KILL","is_prod":false,"is_daily":false,"chose_seed":false,"campfire_upgraded":3,"win_rate":0,"timestamp":1557777147,"path_taken":["M","?","?","$","M","R","?","E","T","E","M","M","M","M","R","BOSS","M","?","?","?","?","R","$","E","T","R","E"],"build_version":"2019-01-23","purchased_purges":1,"victory":false,"max_hp_per_floor":[80,80,85,85,85,85,85,85,85,85,85,85,85,85,85,85,85,85,85,85,85,85,85,85,85,85,85,85],"card_choices":[{"not_picked":["Wild Strike","Fire Breathing"],"picked":"Ghostly Armor","floor":1.0},{"not_picked":["True Grit","Power Through"],"picked":"Flame Barrier","floor":5.0},{"not_picked":["Headbutt","Wild Strike"],"picked":"Shrug It Off","floor":8.0},{"not_picked":["Wild Strike","Flex"],"picked":"Anger","floor":10.0},{"not_picked":["True Grit","Combust"],"picked":"Sword Boomerang","floor":11.0},{"not_picked":["Headbutt","Flex"],"picked":"Infernal Blade","floor":12.0},{"not_picked":["Pommel Strike","Thunderclap"],"picked":"Body Slam","floor":13.0},{"not_picked":["Bludgeon","Iron Wave"],"picked":"Pommel Strike","floor":14.0},{"not_picked":["Juggernaut","Exhume"],"picked":"Impervious","floor":16.0},{"not_picked":["Iron Wave","Anger+1"],"picked":"Rampage","floor":18.0},{"not_picked":["Whirlwind","Sentinel+1"],"picked":"Evolve+1","floor":19.0},{"not_picked":["Heavy Blade+1","Havoc"],"picked":"Seeing Red","floor":21.0},{"not_picked":["Whirlwind","Pommel Strike+1"],"picked":"Headbutt","floor":25}],"player_experience":177839,"relics_obtained":[{"floor":8.0,"key":"Red Skull"},{"floor":9.0,"key":"Anchor"},{"floor":10.0,"key":"Omamori"},{"floor":25,"key":"Tiny Chest"},{"floor":26,"key":"Vajra"}],"event_choices":[{"damage_healed":0.0,"max_hp_gain":0.0,"max_hp_loss":0.0,"gold_gain":175.0,"event_name":"Liars Game","player_choice":"AGREE","floor":2.0,"gold_loss":0.0,"damage_taken":0.0,"cards_obtained":["Doubt"]},{"damage_healed":0.0,"max_hp_gain":5.0,"max_hp_loss":0.0,"gold_gain":0.0,"event_name":"Big Fish","player_choice":"Donut","floor":3.0,"gold_loss":0.0,"damage_taken":0.0},{"damage_healed":0.0,"max_hp_gain":0.0,"max_hp_loss":0.0,"gold_gain":100.0,"event_name":"Golden Shrine","player_choice":"Pray","floor":20.0,"gold_loss":0.0,"damage_taken":0.0},{"damage_healed":0.0,"max_hp_gain":0.0,"max_hp_loss":0.0,"gold_gain":0.0,"event_name":"The Library","player_choice":"Read","floor":22.0,"gold_loss":0.0,"damage_taken":0.0,"cards_obtained":["Shrug It Off"]}],"is_beta":false,"boss_relics":[{"not_picked":["Runic Pyramid","Busted Crown"],"picked":"Mark of Pain"}],"items_purged_floors":[24],"is_endless":false,"potions_floor_spawned":[1,5,13,14,19,25],"killed_by":"Gremlin Leader","ascension_level":7}