{"gold_per_floor":[116,116,38,38,38,72,72,101,180,215,215,226,226,241,241,316,316,333,352,95,112,112,112,137,137,137,53,103,133,145,161,161,236,236,247,247,267,267,104,138,138,149,172,191,191,209,209,224,224,224,224,224,1,35,35],"floor_reached":55,"playtime":2544,"items_purged":[],"score":1425,"play_id":"deb7ed26-df43-4bba-8333-9b52d17137b8","local_time":"20190513013631","is_ascension_mode":true,"campfire_choices":[{"floor":11,"key":"REST"},{"data":"Footwork","floor":13,"key":"SMITH"},{"data":"Calculated Gamble","floor":15,"key":"SMITH"},{"data":"Footwork","floor":23,"key":"SMITH"},{"data":"Dodge and Roll","floor":25,"key":"SMITH"},{"data":"A Thousand Cuts","floor":32,"key":"SMITH"},{"floor":41,"key":"RECALL"},{"floor":47,"key":"REST"},{"data":"After Image","floor":49,"key":"SMITH"},{"floor":52,"key":"REST"}],"neow_cost":"NONE","seed_source_timestamp":2718966403506706,"circlet_count":0,"master_deck":["AscendersBane","Defend_G","Defend_G","Defend_G","Defend_G","Defend_G","Strike_G+1","Survivor","Neutralize+1","Acrobatics","Footwork+1","Backflip","Dash+1","Escape Plan","Calculated Gamble+1","Die Die Die+1","Dodge and Roll+1","Dash+1","Footwork+1","Dagger Spray+1","Footwork+1","A Thousand Cuts+1","Cloak And Dagger+1","After Image+1","Tactician+1","PiercingWail+1","Sucker Punch+1","Blade Dance+1","Good Instincts+1","Blade Dance+1","Leg Sweep+1","Backstab+1","Backflip+1","Panache","Dodge and Roll+1","Blade Dance+1"],"relics":["Ring of the Snake","Mango","Pocketwatch","Omamori","Molten Egg 2","Ninja Scroll","Sozu","DollysMirror","MutagenicStrength","Regal Pillow","Toxic Egg 2","Astrolabe","StoneCalendar","Pantograph","Centennial Puzzle","Orichalcum"],"potions_floor_usage":[16,55,55],"damage_taken":[{"damage":2,"enemies":"Jaw Worm","floor":1,"turns":5},{"damage":32,"enemies":"Lagavulin","floor":6,"turns":10},{"damage":19,"enemies":"3 Sentries","floor":8,"turns":10},{"damage":25,"enemies":"Lagavulin","floor":10,"turns":8},{"damage":2,"enemies":"Small Slimes","floor":12,"turns":2},{"damage":0,"enemies":"Cultist","floor":14,"turns":2},{"damage":0,"enemies":"The Guardian","floor":16,"turns":15},{"damage":3,"enemies":"2 Thieves","floor":18,"turns":4},{"damage":1,"enemies":"3 Byrds","floor":19,"turns":4},{"damage":0,"enemies":"Centurion and Healer","floor":21,"turns":7},{"damage":0,"enemies":"Book of Stabbing","floor":24,"turns":7},{"damage":6,"enemies":"Gremlin Leader","floor":29,"turns":7},{"damage":2,"enemies":"Sentry and Sphere","floor":30,"turns":4},{"damage":0,"enemies":"Snecko","floor":31,"turns":5},{"damage":28,"enemies":"Collector","floor":33,"turns":13},{"damage":0,"enemies":"3 Darklings","floor":35,"turns":6},{"damage":0,"enemies":"3 Shapes","floor":37,"turns":4},{"damage":34,"enemies":"Giant Head","floor":40,"turns":13},{"damage":30,"enemies":"Transient","floor":42,"turns":5},{"damage":0,"enemies":"Sphere and 2 Shapes","floor":44,"turns":6},{"damage":0,"enemies":"Writhing Mass","floor":46,"turns":7},{"damage":3,"enemies":"4 Shapes","floor":48,"turns":3},{"damage":24,"enemies":"Awakened One","floor":50,"turns":28},{"damage":29,"enemies":"Shield and Spear","floor":54,"turns":11},{"damage":79,"enemies":"The Heart","floor":55,"turns":5}],"seed_played":"-93842721631857591","potions_obtained":[{"floor":1,"key":"Ancient Potion"},{"floor":10,"key":"SpeedPotion"},{"floor":14,"key":"SteroidPotion"},{"floor":16,"key":"PowerPotion"}],"is_trial":false,"path_per_floor":["M","?","$","T","?","E","?","E","T","E","R","M","R","M","R","B",null,"M","M","$","M","?","R","E","R","T","$","?","E","M","M","R","B",null,"M","?","M","T","$","E","R","M","T","M","?","M","R","M","R","B",null,"R","$","E","B"],"character_chosen":"THE_SILENT","items_purchased":["Dash","DollysMirror","Dagger Spray+1","A Thousand Cuts","Leg Sweep+1","Backstab+1","Panache","Dodge and Roll+1"],"campfire_rested":3,"item_purchase_floors":[3,20,20,27,39,39,53,53],"current_hp_per_floor":[57,50,50,64,40,8,80,61,61,36,60,58,58,58,58,58,75,72,71,71,71,71,71,71,71,71,71,71,65,63,63,63,35,69,69,69,69,69,69,35,35,5,5,5,5,5,44,41,41,42,71,80,80,51,0],"gold":35,"neow_bonus":"UPGRADE_CARD","is_prod":false,"is_daily":false,"chose_seed":false,"campfire_upgraded":6,"win_rate":0,"timestamp":1557722191,"path_taken":["M","?","?","?","?","E","?","E","T","E","R","M","R","?","R","BOSS","M","M","$","?","?","R","E","R","T","$","?","E","M","M","R","BOSS","M","?","M","?","$","E","R","M","T","M","?","?","R","M","R","BOSS","R","$","E","BOSS"],"build_version":"2019-01-23","purchased_purges":0,"victory":false,"max_hp_per_floor":[66,66,66,80,80,80,80,80,80,80,80,80,80,80,80,80,80,80,80,80,80,80,80,80,80,80,80,80,80,80,80,80,80,80,80,80,80,80,80,80,80,80,80,80,80,80,80,80,80,80,80,80,80,80,80],"card_choices":[{"not_picked":["Catalyst","Underhanded Strike"],"picked":"Acrobatics","floor":1},{"not_picked":["Prepared","Bane"],"picked":"Footwork","floor":6},{"not_picked":["Expertise","Blade Dance"],"picked":"Backflip","floor":8},{"not_picked":["Deflect","Riddle With Holes+1"],"picked":"Dash+1","floor":10},{"not_picked":["Blade Dance","Outmaneuver"],"picked":"Escape Plan","floor":12},{"not_picked":["Slice+1","Dagger Throw+1"],"picked":"Calculated Gamble","floor":14},{"not_picked":["Storm of Steel","Wraith Form v2"],"picked":"Die Die Die+1","floor":16},{"not_picked":["Eviscerate+1","Dagger Spray+1"],"picked":"Dodge and Roll","floor":18},{"not_picked":["Blade Dance","Slice+1"],"picked":"Dash+1","floor":19},{"not_picked":["Backstab+1","Bane+1"],"picked":"Footwork","floor":21},{"not_picked":["Noxious Fumes","Infinite Blades","Blade Dance"],"picked":"SKIP","floor":24},{"not_picked":["Flying Knee+1","Bane+1","Dagger Throw+1"],"picked":"SKIP","floor":29},{"not_picked":["Distraction+1","Acrobatics+1","Slice+1"],"picked":"SKIP","floor":30},{"not_picked":["Flying Knee+1","Tools of the Trade"],"picked":"Cloak And Dagger+1","floor":31},{"not_picked":["Die Die Die+1","Venomology+1"],"picked":"After Image","floor":33},{"not_picked":["Slice+1","Bane+1"],"picked":"Blade Dance+1","floor":35},{"not_picked":["Discovery+1","Swift Strike+1"],"picked":"Good Instincts+1","floor":36},{"not_picked":["Flying Knee+1","Grand Finale+1"],"picked":"Blade Dance+1","floor":37},{"not_picked":["Noxious Fumes+1","Deadly Poison+1"],"picked":"Backflip+1","floor":40},{"not_picked":["Expertise+1","Underhanded Strike+1","Tactician+1"],"picked":"SKIP","floor":42},{"not_picked":["Bane+1","Dagger Spray+1","Catalyst+1"],"picked":"SKIP","floor":44},{"not_picked":["Tactician+1","Slice+1","Backflip+1"],"picked":"SKIP","floor":46},{"not_picked":["Poisoned Stab+1","Flying Knee+1","Endless Agony+1"],"picked":"SKIP","floor":48},{"not_picked":["Predator+1","Tools of the Trade"],"picked":"Blade Dance+1","floor":54}],"player_experience":1331915,"relics_obtained":[{"floor":4,"key":"Mango"},{"floor":6,"key":"Pocketwatch"},{"floor":8,"key":"Omamori"},{"floor":9,"key":"Molten Egg 2"},{"floor":10,"key":"Ninja Scroll"},{"floor":24,"key":"Regal Pillow"},{"floor":29,"key":"Toxic Egg 2"},{"floor":38,"key":"StoneCalendar"},{"floor":40,"key":"Pantograph"},{"floor":43,"key":"Centennial Puzzle"},{"floor":54,"key":"Orichalcum"}],"event_choices":[{"cards_removed":["Strike_G"],"damage_healed":0,"gold_gain":0,"player_choice":"Card Removal","damage_taken":7,"max_hp_gain":0,"max_hp_loss":0,"event_name":"Golden Wing","floor":2,"gold_loss":0},{"damage_healed":0,"gold_gain":0,"player_choice":"Entered Light","damage_taken":24,"max_hp_gain":0,"max_hp_loss":0,"event_name":"Shining Light","floor":5,"gold_loss":0,"cards_upgraded":["Strike_G","Strike_G"]},{"cards_removed":["Dash"],"damage_healed":72,"gold_gain":0,"player_choice":"Offered Uncommon","damage_taken":0,"max_hp_gain":0,"max_hp_loss":0,"event_name":"Bonfire Elementals","floor":7,"gold_loss":0},{"damage_healed":0,"gold_gain":0,"player_choice":"Inject Mutagens","damage_taken":0,"relics_obtained":["MutagenicStrength"],"max_hp_gain":0,"max_hp_loss":0,"event_name":"Drug Dealer","floor":22,"gold_loss":0},{"damage_healed":0,"gold_gain":50,"player_choice":"Stole From Cult","damage_taken":0,"max_hp_gain":0,"max_hp_loss":0,"event_name":"Nest","floor":28,"gold_loss":0},{"damage_healed":0,"gold_gain":0,"player_choice":"Memory 1","damage_taken":0,"max_hp_gain":0,"max_hp_loss":0,"event_name":"SensoryStone","floor":36,"gold_loss":0},{"damage_healed":0,"gold_gain":0,"player_choice":"Ignored","damage_taken":0,"max_hp_gain":0,"max_hp_loss":0,"event_name":"Mysterious Sphere","floor":45,"gold_loss":0}],"is_beta":false,"boss_relics":[{"not_picked":["Lizard Tail","Black Star"],"picked":"Sozu"},{"not_picked":["Tiny House","WristBlade"],"picked":"Astrolabe"}],"items_purged_floors":[],"is_endless":false,"potions_floor_spawned":[1,10,14,16,21,29,31,35,42,44,46,54],"killed_by":"The Heart","ascension_level":16}