{"gold_per_floor":[117,117,117,134,151,151,178,22,22,73,73,92,112,146,146,247,247,275,27,27,43,43,43,60,60],"floor_reached":25,"playtime":645,"items_purged":["Regret","Normality"],"score":278,"play_id":"7059effd-6c1b-48b9-ac4f-cfccd047ec33","local_time":"20190115034609","is_ascension_mode":true,"campfire_choices":[{"floor":6,"key":"REST"},{"floor":11,"key":"REST"},{"floor":15,"key":"REST"},{"floor":23,"key":"REST"}],"neow_cost":"NONE","seed_source_timestamp":143598867636211,"circlet_count":0,"master_deck":["Defend_G","Defend_G","Defend_G","Defend_G","Defend_G","Strike_G","Strike_G","Strike_G","Strike_G","Strike_G","Survivor","Neutralize","Flying Knee+1","Escape Plan","Flechettes","Distraction","Blade Dance","Dagger Spray","Riddle With Holes+1","After Image","Decay","Decay","Blade Dance","Glass Knife+1","Cloak And Dagger"],"relics":["Ring of the Snake","Singing Bowl","Bronze Scales","Shuriken","Molten Egg 2","Calling Bell","MawBank","Blue Candle","Mango","MutagenicStrength"],"potions_floor_usage":[7,14,16,21],"damage_taken":[{"damage":1,"enemies":"Small Slimes","floor":1,"turns":4},{"damage":18,"enemies":"2 Louse","floor":4,"turns":3},{"damage":8,"enemies":"Cultist","floor":5,"turns":4},{"damage":45,"enemies":"Lagavulin","floor":7,"turns":10},{"damage":7,"enemies":"2 Fungi Beasts","floor":12,"turns":4},{"damage":3,"enemies":"Looter","floor":13,"turns":2},{"damage":10,"enemies":"3 Sentries","floor":14,"turns":4},{"damage":24,"enemies":"Slime Boss","floor":16,"turns":8},{"damage":39,"enemies":"Shell Parasite","floor":18,"turns":7},{"damage":12,"enemies":"Chosen","floor":21,"turns":1},{"damage":19,"enemies":"Snake Plant","floor":24,"turns":3},{"damage":48,"enemies":"Book of Stabbing","floor":25,"turns":4}],"seed_played":"-6155964143544598047","potions_obtained":[{"floor":5,"key":"SpeedPotion"},{"floor":12,"key":"Block Potion"},{"floor":13,"key":"PowerPotion"},{"floor":14,"key":"Energy Potion"},{"floor":18,"key":"Ancient Potion"}],"is_trial":false,"path_per_floor":["M","?","?","M","M","R","E","$","T","?","R","M","M","E","R","B",null,"M","$","?","M","$","R","M","E"],"character_chosen":"THE_SILENT","items_purchased":["Distraction","Glass Knife+1"],"campfire_rested":4,"item_purchase_floors":[8,19],"current_hp_per_floor":[69,69,69,53,47,69,24,24,24,24,46,39,36,26,48,24,88,49,49,49,37,37,63,46,0],"gold":60,"neow_bonus":"THREE_CARDS","is_prod":false,"is_daily":false,"chose_seed":false,"campfire_upgraded":0,"win_rate":0,"timestamp":1547534769,"path_taken":["M","?","?","?","M","R","E","$","T","?","R","M","M","E","R","BOSS","M","$","?","M","$","R","M","E"],"build_version":"2019-01-10","purchased_purges":2,"victory":false,"max_hp_per_floor":[70,70,70,72,74,74,74,74,74,74,74,74,74,74,74,74,88,88,88,88,88,88,88,90,90],"card_choices":[{"not_picked":["Quick Slash","Prepared"],"picked":"Flying Knee","floor":0},{"not_picked":["Acrobatics","Dodge and Roll"],"picked":"Escape Plan","floor":1},{"not_picked":["Flying Knee","Predator","Catalyst"],"picked":"Singing Bowl","floor":4},{"not_picked":["Catalyst","Prepared","Poisoned Stab"],"picked":"Singing Bowl","floor":5},{"not_picked":["Concentrate","Underhanded Strike"],"picked":"Flechettes","floor":7},{"not_picked":["Cloak And Dagger","Escape Plan"],"picked":"Blade Dance","floor":12},{"not_picked":["Bouncing Flask","Outmaneuver"],"picked":"Dagger Spray","floor":13},{"not_picked":["Dagger Throw","PiercingWail"],"picked":"Riddle With Holes","floor":14},{"not_picked":["Envenom","Doppelganger"],"picked":"After Image","floor":16},{"not_picked":["Dagger Throw+1","Cloak And Dagger+1"],"picked":"Blade Dance","floor":18},{"not_picked":["Underhanded Strike+1","Acrobatics"],"picked":"Cloak And Dagger","floor":21},{"not_picked":["Underhanded Strike+1","Crippling Poison","Deadly Poison"],"picked":"Singing Bowl","floor":24}],"player_experience":625430,"relics_obtained":[{"floor":7,"key":"Bronze Scales"},{"floor":9,"key":"Shuriken"},{"floor":14,"key":"Molten Egg 2"},{"floor":17,"key":"MawBank"},{"floor":17,"key":"Blue Candle"},{"floor":17,"key":"Mango"}],"event_choices":[{"damage_healed":0,"gold_gain":0,"player_choice":"Box","damage_taken":0,"relics_obtained":["Singing Bowl"],"max_hp_gain":0,"max_hp_loss":0,"event_name":"Big Fish","floor":2,"gold_loss":0,"cards_obtained":["Regret"]},{"damage_healed":0,"gold_gain":0,"player_choice":"Upgraded","damage_taken":0,"max_hp_gain":0,"max_hp_loss":0,"event_name":"Upgrade Shrine","floor":3,"gold_loss":0,"cards_upgraded":["Flying Knee"]},{"damage_healed":0,"gold_gain":51,"player_choice":"Gained Gold","damage_taken":0,"max_hp_gain":0,"max_hp_loss":0,"event_name":"Golden Wing","floor":10,"gold_loss":0},{"damage_healed":0,"gold_gain":0,"player_choice":"Inject Mutagens","damage_taken":0,"relics_obtained":["MutagenicStrength"],"max_hp_gain":0,"max_hp_loss":0,"event_name":"Drug Dealer","floor":20,"gold_loss":0}],"is_beta":false,"boss_relics":[{"not_picked":["Black Star","WristBlade"],"picked":"Calling Bell"}],"items_purged_floors":[8,19],"is_endless":false,"potions_floor_spawned":[5,12,13,14,18],"killed_by":"Book of Stabbing","ascension_level":4}