{"gold_per_floor":[112,187,39,39,58,58,96,371,371,36,69,88,101,121,121,217,217,236,151,80,80,80,80,42,42,42,105,105,118,218,228,228,304,304,316,316,331,345,362,662,1,33,59,59],"floor_reached":44,"playtime":1232,"items_purged":["Regret"],"score":881,"play_id":"f0a2e0ce-df57-4d53-8b9f-6e94a0b9cacd","local_time":"20190420112654","is_ascension_mode":true,"campfire_choices":[{"data":"Gash","floor":6,"key":"SMITH"},{"floor":15,"key":"REST"},{"floor":23,"key":"REST"},{"floor":28,"key":"DIG"},{"floor":32,"key":"REST"},{"floor":40,"key":"DIG"}],"neow_cost":"NONE","seed_source_timestamp":768335690368537,"circlet_count":0,"master_deck":["AscendersBane","Strike_B","Strike_B","Strike_B","Defend_B","Defend_B+1","Defend_B","Defend_B","Zap","Dualcast","Gash+1","Injury","Beam Cell","Coolheaded+1","Gash","Cold Snap","Rebound","All For One","Rebound","Static Discharge+1","Self Repair+1","Leap","Ball Lightning+1","Static Discharge+1","Seek","Capacitor+1","Defragment+1","Gash","Gash","Self Repair+1","Consume","Panache+1","White Noise","Pain"],"relics":["Cracked Core","NeowsBlessing","Bronze Scales","Bloody Idol","Anchor","Mummified Hand","Frozen Egg 2","Centennial Puzzle","Fusion Hammer","War Paint","Lantern","Shovel","Tiny Chest","Bottled Lightning","Nunchaku","Ornamental Fan","Cursed Key","Old Coin","Runic Capacitor","Oddly Smooth Stone","PreservedInsect"],"potions_floor_usage":[11,16,27,30,33,44],"damage_taken":[{"damage":0,"enemies":"Jaw Worm","floor":1,"turns":1},{"damage":0,"enemies":"Small Slimes","floor":5,"turns":1},{"damage":0,"enemies":"3 Sentries","floor":7,"turns":2},{"damage":37,"enemies":"Lagavulin","floor":11,"turns":6},{"damage":0,"enemies":"2 Louse","floor":12,"turns":2},{"damage":0,"enemies":"Gremlin Gang","floor":13,"turns":4},{"damage":0,"enemies":"Looter","floor":14,"turns":2},{"damage":6,"enemies":"Hexaghost","floor":16,"turns":9},{"damage":0,"enemies":"3 Byrds","floor":18,"turns":3},{"damage":48,"enemies":"Slavers","floor":27,"turns":5},{"damage":10,"enemies":"2 Thieves","floor":29,"turns":3},{"damage":13,"enemies":"Colosseum Slavers","floor":30,"turns":4},{"damage":32,"enemies":"Colosseum Nobs","floor":30,"turns":3},{"damage":0,"enemies":"Cultist and Chosen","floor":31,"turns":4},{"damage":51,"enemies":"Champ","floor":33,"turns":8},{"damage":15,"enemies":"3 Darklings","floor":35,"turns":3},{"damage":6,"enemies":"Orb Walker","floor":37,"turns":3},{"damage":11,"enemies":"Sphere and 2 Shapes","floor":38,"turns":4},{"damage":6,"enemies":"Jaw Worm Horde","floor":39,"turns":4},{"damage":50,"enemies":"Reptomancer","floor":42,"turns":5},{"damage":52,"enemies":"Nemesis","floor":44,"turns":5}],"seed_played":"6771076911789388270","potions_obtained":[{"floor":1,"key":"Block Potion"},{"floor":11,"key":"SpeedPotion"},{"floor":13,"key":"SteroidPotion"},{"floor":18,"key":"SneckoOil"},{"floor":31,"key":"PowerPotion"},{"floor":33,"key":"FocusPotion"},{"floor":42,"key":"Swift Potion"}],"is_trial":false,"path_per_floor":["M","?","$","?","M","R","E","?","T","$","E","M","M","M","R","B",null,"M","?","$","?","?","R","$","?","T","E","R","M","?","M","R","B",null,"M","?","M","M","M","R","$","E","T","E"],"character_chosen":"DEFECT","items_purchased":["Bronze Scales","Frozen Egg 2","Static Discharge+1","Self Repair+1","Runic Capacitor","Self Repair+1","Consume","Panache+1","Oddly Smooth Stone"],"campfire_rested":3,"item_purchase_floors":[3,10,20,24,41,41,41,41,41],"current_hp_per_floor":[64,53,53,53,53,53,53,53,53,53,16,16,16,16,37,31,61,61,61,61,61,61,71,71,71,71,43,43,53,33,48,69,33,62,62,62,71,71,71,71,71,46,51,0],"gold":59,"neow_bonus":"THREE_ENEMY_KILL","is_prod":false,"is_daily":false,"chose_seed":false,"campfire_upgraded":1,"win_rate":0,"timestamp":1555770414,"path_taken":["M","?","$","?","M","R","E","?","T","$","E","M","?","M","R","BOSS","M","?","$","?","?","R","$","?","T","E","R","?","?","M","R","BOSS","M","?","M","M","M","R","$","E","T","E"],"build_version":"2019-01-23","purchased_purges":1,"victory":false,"max_hp_per_floor":[71,71,71,71,71,71,71,71,71,71,71,71,71,71,71,71,71,71,71,71,71,71,71,71,71,71,71,71,71,71,71,71,71,71,71,71,71,71,71,71,71,71,71,71],"card_choices":[{"not_picked":["Rebound","Cold Snap"],"picked":"Gash","floor":1},{"not_picked":["Auto Shields","Capacitor"],"picked":"Beam Cell","floor":5},{"not_picked":["Consume","Storm"],"picked":"Coolheaded","floor":7},{"not_picked":["Force Field","Sunder"],"picked":"Gash","floor":11},{"not_picked":["Steam","Conserve Battery"],"picked":"Cold Snap","floor":12},{"not_picked":["Genetic Algorithm","Redo","Chaos"],"picked":"SKIP","floor":13},{"not_picked":["Redo","BootSequence"],"picked":"Rebound","floor":14},{"not_picked":["Core Surge","Seek"],"picked":"All For One","floor":16},{"not_picked":["Ball Lightning","Compile Driver"],"picked":"Rebound","floor":18},{"not_picked":["Sweeping Beam","Fusion"],"picked":"Leap","floor":27},{"not_picked":["Darkness","Sweeping Beam"],"picked":"Ball Lightning+1","floor":29},{"not_picked":["Ball Lightning+1","Sunder"],"picked":"Static Discharge+1","floor":30},{"not_picked":["Stack","Core Surge","Turbo+1"],"picked":"SKIP","floor":31},{"not_picked":["Core Surge","Thunder Strike"],"picked":"Seek","floor":33},{"not_picked":["Stack+1","Sunder"],"picked":"Capacitor+1","floor":35},{"not_picked":["Compile Driver+1","Loop+1"],"picked":"Defragment+1","floor":37},{"not_picked":["Beam Cell","Compile Driver"],"picked":"Gash","floor":38},{"not_picked":["Auto Shields","Ball Lightning"],"picked":"Gash","floor":39},{"not_picked":["Cold Snap","Genetic Algorithm"],"picked":"White Noise","floor":42}],"player_experience":1161340,"relics_obtained":[{"floor":7,"key":"Anchor"},{"floor":9,"key":"Mummified Hand"},{"floor":11,"key":"Centennial Puzzle"},{"floor":26,"key":"Shovel"},{"floor":27,"key":"Tiny Chest"},{"floor":28,"key":"Bottled Lightning"},{"floor":30,"key":"Nunchaku"},{"floor":30,"key":"Ornamental Fan"},{"floor":40,"key":"Old Coin"},{"floor":42,"key":"PreservedInsect"}],"event_choices":[{"damage_healed":0,"gold_gain":75,"player_choice":"Gather Gold","damage_taken":11,"max_hp_gain":0,"max_hp_loss":0,"event_name":"World of Goop","floor":2,"gold_loss":0},{"damage_healed":0,"gold_gain":0,"player_choice":"Take Wound","damage_taken":0,"relics_obtained":["Golden Idol"],"max_hp_gain":0,"max_hp_loss":0,"event_name":"Golden Idol","floor":4,"gold_loss":0,"cards_obtained":["Injury"]},{"damage_healed":0,"gold_gain":275,"player_choice":"Desecrate","damage_taken":0,"max_hp_gain":0,"max_hp_loss":0,"event_name":"Golden Shrine","floor":8,"gold_loss":0,"cards_obtained":["Regret"]},{"damage_healed":0,"gold_gain":0,"player_choice":"Obtained Relic","damage_taken":0,"relics_obtained":["War Paint"],"max_hp_gain":0,"max_hp_loss":0,"event_name":"Addict","floor":19,"gold_loss":85},{"damage_healed":0,"gold_gain":0,"player_choice":"Opened","damage_taken":0,"relics_obtained":["Lantern"],"max_hp_gain":0,"max_hp_loss":0,"event_name":"The Mausoleum","floor":21,"gold_loss":0},{"damage_healed":0,"gold_gain":0,"player_choice":"Ignored","damage_taken":0,"max_hp_gain":0,"max_hp_loss":0,"event_name":"Ghosts","floor":22,"gold_loss":0},{"damage_healed":0,"gold_gain":0,"player_choice":"Gave Idol","damage_taken":0,"relics_obtained":["Bloody Idol"],"max_hp_gain":0,"max_hp_loss":0,"event_name":"Forgotten Altar","floor":25,"relics_lost":["Golden Idol"],"gold_loss":0},{"damage_healed":0,"gold_gain":0,"player_choice":"Fight","damage_taken":0,"max_hp_gain":0,"max_hp_loss":0,"event_name":"Colosseum","floor":30,"gold_loss":0},{"damage_healed":0,"gold_gain":0,"player_choice":"Fought Nobs","damage_taken":0,"max_hp_gain":0,"max_hp_loss":0,"event_name":"Colosseum","floor":30,"gold_loss":0},{"cards_removed":["Strike_B"],"damage_healed":0,"gold_gain":0,"player_choice":"Removed Attack","damage_taken":0,"max_hp_gain":0,"max_hp_loss":0,"event_name":"Falling","floor":36,"gold_loss":0}],"is_beta":false,"boss_relics":[{"not_picked":["Sozu","White Beast Statue"],"picked":"Fusion Hammer"},{"not_picked":["Eternal Feather","Calling Bell"],"picked":"Cursed Key"}],"items_purged_floors":[10],"is_endless":false,"potions_floor_spawned":[1,11,13,18,30,31,33,42],"killed_by":"Nemesis","ascension_level":14}