{"gold_per_floor":[14,34,34,209,227,227,260,278,303,328,328,386,406,481,481,579,579,592,592,603,98,111,111],"floor_reached":23,"playtime":1200,"items_purged":[],"score":241,"play_id":"2a5844c8-18de-4b00-81ca-48e7fed832df","local_time":"20180712131946","is_ascension_mode":true,"campfire_choices":[{"data":"Streamline","floor":6,"key":"SMITH"},{"data":"Zap","floor":11,"key":"SMITH"},{"floor":15,"key":"REST"}],"neow_cost":"NO_GOLD","seed_source_timestamp":1017103414111009,"circlet_count":0,"master_deck":["Strike_B","Strike_B","Strike_B","Strike_B","Defend_B","Defend_B","Defend_B","Defend_B","Zap+1","Dualcast","Beam Cell","Reprogram","Doubt","Streamline+1","Self Repair","Scrape","Electrodynamics","Streamline+1"],"relics":["Cracked Core","Emotion Chip","Ancient Tea Set","Orichalcum","Oddly Smooth Stone","Ice Cream","Sozu","Torii","TwistedFunnel"],"potions_floor_usage":[7,10,12,12],"damage_taken":[{"damage":0,"enemies":"2 Louse","floor":1,"turns":2},{"damage":0,"enemies":"Cultist","floor":2,"turns":2},{"damage":2,"enemies":"Jaw Worm","floor":5,"turns":3},{"damage":16,"enemies":"Gremlin Nob","floor":7,"turns":3},{"damage":6,"enemies":"Looter","floor":8,"turns":2},{"damage":24,"enemies":"Lagavulin","floor":10,"turns":5},{"damage":4,"enemies":"Gremlin Nob","floor":12,"turns":3},{"damage":0,"enemies":"3 Louse","floor":13,"turns":2},{"damage":36,"enemies":"The Guardian","floor":16,"turns":9},{"damage":15,"enemies":"2 Thieves","floor":18,"turns":3},{"damage":5,"enemies":"Spheric Guardian","floor":20,"turns":3},{"damage":1,"enemies":"Centurion and Healer","floor":22,"turns":3},{"damage":68,"enemies":"Gremlin Leader","floor":23,"turns":4}],"seed_played":"-6866151389847387740","potions_obtained":[{"floor":1,"key":"PowerPotion"},{"floor":3,"key":"Strength Potion"},{"floor":3,"key":"Fire Potion"},{"floor":7,"key":"EssenceOfSteel"},{"floor":10,"key":"Strength Potion"},{"floor":13,"key":"Explosive Potion"},{"floor":16,"key":"PowerPotion"}],"is_trial":false,"path_per_floor":["M","M","?","?","M","R","E","M","T","E","R","?","M","?","R","B",null,"M","?","M","$","M"],"character_chosen":"DEFECT","items_purchased":["Torii","TwistedFunnel"],"campfire_rested":1,"item_purchase_floors":[21,21],"current_hp_per_floor":[75,75,75,75,73,73,57,51,51,34,34,37,37,26,48,19,75,67,67,62,62,68,0],"gold":111,"neow_bonus":"ONE_RARE_RELIC","is_prod":false,"is_daily":false,"chose_seed":false,"campfire_upgraded":2,"win_rate":0,"timestamp":1531412386,"path_taken":["M","M","?","?","M","R","E","M","T","E","R","?","M","?","R","BOSS","M","?","?","$","M","E"],"build_version":"2018-07-05","purchased_purges":0,"victory":false,"max_hp_per_floor":[75,75,75,75,75,75,75,75,75,75,75,75,75,75,75,75,75,75,75,75,75,75,75],"card_choices":[{"not_picked":["Reinforced Body","Fusion"],"picked":"Beam Cell","floor":1},{"not_picked":["Melter","Blizzard"],"picked":"Reprogram","floor":2},{"not_picked":["Conserve Battery","Undo"],"picked":"Streamline","floor":5},{"not_picked":["Steam","Glacier"],"picked":"Self Repair","floor":7},{"not_picked":["Aggregate","Hologram","Sweeping Beam"],"picked":"SKIP","floor":8},{"not_picked":["Reinforced Body","Blizzard","Coolheaded"],"picked":"SKIP","floor":10},{"not_picked":["Doom and Gloom","Cold Snap"],"picked":"Scrape","floor":13},{"not_picked":["Meteor Strike","Amplify"],"picked":"Electrodynamics","floor":16},{"not_picked":["Steam+1","Glacier","Turbo"],"picked":"SKIP","floor":18},{"not_picked":["Chill","Chaos","Compile Driver"],"picked":"SKIP","floor":20},{"not_picked":["Lockon+1","Hologram+1","Stack"],"picked":"SKIP","floor":22}],"player_experience":436802,"relics_obtained":[{"floor":7,"key":"Ancient Tea Set"},{"floor":9,"key":"Orichalcum"},{"floor":10,"key":"Oddly Smooth Stone"},{"floor":12,"key":"Ice Cream"}],"event_choices":[{"event_name":"The Lab","player_choice":"Got Potions","floor":3,"damage_taken":0},{"event_name":"Liars Game","player_choice":"agreed","floor":4,"damage_taken":0},{"event_name":"Dead Adventurer","player_choice":"Searched \u00272\u0027 times","floor":12,"damage_taken":0},{"event_name":"World of Goop","player_choice":"Gather Gold","floor":14,"damage_taken":0},{"event_name":"Duplicator","player_choice":"One dupe","floor":19,"damage_taken":0}],"boss_relics":[{"not_picked":["White Beast Statue","Pandora\u0027s Box"],"picked":"Sozu"}],"items_purged_floors":[],"is_endless":false,"potions_floor_spawned":[1,7,10,13,16,20],"killed_by":"Gremlin Leader","ascension_level":4}