{"gold_per_floor":[112,112,4,19,43,87,87,123,123,123,457,475,475,11,11,107,107,131,150,150,150,171,171,192,228,254,254,26,26,46,59,59,59],"floor_reached":33,"playtime":3455,"items_purged":["Strike_G","Clumsy"],"score":570,"play_id":"ec35e457-79cf-4c7d-9394-5964472565d8","local_time":"20190109092316","is_ascension_mode":true,"campfire_choices":[{"floor":7,"key":"REST"},{"floor":10,"key":"REST"},{"floor":13,"key":"REST"},{"data":"Neutralize","floor":15,"key":"SMITH"},{"floor":23,"key":"REST"},{"floor":32,"key":"REST"}],"neow_cost":"NONE","seed_source_timestamp":1781317758484855,"circlet_count":0,"master_deck":["AscendersBane","Defend_G","Defend_G","Defend_G","Defend_G","Defend_G","Strike_G","Strike_G","Strike_G","Strike_G","Survivor","Neutralize+1","Dagger Throw","Dagger Spray","Backflip","Well Laid Plans","Noxious Fumes","Poisoned Stab+1","Glass Knife+1","Footwork","After Image","Infinite Blades","Sucker Punch+1","Quick Slash+1","Crippling Poison","Ghostly","Ghostly","Ghostly","Blur","Acrobatics"],"relics":["Cursed Key","Golden Idol","Molten Egg 2","Strawberry","Old Coin","Membership Card","Potion Belt","Runic Pyramid","Enchiridion","Bag of Preparation","Kunai"],"potions_floor_usage":[6,8,11,19,24,25,30,30,31],"damage_taken":[{"damage":3,"enemies":"Cultist","floor":1,"turns":5},{"damage":0,"enemies":"Small Slimes","floor":4,"turns":3},{"damage":2,"enemies":"Jaw Worm","floor":5,"turns":4},{"damage":40,"enemies":"Gremlin Nob","floor":6,"turns":5},{"damage":10,"enemies":"3 Sentries","floor":8,"turns":8},{"damage":30,"enemies":"Gremlin Nob","floor":11,"turns":4},{"damage":1,"enemies":"Looter","floor":12,"turns":3},{"damage":12,"enemies":"The Guardian","floor":16,"turns":11},{"damage":7,"enemies":"Spheric Guardian","floor":18,"turns":6},{"damage":14,"enemies":"3 Byrds","floor":19,"turns":5},{"damage":5,"enemies":"3 Cultists","floor":22,"turns":5},{"damage":4,"enemies":"Centurion and Healer","floor":24,"turns":5},{"damage":23,"enemies":"Gremlin Leader","floor":25,"turns":6},{"damage":0,"enemies":"Snecko","floor":30,"turns":8},{"damage":0,"enemies":"Snake Plant","floor":31,"turns":4},{"damage":12,"enemies":"Champ","floor":33,"turns":12}],"seed_played":"-1011010863298081897","potions_obtained":[{"floor":6,"key":"FearPotion"},{"floor":8,"key":"SkillPotion"},{"floor":16,"key":"Weak Potion"},{"floor":18,"key":"FearPotion"},{"floor":21,"key":"Poison Potion"},{"floor":21,"key":"FearPotion"},{"floor":22,"key":"Dexterity Potion"},{"floor":30,"key":"GhostInAJar"}],"is_trial":false,"path_per_floor":["M","?","$","M","M","E","R","E","T","R","E","M","R","$","R","B",null,"M","M","?","?","M","R","M","E","T","?","$","T","M","M","R","B"],"character_chosen":"THE_SILENT","items_purchased":["SteroidPotion","Dagger Spray","Footwork","Membership Card","Potion Belt","Kunai","Blur"],"campfire_rested":5,"item_purchase_floors":[3,3,14,14,14,28,28],"current_hp_per_floor":[56,56,56,56,54,14,32,29,29,49,19,18,38,38,38,26,57,50,36,15,15,10,30,26,3,3,3,3,3,3,3,12,0],"gold":59,"neow_bonus":"BOSS_RELIC","is_prod":false,"is_daily":false,"chose_seed":false,"campfire_upgraded":1,"win_rate":0,"timestamp":1547043796,"path_taken":["M","?","$","M","M","E","R","E","T","R","E","M","R","$","R","BOSS","M","M","?","?","?","R","M","E","T","?","$","?","M","M","R","BOSS"],"build_version":"2019-01-08","purchased_purges":2,"victory":false,"max_hp_per_floor":[66,60,60,60,60,60,60,67,67,67,67,67,67,67,67,67,67,67,67,67,67,67,67,67,67,67,33,33,33,33,33,33,33],"card_choices":[{"not_picked":["Eviscerate","Sucker Punch"],"picked":"Dagger Throw","floor":1},{"not_picked":["Distraction","Caltrops"],"picked":"Backflip","floor":4},{"not_picked":["Distraction","Leg Sweep"],"picked":"Well Laid Plans","floor":5},{"not_picked":["Prepared","Underhanded Strike"],"picked":"Noxious Fumes","floor":6},{"not_picked":["Dodge and Roll","Terror"],"picked":"Poisoned Stab+1","floor":8},{"not_picked":["Expertise","Deadly Poison"],"picked":"Glass Knife+1","floor":11},{"not_picked":["Prepared","Reflex","Finisher+1"],"picked":"SKIP","floor":12},{"not_picked":["Envenom","Bullet Time"],"picked":"After Image","floor":16},{"not_picked":["Acrobatics","Calculated Gamble"],"picked":"Infinite Blades","floor":18},{"not_picked":["Setup","Skewer+1"],"picked":"Sucker Punch+1","floor":19},{"not_picked":["Underhanded Strike+1","Prepared"],"picked":"Quick Slash+1","floor":22},{"not_picked":["Poisoned Stab+1","Prepared"],"picked":"Crippling Poison","floor":24},{"not_picked":["Underhanded Strike+1","Heel Hook+1","Sucker Punch+1"],"picked":"SKIP","floor":30},{"not_picked":["Well Laid Plans","Dagger Spray+1"],"picked":"Acrobatics","floor":31}],"player_experience":1091850,"relics_obtained":[{"floor":6,"key":"Molten Egg 2"},{"floor":8,"key":"Strawberry"},{"floor":11,"key":"Old Coin"},{"floor":20,"key":"Enchiridion"},{"floor":25,"key":"Bag of Preparation"}],"event_choices":[{"damage_healed":0,"gold_gain":0,"player_choice":"Lose Max HP","damage_taken":0,"relics_obtained":["Golden Idol"],"max_hp_gain":0,"max_hp_loss":6,"event_name":"Golden Idol","floor":2,"gold_loss":0},{"damage_healed":0,"gold_gain":0,"player_choice":"Obtained Book","damage_taken":21,"max_hp_gain":0,"max_hp_loss":0,"event_name":"Cursed Tome","floor":20,"gold_loss":0},{"damage_healed":0,"gold_gain":0,"player_choice":"Got Potions","damage_taken":0,"max_hp_gain":0,"max_hp_loss":0,"event_name":"Lab","floor":21,"gold_loss":0},{"damage_healed":0,"gold_gain":0,"player_choice":"Became a Ghost","damage_taken":0,"max_hp_gain":0,"max_hp_loss":34,"event_name":"Ghosts","floor":27,"gold_loss":0,"cards_obtained":["Ghostly","Ghostly","Ghostly"]}],"is_beta":true,"boss_relics":[{"not_picked":["Snecko Eye","Philosopher\u0027s Stone"],"picked":"Runic Pyramid"}],"items_purged_floors":[14,28],"is_endless":false,"potions_floor_spawned":[6,8,16,18,22,30],"killed_by":"Champ","ascension_level":20}