{"gold_per_floor":[119,69,79,154,166,193,193,209,209,236,236,22,39,29,29,126,126,145,25,25,44,64,91,91,117,117,117,117,135,162,181,181,181],"floor_reached":33,"playtime":1207,"items_purged":["Defend_R"],"score":396,"play_id":"ac2ac4f4-1c49-4875-9990-9c65e30011ad","local_time":"20190515104829","is_ascension_mode":true,"campfire_choices":[{"data":"Uppercut","floor":7,"key":"SMITH"},{"data":"True Grit","floor":11,"key":"SMITH"},{"data":"Inflame","floor":15,"key":"SMITH"},{"data":"Limit Break","floor":24,"key":"SMITH"},{"data":"Heavy Blade","floor":32,"key":"SMITH"}],"neow_cost":"NONE","seed_source_timestamp":435481069024879,"circlet_count":0,"master_deck":["Strike_R","Strike_R","Strike_R","Strike_R","Defend_R","Defend_R","Defend_R","Bash","Cleave","True Grit+1","Uppercut+1","Inflame+1","Offering","Shrug It Off","Finesse","Limit Break+1","Twin Strike","Shrug It Off","Disarm","Heavy Blade+1","Spot Weakness+1","Whirlwind"],"relics":["Burning Blood","Omamori","Pen Nib","Blue Candle","Runic Dome","Red Skull","StoneCalendar","FossilizedHelix","Toxic Egg 2"],"potions_floor_usage":[6,8,16,20,25,33,33],"damage_taken":[{"damage":3,"enemies":"Jaw Worm","floor":1,"turns":5},{"damage":6,"enemies":"Cultist","floor":3,"turns":4},{"damage":4,"enemies":"2 Louse","floor":5,"turns":2},{"damage":50,"enemies":"Lagavulin","floor":6,"turns":7},{"damage":2,"enemies":"Looter","floor":8,"turns":3},{"damage":25,"enemies":"Gremlin Nob","floor":10,"turns":5},{"damage":0,"enemies":"Lots of Slimes","floor":13,"turns":1},{"damage":3,"enemies":"Exordium Thugs","floor":14,"turns":4},{"damage":20,"enemies":"Hexaghost","floor":16,"turns":8},{"damage":6,"enemies":"Chosen","floor":18,"turns":4},{"damage":7,"enemies":"2 Thieves","floor":20,"turns":4},{"damage":6,"enemies":"Sentry and Sphere","floor":21,"turns":3},{"damage":12,"enemies":"3 Cultists","floor":22,"turns":4},{"damage":19,"enemies":"Gremlin Leader","floor":23,"turns":7},{"damage":36,"enemies":"Slavers","floor":25,"turns":7},{"damage":0,"enemies":"Snecko","floor":29,"turns":2},{"damage":8,"enemies":"Gremlin Leader","floor":30,"turns":5},{"damage":6,"enemies":"Chosen and Byrds","floor":31,"turns":4},{"damage":47,"enemies":"Automaton","floor":33,"turns":6}],"seed_played":"-8538258894224938961","potions_obtained":[{"floor":1,"key":"FearPotion"},{"floor":6,"key":"Strength Potion"},{"floor":14,"key":"Block Potion"},{"floor":16,"key":"Swift Potion"},{"floor":21,"key":"Dexterity Potion"},{"floor":25,"key":"GamblersBrew"},{"floor":29,"key":"FearPotion"}],"is_trial":false,"path_per_floor":["M","?","M","?","M","E","R","M","T","E","R","$","M","M","R","B",null,"M","$","M","M","M","E","R","E","T","?","?","M","E","M","R","B"],"character_chosen":"IRONCLAD","items_purchased":["Shrug It Off","Finesse","LiquidBronze","Shrug It Off"],"campfire_rested":0,"item_purchase_floors":[12,12,12,19],"current_hp_per_floor":[80,80,80,72,74,30,30,34,34,15,15,15,21,24,24,10,80,80,80,79,79,73,60,60,30,30,30,30,36,34,34,34,0],"gold":181,"neow_bonus":"THREE_CARDS","is_prod":false,"is_daily":false,"chose_seed":false,"campfire_upgraded":5,"win_rate":0,"timestamp":1557910109,"path_taken":["M","?","M","?","?","E","R","M","T","E","R","$","?","M","R","BOSS","M","?","M","M","M","E","R","E","T","?","?","M","E","?","R","BOSS"],"build_version":"2019-01-23","purchased_purges":1,"victory":false,"max_hp_per_floor":[80,80,80,80,80,80,80,80,80,80,80,80,80,80,80,80,80,80,80,80,80,80,80,80,80,80,80,80,80,80,80,80,80],"card_choices":[{"not_picked":["Flex","Fire Breathing"],"picked":"Cleave","floor":0},{"not_picked":["Carnage","Wild Strike"],"picked":"True Grit","floor":1},{"not_picked":["Cleave","Iron Wave","Clothesline"],"picked":"SKIP","floor":3},{"not_picked":["Twin Strike","Warcry"],"picked":"Uppercut","floor":5},{"not_picked":["Pummel","Iron Wave","Power Through"],"picked":"SKIP","floor":6},{"not_picked":["Whirlwind","Iron Wave"],"picked":"Inflame","floor":8},{"not_picked":["Wild Strike","Pommel Strike"],"picked":"Offering","floor":10},{"not_picked":["Sever Soul","Body Slam","Wild Strike"],"picked":"SKIP","floor":13},{"not_picked":["Perfected Strike","Flex","Cleave"],"picked":"SKIP","floor":14},{"not_picked":["Exhume","Fiend Fire"],"picked":"Limit Break","floor":16},{"not_picked":["Fire Breathing","Anger"],"picked":"Twin Strike","floor":18},{"not_picked":["Warcry+1","Cleave","True Grit"],"picked":"SKIP","floor":20},{"not_picked":["Armaments+1","Anger","Juggernaut"],"picked":"SKIP","floor":21},{"not_picked":["Cleave+1","Corruption"],"picked":"Disarm","floor":22},{"not_picked":["Pommel Strike+1","Combust"],"picked":"Heavy Blade","floor":23},{"not_picked":["Bloodletting","Dropkick","Perfected Strike"],"picked":"SKIP","floor":25},{"not_picked":["Pommel Strike","Feel No Pain","Clash"],"picked":"SKIP","floor":29},{"not_picked":["Armaments+1","Berserk"],"picked":"Spot Weakness","floor":30},{"not_picked":["Havoc+1","Wild Strike"],"picked":"Whirlwind","floor":31}],"player_experience":49855,"relics_obtained":[{"floor":6,"key":"Omamori"},{"floor":9,"key":"Pen Nib"},{"floor":10,"key":"Blue Candle"},{"floor":23,"key":"Red Skull"},{"floor":25,"key":"StoneCalendar"},{"floor":26,"key":"FossilizedHelix"},{"floor":30,"key":"Toxic Egg 2"}],"event_choices":[{"cards_removed":["Strike_R"],"damage_healed":0,"gold_gain":0,"player_choice":"Card Removal","damage_taken":0,"max_hp_gain":0,"max_hp_loss":0,"event_name":"The Cleric","floor":2,"gold_loss":50},{"damage_healed":0,"gold_gain":75,"player_choice":"Touch","damage_taken":8,"max_hp_gain":0,"max_hp_loss":0,"event_name":"FaceTrader","floor":4,"gold_loss":0},{"damage_healed":0,"gold_gain":0,"player_choice":"Smashed Altar","damage_taken":0,"max_hp_gain":0,"max_hp_loss":0,"event_name":"Forgotten Altar","floor":27,"gold_loss":0,"cards_obtained":["Decay"]},{"damage_healed":0,"gold_gain":0,"player_choice":"Ignored","damage_taken":0,"max_hp_gain":0,"max_hp_loss":0,"event_name":"N\u0027loth","floor":28,"gold_loss":0}],"is_beta":false,"boss_relics":[{"not_picked":["Lizard Tail","Fusion Hammer"],"picked":"Runic Dome"}],"items_purged_floors":[19],"is_endless":false,"potions_floor_spawned":[1,6,14,16,21,25,29,30],"killed_by":"Automaton","ascension_level":3}