{"gold_per_floor":[110,126,126,226,245,275,275,309,309,309,323,358,374,374,374,477,477,494,507,507,524,524,556,571,603,626,656,6,6,41,52,52,147,147,163,163,163,46,63,95,108,138,138,138,155,255,281,295,295,295,295,295,11,41,41],"floor_reached":56,"playtime":4766,"items_purged":["Pain"],"score":1722,"play_id":"5b0f40a5-98d2-45b4-86f4-477285b3c4f5","local_time":"20190402170834","is_ascension_mode":true,"campfire_choices":[{"data":"Consume","floor":7,"key":"SMITH"},{"data":"Loop","floor":10,"key":"SMITH"},{"data":"Defragment","floor":15,"key":"SMITH"},{"floor":32,"key":"REST"},{"floor":44,"key":"RECALL"},{"floor":49,"key":"REST"},{"floor":52,"key":"REST"}],"neow_cost":"NONE","seed_source_timestamp":1890700899211468,"circlet_count":0,"master_deck":["Strike_B+1","Strike_B","Strike_B","Strike_B","Defend_B","Defend_B","Defend_B","Defend_B","Zap","Dualcast","Glacier","Chaos","Consume+1","Loop+1","Rip and Tear","Defragment+1","BootSequence","Coolheaded","Buffer","Cold Snap+1","Tempest+1","Hello World","Conserve Battery","Hologram","Ghostly","Ghostly","Ghostly","Ghostly","Ghostly","Streamline+1","Conserve Battery+1","Core Surge","Undo","Apotheosis","Go for the Eyes","Stack","Stack","Doom and Gloom+1","Conserve Battery","Echo Form+1","Force Field","Darkness+1","Coolheaded","Steam","Go for the Eyes+1","Stack+1","Chill+1","Hologram+1","Stack+1","Glacier+1","Biased Cognition+1","Conserve Battery+1","Capacitor+1"],"relics":["Cracked Core","Smiling Mask","Prayer Wheel","Boot","The Courier","Orichalcum","WarpedTongs","Fusion Hammer","Nilry\u0027s Codex","Dream Catcher","Frozen Egg 2","Strawberry","Bottled Tornado","Chemical X","Bag of Preparation","Bronze Scales","Inserter","Omamori","Blood Vial","Darkstone Periapt","Dodecahedron","Gambling Chip","Whetstone","Torii","Vajra"],"potions_floor_usage":[6,11,12,23,27,27,40,40,50,55,55],"damage_taken":[{"damage":0,"enemies":"Cultist","floor":1,"turns":4},{"damage":2,"enemies":"Small Slimes","floor":2,"turns":3},{"damage":0,"enemies":"Jaw Worm","floor":5,"turns":4},{"damage":28,"enemies":"Gremlin Nob","floor":6,"turns":6},{"damage":9,"enemies":"Lagavulin","floor":8,"turns":9},{"damage":3,"enemies":"Gremlin Gang","floor":11,"turns":6},{"damage":6,"enemies":"Gremlin Nob","floor":12,"turns":6},{"damage":1,"enemies":"Blue Slaver","floor":13,"turns":5},{"damage":11,"enemies":"The Guardian","floor":16,"turns":11},{"damage":9,"enemies":"3 Byrds","floor":18,"turns":6},{"damage":2,"enemies":"Shell Parasite","floor":19,"turns":4},{"damage":12,"enemies":"3 Cultists","floor":21,"turns":7},{"damage":8,"enemies":"Gremlin Leader","floor":23,"turns":10},{"damage":3,"enemies":"Centurion and Healer","floor":24,"turns":8},{"damage":3,"enemies":"Book of Stabbing","floor":25,"turns":7},{"damage":7,"enemies":"Gremlin Leader","floor":27,"turns":7},{"damage":0,"enemies":"Book of Stabbing","floor":30,"turns":6},{"damage":0,"enemies":"Cultist and Chosen","floor":31,"turns":6},{"damage":0,"enemies":"Champ","floor":33,"turns":12},{"damage":0,"enemies":"Orb Walker","floor":35,"turns":3},{"damage":0,"enemies":"3 Shapes","floor":39,"turns":3},{"damage":11,"enemies":"Nemesis","floor":40,"turns":9},{"damage":0,"enemies":"Writhing Mass","floor":41,"turns":4},{"damage":0,"enemies":"Reptomancer","floor":42,"turns":7},{"damage":0,"enemies":"Spire Growth","floor":45,"turns":7},{"damage":0,"enemies":"Mind Bloom Boss Battle","floor":46,"turns":7},{"damage":0,"enemies":"Giant Head","floor":47,"turns":12},{"damage":0,"enemies":"3 Darklings","floor":48,"turns":5},{"damage":0,"enemies":"Time Eater","floor":50,"turns":12},{"damage":0,"enemies":"Shield and Spear","floor":54,"turns":10},{"damage":5,"enemies":"The Heart","floor":55,"turns":12}],"seed_played":"-2252752071370099397","potions_obtained":[{"floor":5,"key":"Block Potion"},{"floor":6,"key":"Ancient Potion"},{"floor":8,"key":"Regen Potion"},{"floor":16,"key":"FairyPotion"},{"floor":19,"key":"LiquidBronze"},{"floor":21,"key":"Block Potion"},{"floor":23,"key":"Explosive Potion"},{"floor":24,"key":"AttackPotion"},{"floor":27,"key":"FearPotion"},{"floor":33,"key":"Swift Potion"},{"floor":40,"key":"Fruit Juice"},{"floor":42,"key":"SkillPotion"}],"is_trial":false,"path_per_floor":["M","M","?","?","M","E","R","E","T","R","M","E","M","?","R","B",null,"M","M","?","M","?","E","M","E","T","E","$","T","E","M","R","B",null,"M","?","?","$","M","E","M","E","T","R","M","?","E","M","R","B",null,"R","$","E","B",null],"character_chosen":"DEFECT","items_purchased":["Chemical X","Bag of Preparation","Apotheosis","Go for the Eyes","Stack","SkillPotion","Ancient Potion","Omamori","Capacitor+1","Torii"],"campfire_rested":3,"item_purchase_floors":[28,28,28,28,28,28,28,38,53,53],"current_hp_per_floor":[75,73,70,70,70,42,42,33,33,33,45,39,38,38,38,27,75,66,64,48,36,36,28,25,22,29,22,22,22,22,22,35,35,44,44,44,44,44,44,38,40,42,42,42,44,46,48,49,49,49,49,49,49,49,44],"gold":41,"neow_bonus":"THREE_CARDS","is_prod":false,"is_daily":false,"chose_seed":false,"campfire_upgraded":3,"win_rate":0,"timestamp":1554239314,"path_taken":["M","?","?","?","M","E","R","E","T","R","M","E","?","?","R","BOSS","M","?","?","M","?","E","M","E","T","E","$","?","E","M","R","BOSS","M","?","?","$","M","E","M","E","T","R","?","?","E","M","R","BOSS","R","$","E","BOSS"],"build_version":"2019-03-15","purchased_purges":1,"victory":true,"max_hp_per_floor":[75,75,75,75,75,75,75,75,75,75,75,75,75,75,75,75,75,75,75,75,75,37,37,37,37,44,44,44,44,44,44,44,44,44,44,44,44,44,44,49,49,49,49,49,49,49,49,49,49,49,49,49,49,49,49],"card_choices":[{"not_picked":["Barrage","Stack"],"picked":"Glacier","floor":0},{"not_picked":["Hologram","Static Discharge"],"picked":"Chaos","floor":1},{"not_picked":["Stack","Rebound"],"picked":"Sweeping Beam","floor":2},{"not_picked":["Rebound","Cold Snap"],"picked":"Consume","floor":5},{"not_picked":["Reprogram","Redo"],"picked":"Loop","floor":6},{"not_picked":["Consume","Amplify","Force Field"],"picked":"SKIP","floor":8},{"not_picked":["Compile Driver","Redo"],"picked":"Rip and Tear","floor":11},{"not_picked":["Rebound","Gash","Beam Cell"],"picked":"SKIP","floor":11},{"not_picked":["White Noise","Buffer"],"picked":"Defragment","floor":12},{"not_picked":["Reprogram","Barrage"],"picked":"BootSequence","floor":13},{"not_picked":["Ball Lightning","Cold Snap"],"picked":"Coolheaded","floor":13},{"not_picked":["All For One","Creative AI"],"picked":"Buffer","floor":16},{"not_picked":["Barrage","Gash"],"picked":"Cold Snap","floor":18},{"not_picked":["Hologram","Stack"],"picked":"Tempest+1","floor":18},{"not_picked":["Heatsinks","Hologram"],"picked":"Hello World","floor":19},{"not_picked":["Beam Cell+1","Turbo","Static Discharge"],"picked":"SKIP","floor":19},{"not_picked":["Hologram","Barrage+1"],"picked":"Conserve Battery","floor":21},{"not_picked":["Lockon","Turbo+1"],"picked":"Hologram","floor":21},{"not_picked":["Hello World","Gash+1"],"picked":"Streamline+1","floor":23},{"not_picked":["Chaos","Reprogram"],"picked":"Conserve Battery+1","floor":24},{"not_picked":["Hologram+1","Double Energy"],"picked":"Core Surge","floor":24},{"not_picked":["Hologram","Sweeping Beam","Barrage"],"picked":"SKIP","floor":25},{"not_picked":["Ball Lightning+1","Go for the Eyes"],"picked":"Undo","floor":27},{"not_picked":["Compile Driver+1","Hologram"],"picked":"Stack","floor":30},{"not_picked":["All For One","Hologram"],"picked":"Doom and Gloom+1","floor":31},{"not_picked":["Blizzard","Barrage"],"picked":"Conserve Battery","floor":31},{"not_picked":["Electrodynamics+1","All For One"],"picked":"Echo Form+1","floor":33},{"not_picked":["Gash","Aggregate"],"picked":"Force Field","floor":35},{"not_picked":["Turbo","Streamline+1","Auto Shields"],"picked":"SKIP","floor":35},{"not_picked":["Barrage+1","Skim"],"picked":"Darkness+1","floor":39},{"not_picked":["Hyperbeam","FTL"],"picked":"Coolheaded","floor":39},{"not_picked":["Sunder","All For One"],"picked":"Steam","floor":40},{"not_picked":["Ball Lightning","Gash+1"],"picked":"Go for the Eyes+1","floor":41},{"not_picked":["Leap","Steam"],"picked":"Stack+1","floor":41},{"not_picked":["Beam Cell+1","Ball Lightning"],"picked":"Chill+1","floor":42},{"not_picked":["Chaos+1","Creative AI+1"],"picked":"Hologram+1","floor":45},{"not_picked":["Streamline+1","Sunder+1","Aggregate+1"],"picked":"SKIP","floor":45},{"not_picked":["FTL","Compile Driver"],"picked":"Stack+1","floor":47},{"not_picked":["Barrage+1","Force Field"],"picked":"Glacier+1","floor":48},{"not_picked":["Leap","Chill","Hologram"],"picked":"SKIP","floor":48},{"not_picked":["Stack","Gash+1"],"picked":"Biased Cognition+1","floor":49},{"not_picked":["Stack","Compile Driver"],"picked":"Conserve Battery+1","floor":52},{"not_picked":["Beam Cell","Buffer+1","Go for the Eyes+1"],"picked":"SKIP","floor":54}],"player_experience":5123687,"relics_obtained":[{"floor":6,"key":"Prayer Wheel"},{"floor":8,"key":"Boot"},{"floor":9,"key":"The Courier"},{"floor":12,"key":"Orichalcum"},{"floor":20,"key":"Nilry\u0027s Codex"},{"floor":23,"key":"Dream Catcher"},{"floor":25,"key":"Frozen Egg 2"},{"floor":26,"key":"Strawberry"},{"floor":27,"key":"Bottled Tornado"},{"floor":30,"key":"Bronze Scales"},{"floor":40,"key":"Blood Vial"},{"floor":42,"key":"Darkstone Periapt"},{"floor":43,"key":"Dodecahedron"},{"floor":46,"key":"Gambling Chip"},{"floor":47,"key":"Whetstone"},{"floor":54,"key":"Vajra"}],"event_choices":[{"damage_healed":0,"gold_gain":0,"player_choice":"Success","damage_taken":3,"relics_obtained":["Smiling Mask"],"max_hp_gain":0,"max_hp_loss":0,"event_name":"Scrap Ooze","floor":3,"gold_loss":0},{"damage_healed":0,"gold_gain":100,"player_choice":"Pray","damage_taken":0,"max_hp_gain":0,"max_hp_loss":0,"event_name":"Golden Shrine","floor":4,"gold_loss":0},{"damage_healed":0,"gold_gain":0,"player_choice":"Rummage","damage_taken":0,"relics_obtained":["WarpedTongs"],"max_hp_gain":0,"max_hp_loss":0,"event_name":"Accursed Blacksmith","floor":14,"gold_loss":0,"cards_obtained":["Pain"]},{"damage_healed":0,"gold_gain":0,"player_choice":"Obtained Book","damage_taken":16,"max_hp_gain":0,"max_hp_loss":0,"event_name":"Cursed Tome","floor":20,"gold_loss":0},{"damage_healed":0,"gold_gain":0,"player_choice":"Became a Ghost","damage_taken":0,"max_hp_gain":0,"max_hp_loss":38,"event_name":"Ghosts","floor":22,"gold_loss":0,"cards_obtained":["Ghostly","Ghostly","Ghostly","Ghostly","Ghostly"]},{"cards_removed":["Sweeping Beam"],"damage_healed":0,"gold_gain":0,"player_choice":"Removed Attack","damage_taken":0,"max_hp_gain":0,"max_hp_loss":0,"event_name":"Falling","floor":36,"gold_loss":0},{"damage_healed":0,"gold_gain":0,"player_choice":"Bought 0 Potions","damage_taken":0,"max_hp_gain":0,"max_hp_loss":0,"event_name":"The Woman in Blue","floor":37,"gold_loss":0},{"damage_healed":0,"gold_gain":0,"player_choice":"Fight","damage_taken":0,"max_hp_gain":0,"max_hp_loss":0,"event_name":"MindBloom","floor":46,"gold_loss":0}],"is_beta":true,"boss_relics":[{"not_picked":["FrozenCore","White Beast Statue"],"picked":"Fusion Hammer"},{"not_picked":["Cursed Key","Eternal Feather"],"picked":"Inserter"}],"items_purged_floors":[28],"is_endless":false,"potions_floor_spawned":[5,6,8,16,19,21,23,24,27,33,40,42,45],"ascension_level":1}