{"gold_per_floor":[117,117,292,292,1,1,18,30,30,62,78,105,121,149,161,275,287,319,12,12,12,46,76,86,119,119,137,137,164,174,206,206,301,301,315,330,181,235,235,269,3,38,38,56,74,88,122,134,134,134,134,134,21,52,52],"floor_reached":56,"playtime":3494,"items_purged":["Shame","Strike_G"],"score":1695,"play_id":"b06f3b34-cfbc-49bf-835a-b7edf06315dc","local_time":"20190312030244","is_ascension_mode":true,"campfire_choices":[{"data":"Neutralize","floor":6,"key":"SMITH"},{"data":"Cloak And Dagger","floor":15,"key":"SMITH"},{"data":"A Thousand Cuts","floor":32,"key":"SMITH"},{"floor":49,"key":"RECALL"},{"data":"Wraith Form v2","floor":52,"key":"SMITH"}],"neow_cost":"NONE","seed_source_timestamp":26828149789577,"circlet_count":0,"master_deck":["Defend_G","Defend_G","Defend_G","Defend_G","Defend_G","Strike_G","Strike_G","Strike_G","Strike_G","Survivor","Neutralize+1","Dodge and Roll","Deflect","Endless Agony","All Out Attack","Backstab","Glass Knife","Infinite Blades","Cloak And Dagger+1","A Thousand Cuts+1","Masterful Stab","Dagger Spray","Acrobatics","Sucker Punch","Cloak And Dagger","Blade Dance","PiercingWail+1","Blur","Crippling Poison","Terror","Night Terror","Dagger Spray+1","Cloak And Dagger","Footwork","Leg Sweep","Cloak And Dagger+1","Dodge and Roll+1","Well Laid Plans","Noxious Fumes","Flying Knee","Cloak And Dagger+1","Wraith Form v2+1","Infinite Blades","Infinite Blades","Eviscerate+1"],"relics":["Ring of the Snake","Shuriken","Spirit Poop","Ninja Scroll","Pantograph","Paper Crane","Mummified Hand","MawBank","Sozu","Gremlin Horn","Mercury Hourglass","Red Mask","Blood Vial","Potion Belt","Girya","Gambling Chip","The Courier","Snecko Eye","Unceasing Top","Matryoshka","Vajra","Meat on the Bone","Question Card","Pear","Ginger","Incense Burner"],"potions_floor_usage":[55],"damage_taken":[{"damage":0,"enemies":"Cultist","floor":1,"turns":4},{"damage":0,"enemies":"Small Slimes","floor":7,"turns":3},{"damage":0,"enemies":"2 Louse","floor":8,"turns":2},{"damage":10,"enemies":"Lagavulin","floor":10,"turns":7},{"damage":0,"enemies":"Gremlin Gang","floor":11,"turns":2},{"damage":7,"enemies":"Gremlin Nob","floor":12,"turns":3},{"damage":0,"enemies":"2 Fungi Beasts","floor":13,"turns":1},{"damage":5,"enemies":"3 Sentries","floor":14,"turns":3},{"damage":0,"enemies":"Slime Boss","floor":16,"turns":5},{"damage":0,"enemies":"3 Byrds","floor":18,"turns":3},{"damage":0,"enemies":"Masked Bandits","floor":22,"turns":2},{"damage":12,"enemies":"Book of Stabbing","floor":23,"turns":4},{"damage":0,"enemies":"Spheric Guardian","floor":24,"turns":2},{"damage":0,"enemies":"Gremlin Leader","floor":25,"turns":3},{"damage":7,"enemies":"Centurion and Healer","floor":27,"turns":3},{"damage":0,"enemies":"Book of Stabbing","floor":29,"turns":4},{"damage":0,"enemies":"Shelled Parasite and Fungi","floor":30,"turns":3},{"damage":0,"enemies":"Gremlin Leader","floor":31,"turns":3},{"damage":25,"enemies":"Champ","floor":33,"turns":8},{"damage":2,"enemies":"3 Darklings","floor":35,"turns":3},{"damage":0,"enemies":"Orb Walker","floor":36,"turns":3},{"damage":11,"enemies":"2 Orb Walkers","floor":38,"turns":4},{"damage":0,"enemies":"Reptomancer","floor":40,"turns":3},{"damage":0,"enemies":"Giant Head","floor":42,"turns":8},{"damage":1,"enemies":"Jaw Worm Horde","floor":44,"turns":2},{"damage":0,"enemies":"Writhing Mass","floor":45,"turns":4},{"damage":0,"enemies":"Maw","floor":46,"turns":5},{"damage":0,"enemies":"Reptomancer","floor":47,"turns":5},{"damage":0,"enemies":"4 Shapes","floor":48,"turns":3},{"damage":17,"enemies":"Donu and Deca","floor":50,"turns":8},{"damage":19,"enemies":"Shield and Spear","floor":54,"turns":4},{"damage":73,"enemies":"The Heart","floor":55,"turns":8}],"seed_played":"-4807921914174286356","potions_obtained":[{"floor":12,"key":"SpeedPotion"},{"floor":14,"key":"Strength Potion"},{"floor":16,"key":"GhostInAJar"}],"is_trial":false,"path_per_floor":["M","T","?","?","$","R","M","M","T","E","M","E","M","E","R","B",null,"M","$","?","?","?","E","M","E","T","M","T","E","M","E","R","B",null,"M","M","$","?","?","E","$","E","T","M","M","M","E","M","R","B",null,"R","$","E","B",null],"character_chosen":"THE_SILENT","items_purchased":["Ninja Scroll","Deflect","Gremlin Horn","Dagger Spray","Acrobatics","Footwork","Leg Sweep","Well Laid Plans","Vajra","Infinite Blades","Infinite Blades"],"campfire_rested":0,"item_purchase_floors":[5,5,19,19,19,37,37,41,41,53,53],"current_hp_per_floor":[70,70,70,70,70,70,70,70,70,60,60,53,53,48,48,70,70,70,70,70,57,57,45,47,49,49,44,44,46,48,50,50,50,75,73,75,75,64,64,66,66,68,78,79,81,83,85,85,85,68,85,85,85,66,24],"gold":52,"neow_bonus":"THREE_CARDS","is_prod":false,"is_daily":false,"chose_seed":false,"campfire_upgraded":4,"win_rate":0,"timestamp":1552374164,"path_taken":["M","?","?","?","$","R","M","M","T","E","?","E","M","E","R","BOSS","M","$","?","?","?","E","M","E","T","M","?","E","?","E","R","BOSS","M","M","$","?","?","E","?","E","T","?","M","M","E","M","R","BOSS","R","$","E","BOSS"],"build_version":"2019-02-06","purchased_purges":2,"victory":true,"max_hp_per_floor":[70,70,70,70,70,70,70,70,70,70,70,70,70,70,70,70,70,70,70,70,75,75,75,75,75,75,75,75,75,75,75,75,75,75,75,75,75,75,75,75,75,75,85,85,85,85,85,85,85,85,85,85,85,85,85],"card_choices":[{"not_picked":["Quick Slash","Flying Knee"],"picked":"Poisoned Stab","floor":0},{"not_picked":["Outmaneuver","Riddle With Holes"],"picked":"Dodge and Roll","floor":1},{"not_picked":["Acrobatics","Cloak And Dagger"],"picked":"Endless Agony","floor":7},{"not_picked":["Flying Knee","Backflip"],"picked":"All Out Attack","floor":8},{"not_picked":["Prepared","Flying Knee"],"picked":"Backstab","floor":10},{"not_picked":["PiercingWail","All Out Attack"],"picked":"Glass Knife","floor":11},{"not_picked":["Catalyst","Noxious Fumes"],"picked":"Infinite Blades","floor":12},{"not_picked":["Outmaneuver","Slice","Calculated Gamble"],"picked":"SKIP","floor":13},{"not_picked":["Blur","Slice"],"picked":"Cloak And Dagger","floor":14},{"not_picked":["Burst","Grand Finale"],"picked":"A Thousand Cuts","floor":16},{"not_picked":["Quick Slash","Concentrate+1"],"picked":"Masterful Stab","floor":18},{"not_picked":["Dodge and Roll","Reflex"],"picked":"Sucker Punch","floor":23},{"not_picked":["Dagger Throw","Bane+1"],"picked":"Cloak And Dagger","floor":24},{"not_picked":["Noxious Fumes","Deadly Poison"],"picked":"Blade Dance","floor":25},{"not_picked":["Slice+1","Escape Plan"],"picked":"PiercingWail+1","floor":27},{"not_picked":["Setup","All Out Attack+1"],"picked":"Blur","floor":29},{"not_picked":["Bouncing Flask","Prepared"],"picked":"Crippling Poison","floor":30},{"not_picked":["Wraith Form v2","Dagger Spray"],"picked":"Terror","floor":31},{"not_picked":["Unload","Storm of Steel"],"picked":"Night Terror","floor":33},{"not_picked":["Acrobatics","Bane+1"],"picked":"Dagger Spray+1","floor":35},{"not_picked":["Escape Plan","Dodge and Roll+1"],"picked":"Cloak And Dagger","floor":36},{"not_picked":["Dodge and Roll","Phantasmal Killer"],"picked":"Cloak And Dagger+1","floor":38},{"not_picked":["Outmaneuver","Quick Slash"],"picked":"Dodge and Roll+1","floor":40},{"not_picked":["Deflect+1","Dagger Throw","Outmaneuver+1"],"picked":"SKIP","floor":42},{"not_picked":["PiercingWail","Dodge and Roll","Noxious Fumes","Outmaneuver"],"picked":"SKIP","floor":44},{"not_picked":["PiercingWail","Dodge and Roll","Outmaneuver"],"picked":"Noxious Fumes","floor":44},{"not_picked":["Dodge and Roll","Adrenaline","Bane+1"],"picked":"Flying Knee","floor":45},{"not_picked":["Prepared+1","Outmaneuver","Sucker Punch"],"picked":"Cloak And Dagger+1","floor":46},{"not_picked":["Predator","Blade Dance+1","Setup+1"],"picked":"Wraith Form v2","floor":47},{"not_picked":["Outmaneuver","Accuracy","Concentrate","Slice"],"picked":"SKIP","floor":48},{"not_picked":["Catalyst","Flying Knee","Well Laid Plans+1"],"picked":"Eviscerate+1","floor":54}],"player_experience":4882662,"relics_obtained":[{"floor":2,"key":"Shuriken"},{"floor":9,"key":"Pantograph"},{"floor":10,"key":"Paper Crane"},{"floor":12,"key":"Mummified Hand"},{"floor":14,"key":"MawBank"},{"floor":22,"key":"Red Mask"},{"floor":23,"key":"Blood Vial"},{"floor":25,"key":"Potion Belt"},{"floor":26,"key":"Girya"},{"floor":29,"key":"Gambling Chip"},{"floor":31,"key":"The Courier"},{"floor":38,"key":"Unceasing Top"},{"floor":40,"key":"Matryoshka"},{"floor":42,"key":"Meat on the Bone"},{"floor":43,"key":"Question Card"},{"floor":43,"key":"Pear"},{"floor":47,"key":"Ginger"},{"floor":54,"key":"Incense Burner"}],"event_choices":[{"damage_healed":0,"gold_gain":175,"player_choice":"AGREE","damage_taken":0,"max_hp_gain":0,"max_hp_loss":0,"event_name":"Liars Game","floor":3,"gold_loss":0,"cards_obtained":["Doubt"]},{"cards_removed":["Doubt"],"damage_healed":0,"gold_gain":0,"player_choice":"Offered Curse","damage_taken":0,"relics_obtained":["Spirit Poop"],"max_hp_gain":0,"max_hp_loss":0,"event_name":"Bonfire Elementals","floor":4,"gold_loss":0},{"damage_healed":0,"gold_gain":0,"player_choice":"Stole Relic","damage_taken":0,"relics_obtained":["Mercury Hourglass"],"max_hp_gain":0,"max_hp_loss":0,"event_name":"Addict","floor":20,"gold_loss":0,"cards_obtained":["Shame"]},{"damage_healed":0,"gold_gain":0,"player_choice":"Shed Blood","damage_taken":18,"max_hp_gain":5,"max_hp_loss":0,"event_name":"Forgotten Altar","floor":21,"gold_loss":0},{"damage_healed":0,"gold_gain":0,"player_choice":"Fought Bandits","damage_taken":0,"max_hp_gain":0,"max_hp_loss":0,"event_name":"Masked Bandits","floor":22,"gold_loss":0},{"damage_healed":0,"gold_gain":0,"player_choice":"Fight","damage_taken":0,"max_hp_gain":0,"max_hp_loss":0,"event_name":"Mysterious Sphere","floor":38,"gold_loss":0},{"cards_removed":["Poisoned Stab"],"damage_healed":0,"gold_gain":0,"player_choice":"Removed Attack","damage_taken":0,"max_hp_gain":0,"max_hp_loss":0,"event_name":"Falling","floor":39,"gold_loss":0}],"is_beta":true,"boss_relics":[{"not_picked":["White Beast Statue","Ring of the Serpent"],"picked":"Sozu"},{"not_picked":["Eternal Feather","Busted Crown"],"picked":"Snecko Eye"}],"items_purged_floors":[37,41],"is_endless":false,"potions_floor_spawned":[12,14,16,23,27,29,31,33,38,40,42,44,45,48,54],"ascension_level":1}