{"gold_per_floor":[116,291,291,20,36,36,14,14,14,49,62,137,137,168,168,266,266,278,278,16,26,26,56,56,56,56,56,69,69,94,104,104,104],"floor_reached":33,"playtime":784,"items_purged":["Doubt"],"score":347,"play_id":"e1aeb5a5-be78-4c3e-b1f9-871d13eb2b1f","local_time":"20190115035927","is_ascension_mode":true,"campfire_choices":[{"data":"Dagger Spray","floor":6,"key":"SMITH"},{"floor":13,"key":"REST"},{"floor":15,"key":"REST"},{"floor":25,"key":"REST"},{"floor":27,"key":"REST"},{"data":"Catalyst","floor":29,"key":"SMITH"},{"floor":32,"key":"REST"}],"neow_cost":"NONE","seed_source_timestamp":144258560796668,"circlet_count":0,"master_deck":["Defend_G","Defend_G","Defend_G","Defend_G","Defend_G","Strike_G","Strike_G","Strike_G","Strike_G","Survivor","Neutralize","Dagger Spray","Dagger Spray+1","Deflect","Quick Slash","Terror","Noxious Fumes+1","Poisoned Stab","Doppelganger","Cloak And Dagger","Blade Dance","Infinite Blades+1","Catalyst+1","Catalyst","All Out Attack+1"],"relics":["Ring of the Snake","Snake Skull","Strange Spoon","Shuriken","Dodecahedron","Ginger","Orichalcum","Sozu","Bottled Tornado","Mercury Hourglass","Juzu Bracelet","Boot"],"potions_floor_usage":[10,14,31],"damage_taken":[{"damage":1,"enemies":"Small Slimes","floor":1,"turns":5},{"damage":0,"enemies":"Cultist","floor":5,"turns":5},{"damage":22,"enemies":"Lagavulin","floor":10,"turns":5},{"damage":0,"enemies":"Jaw Worm","floor":11,"turns":3},{"damage":18,"enemies":"Gremlin Nob","floor":14,"turns":3},{"damage":16,"enemies":"Slime Boss","floor":16,"turns":8},{"damage":3,"enemies":"3 Byrds","floor":18,"turns":4},{"damage":8,"enemies":"Spheric Guardian","floor":21,"turns":5},{"damage":33,"enemies":"Gremlin Leader","floor":23,"turns":6},{"damage":8,"enemies":"Centurion and Healer","floor":28,"turns":4},{"damage":41,"enemies":"Book of Stabbing","floor":30,"turns":5},{"damage":10,"enemies":"Shelled Parasite and Fungi","floor":31,"turns":4},{"damage":51,"enemies":"Collector","floor":33,"turns":5}],"seed_played":"-96970664605270614","potions_obtained":[{"floor":5,"key":"Poison Potion"},{"floor":10,"key":"Strength Potion"},{"floor":16,"key":"PowerPotion"}],"is_trial":false,"path_per_floor":["M","?","?","$","M","R","$","T","T","E","M","?","R","E","R","B",null,"M","?","$","M","$","E","?","R","T","R","M","R","E","M","R","B"],"character_chosen":"THE_SILENT","items_purchased":["Strange Spoon","Quick Slash","Bottled Tornado"],"campfire_rested":5,"item_purchase_floors":[4,7,20],"current_hp_per_floor":[69,69,69,69,69,69,69,69,69,47,47,36,57,39,60,44,70,67,67,67,59,59,26,26,47,47,68,60,60,19,9,30,0],"gold":104,"neow_bonus":"RANDOM_COMMON_RELIC","is_prod":false,"is_daily":false,"chose_seed":false,"campfire_upgraded":2,"win_rate":0,"timestamp":1547535567,"path_taken":["M","?","?","$","?","R","$","?","T","E","M","?","R","E","R","BOSS","M","?","?","M","$","E","?","R","T","R","M","R","E","M","R","BOSS"],"build_version":"2019-01-10","purchased_purges":1,"victory":false,"max_hp_per_floor":[70,70,70,70,70,70,70,70,70,70,70,70,70,70,70,70,70,70,70,70,70,70,70,70,70,70,70,70,70,70,70,70,70],"card_choices":[{"not_picked":["Deflect","Cloak And Dagger"],"picked":"Dagger Spray","floor":1},{"not_picked":["Predator","Underhanded Strike"],"picked":"Deflect","floor":5},{"not_picked":["Outmaneuver","Wraith Form v2"],"picked":"Terror","floor":10},{"not_picked":["Catalyst","Dagger Spray"],"picked":"Noxious Fumes","floor":11},{"not_picked":["Well Laid Plans","Deadly Poison"],"picked":"Poisoned Stab","floor":14},{"not_picked":["Unload","Bullet Time"],"picked":"Doppelganger","floor":16},{"not_picked":["Acrobatics","Eviscerate"],"picked":"Cloak And Dagger","floor":18},{"not_picked":["Poisoned Stab","Prepared"],"picked":"Blade Dance","floor":21},{"not_picked":["Slice","Bouncing Flask"],"picked":"Infinite Blades","floor":23},{"not_picked":["Underhanded Strike","Choke"],"picked":"Catalyst","floor":28},{"not_picked":["Underhanded Strike+1","Flechettes"],"picked":"Catalyst","floor":30},{"not_picked":["Glass Knife","Dagger Throw"],"picked":"All Out Attack+1","floor":31}],"player_experience":626075,"relics_obtained":[{"floor":8,"key":"Shuriken"},{"floor":9,"key":"Dodecahedron"},{"floor":10,"key":"Ginger"},{"floor":14,"key":"Orichalcum"},{"floor":23,"key":"Mercury Hourglass"},{"floor":26,"key":"Juzu Bracelet"},{"floor":30,"key":"Boot"}],"event_choices":[{"damage_healed":0,"gold_gain":175,"player_choice":"AGREE","damage_taken":0,"max_hp_gain":0,"max_hp_loss":0,"event_name":"Liars Game","floor":2,"gold_loss":0,"cards_obtained":["Doubt"]},{"damage_healed":0,"gold_gain":0,"cards_transformed":["Strike_G"],"player_choice":"Transformed","damage_taken":0,"max_hp_gain":0,"max_hp_loss":0,"event_name":"Transmorgrifier","floor":3,"gold_loss":0,"cards_obtained":["Dagger Spray"]},{"damage_healed":0,"gold_gain":75,"player_choice":"Gather Gold","damage_taken":11,"max_hp_gain":0,"max_hp_loss":0,"event_name":"World of Goop","floor":12,"gold_loss":0},{"damage_healed":0,"gold_gain":0,"player_choice":"Upgraded","damage_taken":0,"max_hp_gain":0,"max_hp_loss":0,"event_name":"Upgrade Shrine","floor":19,"gold_loss":0,"cards_upgraded":["Noxious Fumes"]},{"damage_healed":0,"gold_gain":0,"player_choice":"Forge","damage_taken":0,"max_hp_gain":0,"max_hp_loss":0,"event_name":"Accursed Blacksmith","floor":24,"gold_loss":0,"cards_upgraded":["Infinite Blades"]}],"is_beta":false,"boss_relics":[{"not_picked":["Eternal Feather","HoveringKite"],"picked":"Sozu"}],"items_purged_floors":[4],"is_endless":false,"potions_floor_spawned":[5,10,16,18,21,23],"killed_by":"Collector","ascension_level":4}