{"gold_per_floor":[118,136,136,156,57,57,7,25,73,73,84,119,134,160,160,160],"floor_reached":16,"playtime":1970,"items_purged":["Strike_B"],"score":137,"play_id":"dd63c0d8-b1ce-46dd-b526-317a16ab4b13","local_time":"20180712231133","is_ascension_mode":false,"campfire_choices":[{"data":"Conserve Battery","floor":6,"key":"SMITH"},{"data":"Conserve Battery","floor":10,"key":"SMITH"},{"floor":15,"key":"REST"}],"neow_cost":"TEN_PERCENT_HP_LOSS","seed_source_timestamp":164853413800087,"circlet_count":0,"master_deck":["Strike_B+1","Strike_B+1","Defend_B","Defend_B","Defend_B","Defend_B","Zap","Dualcast","Conserve Battery","Auto Shields","Leap","Conserve Battery+1","Conserve Battery+1","Glacier","Skim","Capacitor","Biased Cognition"],"relics":["Cracked Core","Incense Burner","Orichalcum","Whetstone","Peace Pipe"],"potions_floor_usage":[12,16,16],"damage_taken":[{"damage":0,"enemies":"Small Slimes","floor":1,"turns":3},{"damage":2,"enemies":"2 Louse","floor":2,"turns":3},{"damage":0,"enemies":"Jaw Worm","floor":4,"turns":3},{"damage":0,"enemies":"Looter","floor":8,"turns":4},{"damage":0,"enemies":"Large Slime","floor":11,"turns":7},{"damage":0,"enemies":"3 Sentries","floor":12,"turns":12},{"damage":3,"enemies":"Exordium Thugs","floor":13,"turns":6},{"damage":56,"enemies":"Gremlin Nob","floor":14,"turns":7},{"damage":42,"enemies":"The Guardian","floor":16,"turns":19}],"seed_played":"-2964527694495372550","potions_obtained":[{"floor":4,"key":"GamblersBrew"},{"floor":8,"key":"Fire Potion"},{"floor":12,"key":"FairyPotion"},{"floor":14,"key":"Fire Potion"}],"is_trial":false,"path_per_floor":["M","M","?","M","$","R","?","M","T","R","M","E","M","E","R"],"character_chosen":"DEFECT","items_purchased":["Conserve Battery"],"campfire_rested":1,"item_purchase_floors":[5],"current_hp_per_floor":[68,66,66,66,66,66,66,66,66,66,66,66,63,7,27,0],"gold":160,"neow_bonus":"ONE_RARE_RELIC","is_prod":false,"is_daily":false,"chose_seed":false,"campfire_upgraded":2,"win_rate":0.0,"timestamp":1531455093,"path_taken":["M","M","?","M","$","R","?","M","T","R","?","E","M","E","R","BOSS"],"build_version":"2018-07-12","purchased_purges":1,"victory":false,"max_hp_per_floor":[68,68,68,68,68,68,68,68,68,68,68,68,68,68,68,68],"card_choices":[{"not_picked":["Compile Driver","Static Discharge"],"picked":"Conserve Battery","floor":1},{"not_picked":["Rebound","Go for the Eyes"],"picked":"Auto Shields","floor":2},{"not_picked":["Doom and Gloom","Gash"],"picked":"Leap","floor":4},{"not_picked":["Force Field","Ball Lightning"],"picked":"Conserve Battery","floor":8},{"not_picked":["Stack","Gash"],"picked":"Glacier","floor":11},{"not_picked":["Sweeping Beam","Buffer"],"picked":"Skim","floor":12},{"not_picked":["Sweeping Beam","Storm"],"picked":"Capacitor","floor":13},{"not_picked":["Blizzard","Stack"],"picked":"Biased Cognition","floor":14}],"player_experience":51054,"relics_obtained":[{"floor":9,"key":"Orichalcum"},{"floor":12,"key":"Whetstone"},{"floor":14,"key":"Peace Pipe"}],"event_choices":[{"event_name":"Shining Light","player_choice":"Ignored","floor":3,"damage_taken":0},{"event_name":"The Cleric","player_choice":"Card Removal","floor":7,"damage_taken":0}],"boss_relics":[],"items_purged_floors":[5],"is_endless":false,"potions_floor_spawned":[4,8,12,14],"killed_by":"The Guardian","ascension_level":0}