{"gold_per_floor":[112,129,129,32,49,49,65,99,99,133,149,165,165,197,197,271,271,288,299,314,96,96,126,126,126,151,151,181,181],"floor_reached":29,"playtime":2359,"items_purged":["Defend_R"],"score":460,"play_id":"e287f813-4ed4-4089-bcd8-cf3eee136c78","local_time":"20190204152232","is_ascension_mode":true,"campfire_choices":[{"data":"Armaments","floor":6,"key":"SMITH"},{"data":"Uppercut","floor":13,"key":"SMITH"},{"data":"Metallicize","floor":15,"key":"SMITH"},{"data":"True Grit","floor":25,"key":"SMITH"},{"floor":27,"key":"REST"}],"neow_cost":"NONE","seed_source_timestamp":17113085478190,"circlet_count":0,"master_deck":["AscendersBane","Strike_R","Defend_R+1","Defend_R","Bash","Feel No Pain","Uppercut+1","Armaments+1","Cleave","Iron Wave","True Grit+1","Shrug It Off","Metallicize+1","Barricade","Limit Break+1","Hemokinesis+1","Fiend Fire+1","True Grit+1","Feel No Pain","Body Slam","Disarm"],"relics":["Burning Blood","War Paint","Mercury Hourglass","Mango","Oddly Smooth Stone","Astrolabe","Lantern","Potion Belt","Dream Catcher","Red Mask"],"potions_floor_usage":[8,8,16,20,23,29],"damage_taken":[{"damage":0,"enemies":"Small Slimes","floor":1,"turns":3},{"damage":5,"enemies":"Cultist","floor":2,"turns":4},{"damage":0,"enemies":"2 Louse","floor":5,"turns":3},{"damage":9,"enemies":"2 Fungi Beasts","floor":7,"turns":4},{"damage":9,"enemies":"3 Sentries","floor":8,"turns":5},{"damage":16,"enemies":"Gremlin Nob","floor":10,"turns":4},{"damage":0,"enemies":"Looter","floor":11,"turns":4},{"damage":5,"enemies":"Red Slaver","floor":12,"turns":4},{"damage":2,"enemies":"3 Sentries","floor":14,"turns":6},{"damage":19,"enemies":"Slime Boss","floor":16,"turns":10},{"damage":0,"enemies":"Shell Parasite","floor":18,"turns":6},{"damage":21,"enemies":"2 Thieves","floor":19,"turns":4},{"damage":9,"enemies":"Cultist and Chosen","floor":20,"turns":12},{"damage":39,"enemies":"Book of Stabbing","floor":23,"turns":9},{"damage":9,"enemies":"Masked Bandits","floor":28,"turns":6},{"damage":70,"enemies":"Slavers","floor":29,"turns":19}],"seed_played":"1221968466606138493","potions_obtained":[{"floor":7,"key":"Poison Potion"},{"floor":8,"key":"SpeedPotion"},{"floor":10,"key":"EssenceOfSteel"},{"floor":14,"key":"PowerPotion"},{"floor":16,"key":"BloodPotion"},{"floor":28,"key":"GamblersBrew"}],"is_trial":false,"path_per_floor":["M","M","?","$","M","R","M","E","T","E","M","M","R","E","R","B",null,"M","M","M","$","?","E","?","R","T","R","?","E"],"character_chosen":"IRONCLAD","items_purchased":["Cleave","Strength Potion","Lantern"],"campfire_rested":1,"item_purchase_floors":[4,4,21],"current_hp_per_floor":[74,75,75,75,75,75,72,69,69,73,79,80,80,84,84,71,85,89,74,79,79,79,46,46,46,46,72,69,0],"gold":181,"neow_bonus":"TRANSFORM_CARD","is_prod":false,"is_daily":false,"chose_seed":false,"campfire_upgraded":4,"win_rate":0,"timestamp":1549293752,"path_taken":["M","M","?","?","M","R","M","E","T","E","M","M","R","E","R","BOSS","M","M","M","$","?","E","?","R","T","R","?","E"],"build_version":"2019-01-23","purchased_purges":1,"victory":false,"max_hp_per_floor":[75,75,75,75,75,75,75,75,75,89,89,89,89,89,89,89,89,89,89,89,89,89,89,89,89,89,89,89,89],"card_choices":[{"not_picked":["Perfected Strike","Shrug It Off"],"picked":"Uppercut","floor":1},{"not_picked":["Pommel Strike","Intimidate"],"picked":"Armaments","floor":2},{"not_picked":["Dual Wield","Wild Strike","Clash"],"picked":"SKIP","floor":5},{"not_picked":["Pommel Strike","Clothesline"],"picked":"Iron Wave","floor":7},{"not_picked":["Warcry","Inflame"],"picked":"True Grit","floor":8},{"not_picked":["Flex","Intimidate"],"picked":"Shrug It Off","floor":10},{"not_picked":["Fire Breathing","Armaments"],"picked":"Metallicize","floor":11},{"not_picked":["Warcry","Sword Boomerang","Sever Soul"],"picked":"SKIP","floor":12},{"not_picked":["Wild Strike","Dark Embrace","Dropkick"],"picked":"SKIP","floor":14},{"not_picked":["Demon Form","Brutality"],"picked":"Barricade","floor":16},{"not_picked":["Clothesline","Feel No Pain"],"picked":"True Grit","floor":18},{"not_picked":["Power Through","Ghostly Armor","Burning Pact"],"picked":"SKIP","floor":19},{"not_picked":["Sword Boomerang","Bloodletting"],"picked":"Feel No Pain","floor":20},{"not_picked":["Dropkick","Demon Form"],"picked":"Disarm","floor":23}],"player_experience":827534,"relics_obtained":[{"floor":8,"key":"War Paint"},{"floor":9,"key":"Mercury Hourglass"},{"floor":10,"key":"Mango"},{"floor":14,"key":"Oddly Smooth Stone"},{"floor":23,"key":"Potion Belt"},{"floor":26,"key":"Dream Catcher"},{"floor":28,"key":"Red Mask"}],"event_choices":[{"cards_removed":["Strike_R"],"damage_healed":0,"gold_gain":0,"player_choice":"Purged","damage_taken":0,"max_hp_gain":0,"max_hp_loss":0,"event_name":"Purifier","floor":3,"gold_loss":0},{"damage_healed":0,"gold_gain":0,"player_choice":"Read","damage_taken":0,"max_hp_gain":0,"max_hp_loss":0,"event_name":"The Library","floor":22,"gold_loss":0,"cards_obtained":["Body Slam"]},{"damage_healed":0,"gold_gain":0,"player_choice":"Ignored","damage_taken":0,"max_hp_gain":0,"max_hp_loss":0,"event_name":"Vampires","floor":24,"gold_loss":0},{"damage_healed":0,"gold_gain":0,"player_choice":"Fought Bandits","damage_taken":0,"max_hp_gain":0,"max_hp_loss":0,"event_name":"Masked Bandits","floor":28,"gold_loss":0}],"is_beta":true,"boss_relics":[{"not_picked":["White Beast Statue","Empty Cage"],"picked":"Astrolabe"}],"items_purged_floors":[21],"is_endless":false,"potions_floor_spawned":[7,8,10,14,16,19,28],"killed_by":"Slavers","ascension_level":15}