{"gold_per_floor":[14,31,31,102,102,136,38,38,106,141,152,152,163,62,62,162,162,175,192,92,103,116,146,146,177,202,237,237,237,237,256,256,356,356,376,389,389,440,79,79,106,106,133,166,166,166,183,199,199,199,199,199,9,35,35],"floor_reached":56,"playtime":3975,"items_purged":["Decay","Normality"],"score":1527,"play_id":"73354beb-cf1f-47ff-ae5d-d22e16981da6","local_time":"20190304033718","is_ascension_mode":true,"campfire_choices":[{"floor":8,"key":"REST"},{"data":"Bouncing Flask","floor":12,"key":"SMITH"},{"data":"Well Laid Plans","floor":15,"key":"SMITH"},{"data":"Catalyst","floor":24,"key":"SMITH"},{"data":"Footwork","floor":29,"key":"SMITH"},{"data":"Footwork","floor":32,"key":"SMITH"},{"floor":40,"key":"RECALL"},{"data":"After Image","floor":42,"key":"SMITH"},{"data":"A Thousand Cuts","floor":45,"key":"SMITH"},{"data":"Doppelganger","floor":49,"key":"SMITH"},{"data":"Malaise","floor":52,"key":"SMITH"}],"neow_cost":"NO_GOLD","seed_source_timestamp":214301541863499,"circlet_count":0,"master_deck":["Defend_G","Defend_G","Defend_G+1","Defend_G","Defend_G","Strike_G","Strike_G","Strike_G","Strike_G","Survivor","Neutralize","Footwork+1","Footwork+1","All Out Attack","Deadly Poison","Malaise+1","Backflip","Cloak And Dagger","Well Laid Plans+1","Bouncing Flask+1","Deflect","Deadly Poison","Backflip+1","Blur","Corpse Explosion","Dodge and Roll+1","Noxious Fumes","Noxious Fumes","Backflip+1","Well Laid Plans","Leg Sweep+1","PiercingWail","Catalyst+1","PiercingWail","Caltrops","Dagger Throw","Doppelganger+1","Prepared+1","After Image+1","Crippling Poison+1","Backstab+1","A Thousand Cuts+1","Blur","Decay","Deadly Poison+1","Distraction","Tactician+1","Deflect+1","Noxious Fumes","Outmaneuver","Acrobatics+1"],"relics":["Ring of the Snake","Prayer Wheel","Darkstone Periapt","Centennial Puzzle","Gremlin Horn","Blue Candle","Calling Bell","War Paint","Tough Bandages","Mummified Hand","Art of War","Juzu Bracelet","Bag of Preparation","Dream Catcher","Letter Opener","Cursed Key","Mango","ClockworkSouvenir","Oddly Smooth Stone","Vajra","Bag of Marbles","Pantograph"],"potions_floor_usage":[6,10,13,23,35,38,55,55,55],"damage_taken":[{"damage":0,"enemies":"Cultist","floor":1,"turns":3},{"damage":5,"enemies":"Small Slimes","floor":2,"turns":5},{"damage":36,"enemies":"Gremlin Nob","floor":6,"turns":6},{"damage":9,"enemies":"3 Sentries","floor":10,"turns":9},{"damage":0,"enemies":"2 Louse","floor":11,"turns":2},{"damage":0,"enemies":"Lots of Slimes","floor":13,"turns":1},{"damage":7,"enemies":"Slime Boss","floor":16,"turns":14},{"damage":1,"enemies":"3 Byrds","floor":18,"turns":4},{"damage":0,"enemies":"Chosen","floor":19,"turns":6},{"damage":0,"enemies":"Snecko","floor":21,"turns":5},{"damage":1,"enemies":"Cultist and Chosen","floor":22,"turns":8},{"damage":5,"enemies":"Slavers","floor":23,"turns":3},{"damage":0,"enemies":"Gremlin Leader","floor":25,"turns":5},{"damage":3,"enemies":"Slavers","floor":27,"turns":3},{"damage":0,"enemies":"Snake Plant","floor":31,"turns":3},{"damage":0,"enemies":"Automaton","floor":33,"turns":9},{"damage":17,"enemies":"3 Darklings","floor":35,"turns":4},{"damage":0,"enemies":"Orb Walker","floor":36,"turns":4},{"damage":3,"enemies":"2 Orb Walkers","floor":38,"turns":4},{"damage":14,"enemies":"Nemesis","floor":41,"turns":8},{"damage":0,"enemies":"Reptomancer","floor":44,"turns":7},{"damage":0,"enemies":"Spire Growth","floor":47,"turns":5},{"damage":1,"enemies":"Transient","floor":48,"turns":5},{"damage":21,"enemies":"Time Eater","floor":50,"turns":11},{"damage":5,"enemies":"Shield and Spear","floor":54,"turns":5},{"damage":0,"enemies":"The Heart","floor":55,"turns":10}],"seed_played":"-1506139430272666657","potions_obtained":[{"floor":1,"key":"PowerPotion"},{"floor":6,"key":"PowerPotion"},{"floor":10,"key":"SteroidPotion"},{"floor":13,"key":"Weak Potion"},{"floor":18,"key":"Energy Potion"},{"floor":25,"key":"Regen Potion"},{"floor":27,"key":"EssenceOfSteel"},{"floor":31,"key":"Ancient Potion"},{"floor":35,"key":"Ancient Potion"},{"floor":44,"key":"PowerPotion"}],"is_trial":false,"path_per_floor":["M","M","?","?","?","E","$","R","T","E","M","R","M","$","R","B",null,"M","M","$","M","M","E","R","E","T","E","?","R","?","M","R","B",null,"M","M","?","?","$","R","E","R","T","E","R","?","M","M","R","B",null,"R","$","E","B",null],"character_chosen":"THE_SILENT","items_purchased":["Backflip","Backflip","Blur","ClockworkSouvenir","A Thousand Cuts","Bag of Marbles","Outmaneuver"],"campfire_rested":1,"item_purchase_floors":[7,14,14,39,39,53,53],"current_hp_per_floor":[70,65,53,53,59,23,23,45,45,36,36,36,36,36,36,29,94,93,93,93,93,92,87,87,87,87,84,84,84,84,84,84,84,91,74,74,74,99,99,99,85,85,91,91,91,91,91,90,90,69,111,111,111,106,111],"gold":35,"neow_bonus":"ONE_RARE_RELIC","is_prod":false,"is_daily":false,"chose_seed":false,"campfire_upgraded":9,"win_rate":0,"timestamp":1551688638,"path_taken":["M","M","?","?","?","E","$","R","T","E","?","R","M","?","R","BOSS","M","M","$","M","?","E","R","E","T","E","?","R","?","M","R","BOSS","M","M","?","?","$","R","E","R","T","E","R","?","M","M","R","BOSS","R","$","E","BOSS"],"build_version":"2019-02-06","purchased_purges":2,"victory":true,"max_hp_per_floor":[70,70,70,70,76,76,76,76,76,76,76,76,76,76,76,76,94,94,94,94,94,94,94,94,94,94,94,94,94,91,91,91,91,91,91,91,91,105,105,105,105,105,111,111,111,111,111,111,111,111,111,111,111,111,111],"card_choices":[{"not_picked":["Underhanded Strike","Endless Agony"],"picked":"Footwork","floor":1},{"not_picked":["Acrobatics","Accuracy"],"picked":"Footwork","floor":1},{"not_picked":["Heel Hook","Caltrops"],"picked":"All Out Attack","floor":2},{"not_picked":["All Out Attack","Finisher"],"picked":"Deadly Poison","floor":2},{"not_picked":["Dagger Spray","Setup"],"picked":"Malaise","floor":6},{"not_picked":["Accuracy","Tactician"],"picked":"Cloak And Dagger","floor":10},{"not_picked":["Bouncing Flask","Setup"],"picked":"Well Laid Plans","floor":11},{"not_picked":["Dodge and Roll","Sucker Punch"],"picked":"Bouncing Flask","floor":11},{"not_picked":["Prepared","Flechettes"],"picked":"Deflect","floor":13},{"not_picked":["PiercingWail","Backstab"],"picked":"Deadly Poison","floor":13},{"not_picked":["Phantasmal Killer","Unload"],"picked":"Corpse Explosion","floor":16},{"not_picked":["Prepared","Endless Agony"],"picked":"Dodge and Roll+1","floor":18},{"not_picked":["Poisoned Stab","Dash"],"picked":"Noxious Fumes","floor":18},{"not_picked":["Flechettes","Backstab+1"],"picked":"Noxious Fumes","floor":19},{"not_picked":["Acrobatics+1","Blade Dance+1"],"picked":"Backflip+1","floor":19},{"not_picked":["Unload","Dagger Spray"],"picked":"Well Laid Plans","floor":21},{"not_picked":["Blade Dance","PiercingWail"],"picked":"Leg Sweep+1","floor":21},{"not_picked":["Underhanded Strike","Poisoned Stab"],"picked":"PiercingWail","floor":22},{"not_picked":["Sucker Punch","Acrobatics"],"picked":"Catalyst","floor":22},{"not_picked":["Expertise","Blade Dance"],"picked":"PiercingWail","floor":23},{"not_picked":["Cloak And Dagger+1","Riddle With Holes"],"picked":"Caltrops","floor":25},{"not_picked":["Sucker Punch","Blade Dance","Tactician"],"picked":"SKIP","floor":27},{"not_picked":["Slice","Deflect"],"picked":"Dagger Throw","floor":31},{"not_picked":["Concentrate","Underhanded Strike","Glass Knife"],"picked":"SKIP","floor":31},{"not_picked":["Grand Finale","Phantasmal Killer"],"picked":"Doppelganger","floor":33},{"not_picked":["Slice","Underhanded Strike"],"picked":"Prepared+1","floor":35},{"not_picked":["Skewer+1","PiercingWail+1"],"picked":"After Image","floor":35},{"not_picked":["Quick Slash","Prepared+1"],"picked":"Crippling Poison+1","floor":36},{"not_picked":["Blade Dance","Sucker Punch","Bane+1"],"picked":"SKIP","floor":36},{"not_picked":["Underhanded Strike+1","Acrobatics"],"picked":"Backstab+1","floor":38},{"not_picked":["Storm of Steel","Wraith Form v2"],"picked":"Blur","floor":41},{"not_picked":["Crippling Poison","Envenom"],"picked":"Deadly Poison+1","floor":44},{"not_picked":["Blade Dance","Poisoned Stab"],"picked":"Distraction","floor":47},{"not_picked":["Caltrops","Prepared"],"picked":"Tactician+1","floor":47},{"not_picked":["Backstab+1","Backflip"],"picked":"Deflect+1","floor":48},{"not_picked":["Flechettes","Expertise"],"picked":"Noxious Fumes","floor":48},{"not_picked":["Accuracy+1","Die Die Die"],"picked":"Acrobatics+1","floor":54}],"player_experience":4780987,"relics_obtained":[{"floor":6,"key":"Centennial Puzzle"},{"floor":9,"key":"Gremlin Horn"},{"floor":10,"key":"Blue Candle"},{"floor":17,"key":"War Paint"},{"floor":17,"key":"Tough Bandages"},{"floor":17,"key":"Mummified Hand"},{"floor":23,"key":"Art of War"},{"floor":25,"key":"Juzu Bracelet"},{"floor":26,"key":"Bag of Preparation"},{"floor":27,"key":"Dream Catcher"},{"floor":38,"key":"Mango"},{"floor":41,"key":"Oddly Smooth Stone"},{"floor":44,"key":"Vajra"},{"floor":54,"key":"Pantograph"}],"event_choices":[{"damage_healed":0,"gold_gain":0,"player_choice":"Success","damage_taken":12,"relics_obtained":["Darkstone Periapt"],"max_hp_gain":0,"max_hp_loss":0,"event_name":"Scrap Ooze","floor":3,"gold_loss":0},{"damage_healed":0,"gold_gain":71,"player_choice":"Gained Gold","damage_taken":0,"max_hp_gain":0,"max_hp_loss":0,"event_name":"Golden Wing","floor":4,"gold_loss":0},{"damage_healed":0,"gold_gain":0,"player_choice":"Cursed","damage_taken":0,"max_hp_gain":0,"max_hp_loss":0,"event_name":"Wheel of Change","floor":5,"gold_loss":0,"cards_obtained":["Decay"]},{"damage_healed":0,"gold_gain":0,"player_choice":"Opened","damage_taken":0,"relics_obtained":["Letter Opener"],"max_hp_gain":0,"max_hp_loss":0,"event_name":"The Mausoleum","floor":28,"gold_loss":0},{"cards_removed":["Parasite","Doubt"],"damage_healed":0,"gold_gain":0,"player_choice":"Removed Curses","damage_taken":0,"max_hp_gain":0,"max_hp_loss":0,"event_name":"Fountain of Cleansing","floor":30,"gold_loss":0},{"cards_removed":["Strike_G"],"damage_healed":0,"gold_gain":0,"player_choice":"Purged","damage_taken":0,"max_hp_gain":0,"max_hp_loss":0,"event_name":"Purifier","floor":37,"gold_loss":0},{"damage_healed":0,"gold_gain":0,"player_choice":"Fight","damage_taken":0,"max_hp_gain":0,"max_hp_loss":0,"event_name":"Mysterious Sphere","floor":38,"gold_loss":0},{"damage_healed":0,"gold_gain":0,"player_choice":"Ignored","damage_taken":0,"max_hp_gain":0,"max_hp_loss":0,"event_name":"Tomb of Lord Red Mask","floor":46,"gold_loss":0}],"is_beta":true,"boss_relics":[{"not_picked":["White Beast Statue","Eternal Feather"],"picked":"Calling Bell"},{"not_picked":["Tiny House","WristBlade"],"picked":"Cursed Key"}],"items_purged_floors":[7,20],"is_endless":false,"potions_floor_spawned":[1,6,10,13,18,25,27,31,35,36,44,47,48],"ascension_level":1}