{"gold_per_floor":[113,113,113,12,27,56,56,91,91,116,129,129,160,172,172,269,269,286,304,315,332,35,67,67,93,129,141,153,191,217,248,260,372,384,415,427,452,564,576,613,625,249,249,249,249,282,186,197,197,197,197,197,4,29,29],"floor_reached":56,"playtime":2518,"items_purged":[],"score":1547,"play_id":"857c26b3-a066-4c90-a5c7-765b0c82066f","local_time":"20190303210221","is_ascension_mode":true,"campfire_choices":[{"data":"Perfected Strike","floor":7,"key":"SMITH"},{"data":"Perfected Strike","floor":12,"key":"SMITH"},{"data":"Perfected Strike","floor":15,"key":"SMITH"},{"floor":24,"key":"RECALL"},{"floor":32,"key":"REST"}],"neow_cost":"NONE","seed_source_timestamp":192067711968718,"circlet_count":0,"master_deck":["Strike_R","Strike_R","Strike_R","Strike_R","Defend_R","Defend_R+1","Defend_R","Defend_R","Bash+1","Twin Strike","Perfected Strike+1","True Grit","Twin Strike","Clothesline","Ghostly Armor","Perfected Strike+1","Perfected Strike+1","Armaments","Thunderclap","Bludgeon","Wild Strike+1","Perfected Strike+1","Iron Wave","Wild Strike","Offering+1","Seeing Red","Power Through","Offering","Second Wind","Flame Barrier+1","Battle Trance","Thunderclap","Barricade","Twin Strike+1","Uppercut+1","Discovery","Deep Breath","Evolve+1","Double Tap","Secret Weapon","Shrug It Off+1","Disarm","Battle Trance","Discovery","True Grit+1"],"relics":["Burning Blood","NeowsBlessing","Pear","Boot","Self Forming Clay","StoneCalendar","Paper Frog","Fusion Hammer","Gremlin Horn","Sundial","MawBank","Lantern","War Paint","Coffee Dripper","Incense Burner","Art of War","Membership Card","Frozen Egg 2","Bottled Lightning","Mummified Hand"],"potions_floor_usage":[8,13,21,23,29,48,55,55,55],"damage_taken":[{"damage":0,"enemies":"Jaw Worm","floor":1,"turns":1},{"damage":0,"enemies":"2 Louse","floor":5,"turns":1},{"damage":0,"enemies":"Gremlin Nob","floor":6,"turns":1},{"damage":24,"enemies":"3 Sentries","floor":8,"turns":6},{"damage":16,"enemies":"Lagavulin","floor":10,"turns":6},{"damage":0,"enemies":"Cultist","floor":11,"turns":2},{"damage":0,"enemies":"3 Sentries","floor":13,"turns":4},{"damage":3,"enemies":"Large Slime","floor":14,"turns":4},{"damage":42,"enemies":"Hexaghost","floor":16,"turns":9},{"damage":10,"enemies":"Chosen","floor":18,"turns":2},{"damage":8,"enemies":"2 Thieves","floor":19,"turns":3},{"damage":6,"enemies":"Snake Plant","floor":20,"turns":3},{"damage":0,"enemies":"Cultist and Chosen","floor":21,"turns":3},{"damage":1,"enemies":"Book of Stabbing","floor":23,"turns":3},{"damage":6,"enemies":"Slavers","floor":25,"turns":2},{"damage":14,"enemies":"Book of Stabbing","floor":29,"turns":3},{"damage":23,"enemies":"Sentry and Sphere","floor":30,"turns":4},{"damage":15,"enemies":"Snake Plant","floor":31,"turns":2},{"damage":70,"enemies":"Automaton","floor":33,"turns":7},{"damage":0,"enemies":"3 Darklings","floor":35,"turns":3},{"damage":6,"enemies":"3 Shapes","floor":37,"turns":4},{"damage":41,"enemies":"Mind Bloom Boss Battle","floor":38,"turns":5},{"damage":8,"enemies":"Reptomancer","floor":40,"turns":3},{"damage":6,"enemies":"Giant Head","floor":46,"turns":4},{"damage":3,"enemies":"Transient","floor":48,"turns":5},{"damage":25,"enemies":"Awakened One","floor":50,"turns":16},{"damage":6,"enemies":"Shield and Spear","floor":54,"turns":3},{"damage":38,"enemies":"The Heart","floor":55,"turns":7}],"seed_played":"4980283805723267448","potions_obtained":[{"floor":1,"key":"Explosive Potion"},{"floor":10,"key":"Explosive Potion"},{"floor":13,"key":"GamblersBrew"},{"floor":14,"key":"Dexterity Potion"},{"floor":16,"key":"Strength Potion"},{"floor":18,"key":"Block Potion"},{"floor":21,"key":"Block Potion"},{"floor":29,"key":"SteroidPotion"},{"floor":31,"key":"SpeedPotion"}],"is_trial":false,"path_per_floor":["M","?","?","$","M","E","R","E","T","E","M","R","E","M","R","B",null,"M","M","M","M","$","E","R","E","T","?","?","E","M","M","R","B",null,"M","?","M","?","?","E","R","$","T","?","?","E","$","M","R","B",null,"R","$","E","B",null],"character_chosen":"IRONCLAD","items_purchased":["Perfected Strike","True Grit","Gremlin Horn","Wild Strike","Membership Card","Shrug It Off","Double Tap","Secret Weapon","Disarm","Battle Trance","Ancient Potion","Dexterity Potion","Bottled Lightning","Discovery"],"campfire_rested":1,"item_purchase_floors":[4,4,22,22,42,42,42,42,47,47,47,53,53,53],"current_hp_per_floor":[80,80,80,80,80,90,90,72,72,62,68,68,74,77,77,41,90,86,84,84,90,90,90,90,90,90,90,90,82,65,56,83,19,90,90,85,85,50,40,38,38,38,38,38,38,38,38,41,41,22,85,85,85,85,53],"gold":29,"neow_bonus":"THREE_ENEMY_KILL","is_prod":false,"is_daily":false,"chose_seed":false,"campfire_upgraded":3,"win_rate":0,"timestamp":1551664941,"path_taken":["M","?","?","$","M","E","R","E","T","E","M","R","E","M","R","BOSS","M","M","M","M","?","E","R","E","T","?","?","E","M","?","R","BOSS","M","?","M","?","?","E","R","$","T","?","?","E","?","M","R","BOSS","R","$","E","BOSS"],"build_version":"2019-02-06","purchased_purges":0,"victory":true,"max_hp_per_floor":[80,80,80,80,80,90,90,90,90,90,90,90,90,90,90,90,90,90,90,90,90,90,90,90,90,90,90,90,90,90,90,90,90,90,90,85,85,85,85,85,85,85,85,85,85,85,85,85,85,85,85,85,85,85,85],"card_choices":[{"not_picked":["Sentinel","Second Wind"],"picked":"Twin Strike","floor":1},{"not_picked":["Sever Soul","Heavy Blade"],"picked":"Twin Strike","floor":5},{"not_picked":["Havoc","Burning Pact"],"picked":"Clothesline","floor":6},{"not_picked":["Armaments","Uppercut"],"picked":"Ghostly Armor","floor":8},{"not_picked":["Disarm","Wild Strike"],"picked":"Perfected Strike","floor":10},{"not_picked":["Havoc","Sentinel"],"picked":"Perfected Strike","floor":11},{"not_picked":["Dual Wield","True Grit"],"picked":"Armaments","floor":13},{"not_picked":["Headbutt","Second Wind"],"picked":"Thunderclap","floor":14},{"not_picked":["Limit Break","Demon Form"],"picked":"Bludgeon","floor":16},{"not_picked":["Whirlwind+1","Inflame"],"picked":"Wild Strike+1","floor":18},{"not_picked":["Havoc","Anger+1"],"picked":"Perfected Strike+1","floor":19},{"not_picked":["Flex","Clash"],"picked":"Iron Wave","floor":20},{"not_picked":["Clash+1","Heavy Blade+1","Bloodletting"],"picked":"SKIP","floor":21},{"not_picked":["Warcry+1","Heavy Blade"],"picked":"Offering","floor":23},{"not_picked":["Evolve","Warcry+1"],"picked":"Seeing Red","floor":25},{"not_picked":["Iron Wave","Offering"],"picked":"Flame Barrier+1","floor":29},{"not_picked":["Armaments","Carnage"],"picked":"Battle Trance","floor":30},{"not_picked":["Flame Barrier","Pommel Strike"],"picked":"Thunderclap","floor":31},{"not_picked":["Fiend Fire","Bludgeon"],"picked":"Barricade","floor":33},{"not_picked":["Whirlwind+1","Cleave+1","Seeing Red"],"picked":"SKIP","floor":35},{"not_picked":["Thunderclap+1","Heavy Blade"],"picked":"Twin Strike+1","floor":37},{"not_picked":["Whirlwind+1","Reckless Charge"],"picked":"Uppercut+1","floor":38},{"not_picked":["Panacea","Mind Blast"],"picked":"Discovery","floor":39},{"not_picked":["Flash of Steel","Blind"],"picked":"Deep Breath","floor":39},{"not_picked":["Clothesline+1","Whirlwind"],"picked":"Evolve+1","floor":40},{"not_picked":["Double Tap","Flame Barrier+1"],"picked":"Shrug It Off+1","floor":46},{"not_picked":["Rupture+1","Inflame+1","Combust+1"],"picked":"SKIP","floor":48},{"not_picked":["Sword Boomerang+1","Thunderclap+1"],"picked":"True Grit+1","floor":54}],"player_experience":4778469,"relics_obtained":[{"floor":6,"key":"Pear"},{"floor":8,"key":"Boot"},{"floor":9,"key":"Self Forming Clay"},{"floor":10,"key":"StoneCalendar"},{"floor":13,"key":"Paper Frog"},{"floor":23,"key":"Sundial"},{"floor":25,"key":"MawBank"},{"floor":26,"key":"Lantern"},{"floor":29,"key":"War Paint"},{"floor":38,"key":"Incense Burner"},{"floor":40,"key":"Art of War"},{"floor":46,"key":"Frozen Egg 2"},{"floor":54,"key":"Mummified Hand"}],"event_choices":[{"damage_healed":0,"gold_gain":0,"player_choice":"Grow","damage_taken":0,"max_hp_gain":0,"max_hp_loss":0,"event_name":"Living Wall","floor":2,"gold_loss":0,"cards_upgraded":["Bash"]},{"cards_removed":["Strike_R"],"damage_healed":0,"gold_gain":0,"player_choice":"Offered Basic","damage_taken":0,"max_hp_gain":0,"max_hp_loss":0,"event_name":"Bonfire Elementals","floor":3,"gold_loss":0},{"damage_healed":0,"gold_gain":0,"player_choice":"Read","damage_taken":0,"max_hp_gain":0,"max_hp_loss":0,"event_name":"The Library","floor":27,"gold_loss":0,"cards_obtained":["Power Through"]},{"damage_healed":0,"gold_gain":0,"player_choice":"2 cards matched","damage_taken":0,"max_hp_gain":0,"max_hp_loss":0,"event_name":"Match and Keep!","floor":28,"gold_loss":0,"cards_obtained":["Offering","Second Wind"]},{"damage_healed":0,"gold_gain":0,"player_choice":"Max HP","damage_taken":0,"max_hp_gain":0,"max_hp_loss":5,"event_name":"Winding Halls","floor":36,"gold_loss":0},{"damage_healed":0,"gold_gain":0,"player_choice":"Fight","damage_taken":0,"max_hp_gain":0,"max_hp_loss":0,"event_name":"MindBloom","floor":38,"gold_loss":0},{"damage_healed":0,"gold_gain":0,"player_choice":"Memory 3","damage_taken":10,"max_hp_gain":0,"max_hp_loss":0,"event_name":"SensoryStone","floor":39,"gold_loss":0},{"cards_removed":["Shrug It Off"],"damage_healed":0,"gold_gain":0,"player_choice":"Removed Skill","damage_taken":0,"max_hp_gain":0,"max_hp_loss":0,"event_name":"Falling","floor":44,"gold_loss":0},{"damage_healed":0,"gold_gain":0,"player_choice":"Ignored","damage_taken":0,"max_hp_gain":0,"max_hp_loss":0,"event_name":"Mysterious Sphere","floor":45,"gold_loss":0}],"is_beta":true,"boss_relics":[{"not_picked":["Astrolabe","Empty Cage"],"picked":"Fusion Hammer"},{"not_picked":["Velvet Choker","Tiny House"],"picked":"Coffee Dripper"}],"items_purged_floors":[],"is_endless":false,"potions_floor_spawned":[1,10,13,14,16,18,21,29,31,37,46],"ascension_level":1}