{"gold_per_floor":[111,23,23,33,33,33,67,77,77,107,117,136,136,136,136,240,240,252,5,5,22,34,68,68,95,145,145,175,187,211,233,245,353,365,390,677,705,361,379,413,424,456,456,456,487,487,215,234,234,234,234,234,15,42,42],"floor_reached":56,"playtime":3535,"items_purged":["Strike_R","Regret","Parasite"],"score":1715,"play_id":"00c7d681-43d3-49ef-a8f8-1d5db1481ca2","local_time":"20190502140805","is_ascension_mode":true,"campfire_choices":[{"data":"Shockwave","floor":6,"key":"SMITH"},{"data":"True Grit","floor":13,"key":"SMITH"},{"data":"Armaments","floor":15,"key":"SMITH"},{"data":"Mayhem","floor":24,"key":"SMITH"},{"data":"Spot Weakness","floor":27,"key":"SMITH"},{"data":"Uppercut","floor":32,"key":"SMITH"},{"floor":44,"key":"RECALL"},{"data":"Limit Break","floor":46,"key":"SMITH"},{"data":"Battle Trance","floor":49,"key":"SMITH"},{"data":"Corruption","floor":52,"key":"SMITH"}],"neow_cost":"NONE","seed_source_timestamp":4473092569042394,"circlet_count":0,"master_deck":["Strike_R","Strike_R","Strike_R+1","Strike_R","Defend_R+1","Defend_R","Defend_R+1","Bash","Battle Trance+1","Shockwave+1","Twin Strike+1","Clash","True Grit+1","Shrug It Off","Spot Weakness+1","Iron Wave+1","Armaments+1","Immolate","Shrug It Off+1","Mayhem+1","Ghostly","Ghostly+1","Ghostly","Ghostly","Ghostly","Heavy Blade+1","Feed","Feel No Pain+1","Metallicize","Necronomicurse","Spot Weakness","Uppercut+1","Limit Break+1","Heavy Blade+1","Corruption+1","Battle Trance","Disarm","Spot Weakness+1","Metallicize+1","Exhume","Metallicize+1","Shrug It Off","Shrug It Off","Iron Wave+1","Metallicize+1","Disarm","Dropkick+1"],"relics":["Burning Blood","Bottled Lightning","Mummified Hand","Kunai","Smiling Mask","Black Star","Paper Frog","Singing Bowl","Blood Vial","Pantograph","MawBank","Question Card","Necronomicon","Coffee Dripper","Gremlin Horn","Frozen Egg 2","Pen Nib","Magic Flower","Sundial","Shuriken","Orichalcum","The Courier","War Paint","Happy Flower","Whetstone","Bottled Tornado"],"potions_floor_usage":[18,23,28,55,55,55],"damage_taken":[{"damage":6,"enemies":"Jaw Worm","floor":1,"turns":3},{"damage":4,"enemies":"Cultist","floor":4,"turns":3},{"damage":1,"enemies":"Gremlin Nob","floor":7,"turns":3},{"damage":0,"enemies":"Small Slimes","floor":8,"turns":3},{"damage":32,"enemies":"3 Sentries","floor":10,"turns":12},{"damage":5,"enemies":"3 Louse","floor":11,"turns":3},{"damage":0,"enemies":"Large Slime","floor":12,"turns":3},{"damage":9,"enemies":"The Guardian","floor":16,"turns":8},{"damage":12,"enemies":"2 Thieves","floor":18,"turns":4},{"damage":0,"enemies":"Shell Parasite","floor":21,"turns":7},{"damage":6,"enemies":"Cultist and Chosen","floor":22,"turns":6},{"damage":16,"enemies":"Book of Stabbing","floor":23,"turns":6},{"damage":0,"enemies":"Gremlin Leader","floor":25,"turns":8},{"damage":4,"enemies":"Book of Stabbing","floor":28,"turns":6},{"damage":3,"enemies":"Shelled Parasite and Fungi","floor":30,"turns":5},{"damage":0,"enemies":"3 Cultists","floor":31,"turns":1},{"damage":0,"enemies":"Champ","floor":33,"turns":9},{"damage":0,"enemies":"Orb Walker","floor":35,"turns":2},{"damage":2,"enemies":"3 Darklings","floor":37,"turns":4},{"damage":1,"enemies":"Writhing Mass","floor":39,"turns":7},{"damage":0,"enemies":"Reptomancer","floor":40,"turns":6},{"damage":0,"enemies":"Transient","floor":41,"turns":5},{"damage":0,"enemies":"Giant Head","floor":42,"turns":5},{"damage":5,"enemies":"Reptomancer","floor":45,"turns":8},{"damage":33,"enemies":"3 Darklings","floor":48,"turns":6},{"damage":0,"enemies":"Donu and Deca","floor":50,"turns":7},{"damage":0,"enemies":"Shield and Spear","floor":54,"turns":4},{"damage":34,"enemies":"The Heart","floor":55,"turns":7}],"seed_played":"-6101850077726779468","potions_obtained":[{"floor":1,"key":"Weak Potion"},{"floor":7,"key":"LiquidBronze"},{"floor":11,"key":"LiquidBronze"},{"floor":18,"key":"BloodPotion"},{"floor":30,"key":"Regen Potion"},{"floor":31,"key":"Explosive Potion"},{"floor":35,"key":"SteroidPotion"},{"floor":39,"key":"LiquidBronze"}],"is_trial":false,"path_per_floor":["M","$","?","M","?","R","E","M","T","E","M","M","R","?","R","B",null,"M","$","?","M","M","E","R","E","T","R","E","?","M","M","R","B",null,"M","?","M","$","M","E","M","E","T","R","E","R","$","M","R","B",null,"R","$","E","B",null],"character_chosen":"IRONCLAD","items_purchased":["Shockwave","Twin Strike","Mayhem","Gremlin Horn","Corruption","Metallicize+1","Shrug It Off","Shrug It Off","War Paint","Happy Flower","Metallicize+1","Disarm"],"campfire_rested":0,"item_purchase_floors":[2,2,19,38,38,47,47,47,47,53,53,53],"current_hp_per_floor":[80,80,72,74,58,58,63,69,69,43,44,50,50,32,32,29,80,74,74,40,40,40,36,36,42,42,42,46,30,38,46,46,49,49,49,49,51,51,54,54,54,54,54,54,54,54,51,27,27,51,51,51,51,51,34],"gold":42,"neow_bonus":"REMOVE_CARD","is_prod":false,"is_daily":false,"chose_seed":false,"campfire_upgraded":9,"win_rate":0,"timestamp":1556820485,"path_taken":["M","$","?","?","?","R","E","M","T","E","M","M","R","?","R","BOSS","M","$","?","M","M","E","R","E","T","R","E","?","M","M","R","BOSS","M","?","M","$","M","E","M","E","T","R","E","R","?","M","R","BOSS","R","$","E","BOSS"],"build_version":"2019-04-23","purchased_purges":3,"victory":true,"max_hp_per_floor":[80,80,80,80,80,80,80,80,80,80,80,80,80,80,80,80,80,80,80,40,40,40,46,46,46,46,46,46,46,49,49,49,49,49,49,49,51,51,54,54,54,54,54,54,54,54,51,51,51,51,51,51,51,51,51],"card_choices":[{"not_picked":["Body Slam","Sword Boomerang"],"picked":"Battle Trance","floor":1},{"not_picked":["True Grit","Wild Strike"],"picked":"Clash","floor":4},{"not_picked":["Seeing Red","Warcry"],"picked":"True Grit","floor":7},{"not_picked":["Power Through","Body Slam"],"picked":"Shrug It Off","floor":8},{"not_picked":["True Grit","Fiend Fire"],"picked":"Spot Weakness","floor":10},{"not_picked":["Searing Blow","Havoc"],"picked":"Iron Wave","floor":11},{"not_picked":["Sever Soul","Havoc"],"picked":"Armaments","floor":12},{"not_picked":["Bludgeon","Impervious"],"picked":"Immolate","floor":16},{"not_picked":["Twin Strike+1","Thunderclap"],"picked":"Shrug It Off+1","floor":18},{"not_picked":["Armaments","Perfected Strike"],"picked":"Heavy Blade+1","floor":21},{"not_picked":["Flex","Rage"],"picked":"Feed","floor":22},{"not_picked":["Iron Wave","Warcry","Juggernaut"],"picked":"Singing Bowl","floor":23},{"not_picked":["Reckless Charge","Headbutt+1"],"picked":"Feel No Pain+1","floor":25},{"not_picked":["Sword Boomerang","Bludgeon"],"picked":"Metallicize","floor":28},{"not_picked":["Clash","Armaments+1","Evolve"],"picked":"Spot Weakness","floor":30},{"not_picked":["Hemokinesis+1","Headbutt+1","Rage"],"picked":"Uppercut","floor":31},{"not_picked":["Fiend Fire","Feed","Juggernaut"],"picked":"Limit Break","floor":33},{"not_picked":["Rupture","Armaments","Reckless Charge+1"],"picked":"Heavy Blade+1","floor":35},{"not_picked":["Cleave+1","Intimidate+1","Clash+1","Iron Wave"],"picked":"Singing Bowl","floor":37},{"not_picked":["Pommel Strike+1","Headbutt","Carnage+1"],"picked":"Battle Trance","floor":39},{"not_picked":["Second Wind+1","Burning Pact","Pommel Strike"],"picked":"Disarm","floor":40},{"not_picked":["Armaments","Pummel","Cleave"],"picked":"Spot Weakness+1","floor":41},{"not_picked":["Intimidate+1","Combust+1","Thunderclap+1"],"picked":"Metallicize+1","floor":42},{"not_picked":["Headbutt+1","Armaments","Fire Breathing+1"],"picked":"Exhume","floor":45},{"not_picked":["Disarm+1","Anger","Warcry"],"picked":"Iron Wave+1","floor":48},{"not_picked":["Blood for Blood+1","Twin Strike+1","Seeing Red"],"picked":"Dropkick+1","floor":54}],"player_experience":5592742,"relics_obtained":[{"floor":7,"key":"Bottled Lightning"},{"floor":9,"key":"Mummified Hand"},{"floor":10,"key":"Kunai"},{"floor":23,"key":"Paper Frog"},{"floor":23,"key":"Singing Bowl"},{"floor":25,"key":"Blood Vial"},{"floor":25,"key":"Pantograph"},{"floor":28,"key":"MawBank"},{"floor":28,"key":"Question Card"},{"floor":29,"key":"Necronomicon"},{"floor":40,"key":"Frozen Egg 2"},{"floor":40,"key":"Pen Nib"},{"floor":42,"key":"Magic Flower"},{"floor":42,"key":"Sundial"},{"floor":43,"key":"Shuriken"},{"floor":45,"key":"Orichalcum"},{"floor":45,"key":"The Courier"},{"floor":54,"key":"Whetstone"},{"floor":54,"key":"Bottled Tornado"}],"event_choices":[{"damage_healed":0,"gold_gain":0,"player_choice":"Damaged","damage_taken":8,"max_hp_gain":0,"max_hp_loss":0,"event_name":"Wheel of Change","floor":3,"gold_loss":0},{"damage_healed":0,"gold_gain":0,"player_choice":"Entered Light","damage_taken":16,"max_hp_gain":0,"max_hp_loss":0,"event_name":"Shining Light","floor":5,"gold_loss":0,"cards_upgraded":["Defend_R","Strike_R"]},{"damage_healed":0,"gold_gain":0,"player_choice":"Success","damage_taken":18,"relics_obtained":["Smiling Mask"],"max_hp_gain":0,"max_hp_loss":0,"event_name":"Scrap Ooze","floor":14,"gold_loss":0},{"damage_healed":0,"gold_gain":0,"player_choice":"Became a Ghost","damage_taken":0,"max_hp_gain":0,"max_hp_loss":40,"event_name":"Ghosts","floor":20,"gold_loss":0,"cards_obtained":["Ghostly","Ghostly","Ghostly","Ghostly","Ghostly"]},{"damage_healed":0,"gold_gain":0,"player_choice":"Obtained Book","damage_taken":16,"max_hp_gain":0,"max_hp_loss":0,"event_name":"Cursed Tome","floor":29,"gold_loss":0},{"damage_healed":0,"gold_gain":275,"player_choice":"Desecrate","damage_taken":0,"max_hp_gain":0,"max_hp_loss":0,"event_name":"Golden Shrine","floor":36,"gold_loss":0,"cards_obtained":["Regret"]}],"is_beta":true,"boss_relics":[{"not_picked":["Astrolabe","Black Blood"],"picked":"Black Star"},{"not_picked":["Calling Bell","White Beast Statue"],"picked":"Coffee Dripper"}],"items_purged_floors":[19,38,47],"is_endless":false,"potions_floor_spawned":[1,7,11,18,30,31,35,39,40,42,54],"ascension_level":1}