{"gold_per_floor":[365,382,392,392,171,206,206,57,106,106,127,138,156,175,175,175],"floor_reached":16,"playtime":681,"items_purged":["Strike_G","Strike_G"],"score":173,"play_id":"fcd0f5cc-57f7-48cc-b728-f7d0547f6129","local_time":"20190422232424","is_ascension_mode":true,"campfire_choices":[{"data":"Footwork","floor":7,"key":"SMITH"},{"data":"Crippling Poison","floor":10,"key":"SMITH"},{"floor":15,"key":"REST"}],"neow_cost":"PERCENT_DAMAGE","seed_source_timestamp":984751131777997,"circlet_count":0,"master_deck":["AscendersBane","Defend_G","Defend_G","Defend_G","Defend_G","Defend_G","Strike_G","Strike_G","Strike_G+1","Survivor","Neutralize+1","Backflip","Crippling Poison+1","Bouncing Flask+1","Footwork+1","Deadly Poison","Cloak And Dagger","Deadly Poison","Bullet Time"],"relics":["Ring of the Snake","Anchor","Blood Vial","Whetstone","Odd Mushroom"],"potions_floor_usage":[6,13],"damage_taken":[{"damage":2,"enemies":"Cultist","floor":1,"turns":5},{"damage":2,"enemies":"2 Louse","floor":2,"turns":4},{"damage":0,"enemies":"Small Slimes","floor":3,"turns":4},{"damage":16,"enemies":"3 Sentries","floor":6,"turns":11},{"damage":17,"enemies":"The Mushroom Lair","floor":11,"turns":3},{"damage":0,"enemies":"Exordium Wildlife","floor":12,"turns":3},{"damage":0,"enemies":"Gremlin Gang","floor":13,"turns":3},{"damage":1,"enemies":"Large Slime","floor":14,"turns":6},{"damage":44,"enemies":"Slime Boss","floor":16,"turns":7}],"seed_played":"3823774545077929307","potions_obtained":[{"floor":2,"key":"Energy Potion"},{"floor":6,"key":"Ancient Potion"},{"floor":11,"key":"Fire Potion"}],"is_trial":false,"path_per_floor":["M","M","M","?","$","E","R","$","T","R","?","M","M","M","R","B"],"character_chosen":"THE_SILENT","items_purchased":["Anchor","Deadly Poison"],"campfire_rested":1,"item_purchase_floors":[5,8],"current_hp_per_floor":[42,40,40,40,40,24,24,24,24,24,9,11,13,14,33,0],"gold":175,"neow_bonus":"TWO_FIFTY_GOLD","is_prod":false,"is_daily":false,"chose_seed":false,"campfire_upgraded":2,"win_rate":0,"timestamp":1555986264,"path_taken":["M","M","?","?","$","E","R","$","T","R","?","M","M","M","R","BOSS"],"build_version":"2019-01-23","purchased_purges":2,"victory":false,"max_hp_per_floor":[66,66,66,66,66,66,66,66,66,66,66,66,66,66,66,66],"card_choices":[{"not_picked":["Dagger Throw","PiercingWail"],"picked":"Backflip","floor":1},{"not_picked":["Choke","Eviscerate"],"picked":"Crippling Poison","floor":2},{"not_picked":["Flechettes","Dagger Spray"],"picked":"Bouncing Flask","floor":3},{"not_picked":["Bouncing Flask","Acrobatics"],"picked":"Footwork","floor":6},{"not_picked":["Dagger Spray","Dodge and Roll"],"picked":"Cloak And Dagger","floor":11},{"not_picked":["Dagger Spray","Prepared","Dagger Throw"],"picked":"SKIP","floor":12},{"not_picked":["Slice","Sucker Punch"],"picked":"Deadly Poison","floor":13},{"not_picked":["Acrobatics","Deflect"],"picked":"Bullet Time","floor":14}],"player_experience":1182359,"relics_obtained":[{"floor":6,"key":"Blood Vial"},{"floor":9,"key":"Whetstone"},{"floor":11,"key":"Odd Mushroom"}],"event_choices":[{"damage_healed":0,"gold_gain":0,"player_choice":"Grow","damage_taken":0,"max_hp_gain":0,"max_hp_loss":0,"event_name":"Living Wall","floor":4,"gold_loss":0,"cards_upgraded":["Bouncing Flask"]},{"damage_healed":0,"gold_gain":0,"player_choice":"Fought Mushrooms","damage_taken":0,"max_hp_gain":0,"max_hp_loss":0,"event_name":"Mushrooms","floor":11,"gold_loss":0}],"is_beta":false,"boss_relics":[],"items_purged_floors":[5,8],"is_endless":false,"potions_floor_spawned":[2,6,11],"killed_by":"Slime Boss","ascension_level":14}