{"gold_per_floor":[119,51,51,126,146,146,181,181,181,199,199,212,48,61,61,163,163,177,137,103,123,133,133,133],"floor_reached":24,"playtime":1003,"items_purged":[],"score":254,"play_id":"e70eec0c-efbc-45bc-aeab-413f98ef5449","local_time":"20190423153743","is_ascension_mode":true,"campfire_choices":[{"data":"Body Slam","floor":6,"key":"SMITH"},{"data":"Feel No Pain","floor":8,"key":"SMITH"},{"data":"Impervious","floor":15,"key":"SMITH"},{"floor":23,"key":"REST"}],"neow_cost":"NONE","seed_source_timestamp":952886008317800,"circlet_count":0,"master_deck":["Strike_R","Strike_R","Strike_R","Strike_R","Strike_R","Defend_R+1","Defend_R","Defend_R","Defend_R","Bash","Body Slam+1","Metallicize+1","Feel No Pain+1","Rage","Headbutt","Impervious+1","Offering","Battle Trance","Rupture","Body Slam","Pommel Strike"],"relics":["Burning Blood","NeowsBlessing","Potion Belt","Smiling Mask","Velvet Choker"],"potions_floor_usage":[16,16,16],"damage_taken":[{"damage":0,"enemies":"2 Louse","floor":1,"turns":1},{"damage":0,"enemies":"Cultist","floor":5,"turns":1},{"damage":0,"enemies":"3 Sentries","floor":7,"turns":1},{"damage":4,"enemies":"Small Slimes","floor":10,"turns":4},{"damage":1,"enemies":"2 Fungi Beasts","floor":12,"turns":4},{"damage":7,"enemies":"Exordium Wildlife","floor":14,"turns":4},{"damage":22,"enemies":"The Guardian","floor":16,"turns":10},{"damage":11,"enemies":"Shell Parasite","floor":18,"turns":7},{"damage":45,"enemies":"3 Byrds","floor":21,"turns":9},{"damage":34,"enemies":"Cultist and Chosen","floor":22,"turns":8},{"damage":25,"enemies":"Slavers","floor":24,"turns":2}],"seed_played":"-3997058718164448774","potions_obtained":[{"floor":1,"key":"Block Potion"},{"floor":7,"key":"Fire Potion"},{"floor":14,"key":"Block Potion"},{"floor":16,"key":"Ancient Potion"}],"is_trial":false,"path_per_floor":["M","?","$","?","M","R","E","R","T","M","?","M","$","M","R","B",null,"M","?","$","M","M","R","E"],"character_chosen":"IRONCLAD","items_purchased":["Impervious","Rupture"],"campfire_rested":1,"item_purchase_floors":[13,20],"current_hp_per_floor":[80,80,80,69,75,75,80,80,80,80,80,80,80,79,79,63,80,75,75,75,36,8,32,7],"gold":133,"neow_bonus":"THREE_ENEMY_KILL","is_prod":false,"is_daily":false,"chose_seed":false,"campfire_upgraded":3,"win_rate":0,"timestamp":1556048263,"path_taken":["M","?","?","?","M","R","E","R","T","M","?","?","$","M","R","BOSS","M","?","$","M","?","R","E"],"build_version":"2019-01-23","purchased_purges":0,"victory":false,"max_hp_per_floor":[80,80,80,80,80,80,80,80,80,80,80,80,80,80,80,80,80,80,80,80,80,80,80,80],"card_choices":[{"not_picked":["Sever Soul","Anger"],"picked":"Body Slam","floor":1},{"not_picked":["Twin Strike","Pommel Strike"],"picked":"Metallicize","floor":5},{"not_picked":["Evolve","Barricade"],"picked":"Feel No Pain","floor":7},{"not_picked":["Reckless Charge","Perfected Strike"],"picked":"Rage","floor":10},{"not_picked":["Clash","Heavy Blade"],"picked":"Headbutt","floor":12},{"not_picked":["Perfected Strike","Clash","Sword Boomerang"],"picked":"SKIP","floor":14},{"not_picked":["Bludgeon","Brutality"],"picked":"Offering","floor":16},{"not_picked":["Clash","Feel No Pain+1"],"picked":"Battle Trance","floor":18},{"not_picked":["Sword Boomerang","Battle Trance"],"picked":"Body Slam","floor":21},{"not_picked":["Warcry+1","Havoc"],"picked":"Pommel Strike","floor":22}],"player_experience":102889,"relics_obtained":[{"floor":7,"key":"Smiling Mask"}],"event_choices":[{"damage_healed":0,"gold_gain":0,"player_choice":"Paid Gold","damage_taken":0,"relics_obtained":["Potion Belt"],"max_hp_gain":0,"max_hp_loss":0,"event_name":"WeMeetAgain","floor":2,"gold_loss":68},{"damage_healed":0,"gold_gain":75,"player_choice":"Gather Gold","damage_taken":11,"max_hp_gain":0,"max_hp_loss":0,"event_name":"World of Goop","floor":4,"gold_loss":0},{"damage_healed":0,"gold_gain":0,"player_choice":"Ignored","damage_taken":0,"max_hp_gain":0,"max_hp_loss":0,"event_name":"Liars Game","floor":11,"gold_loss":0},{"damage_healed":0,"gold_gain":0,"player_choice":"Upgraded Two","damage_taken":0,"max_hp_gain":0,"max_hp_loss":0,"event_name":"Designer","floor":19,"gold_loss":40,"cards_upgraded":["Defend_R","Metallicize"]}],"is_beta":false,"boss_relics":[{"not_picked":["Busted Crown","Runic Dome"],"picked":"Velvet Choker"}],"items_purged_floors":[],"is_endless":false,"potions_floor_spawned":[1,7,14,16],"killed_by":"Slavers","ascension_level":3}