{"gold_per_floor":[117,192,192,192,87,87,118,147,172,75,75,93,134,152,152,278,278,303,303,303,316,332,332,353,131,131,165,179,179],"floor_reached":29,"playtime":951,"items_purged":[],"score":289,"play_id":"101ba165-4585-4277-881a-de87041120aa","local_time":"20190423150009","is_ascension_mode":true,"campfire_choices":[{"data":"Armaments","floor":6.0,"key":"SMITH"},{"data":"Flex","floor":11.0,"key":"SMITH"},{"floor":15.0,"key":"REST"},{"data":"Body Slam","floor":23,"key":"SMITH"}],"neow_cost":"NONE","seed_source_timestamp":0,"circlet_count":0,"master_deck":["Strike_R","Strike_R","Strike_R","Strike_R","Strike_R","Defend_R","Defend_R","Defend_R","Defend_R","Bash","Pommel Strike","Armaments+1","Anger","Flex+1","Thunderclap","Shrug It Off","Pommel Strike","Dropkick","Brutality","Limit Break","Whirlwind","Body Slam+1","Cleave+1","Rage","Iron Wave+1","Pummel+1"],"special_seed":0,"relics":["Black Blood","Golden Idol","Bronze Scales","Odd Mushroom","Mummified Hand","MutagenicStrength","PreservedInsect","Mercury Hourglass","Frozen Egg 2"],"potions_floor_usage":[24,29],"damage_taken":[{"damage":9.0,"enemies":"Small Slimes","floor":1.0,"turns":4.0},{"damage":16.0,"enemies":"Gremlin Nob","floor":7.0,"turns":3.0},{"damage":22.0,"enemies":"The Mushroom Lair","floor":8.0,"turns":4.0},{"damage":8.0,"enemies":"2 Louse","floor":12.0,"turns":2.0},{"damage":25.0,"enemies":"3 Sentries","floor":13.0,"turns":5.0},{"damage":0.0,"enemies":"Jaw Worm","floor":14.0,"turns":3.0},{"damage":48.0,"enemies":"Hexaghost","floor":16.0,"turns":8.0},{"damage":27,"enemies":"2 Thieves","floor":18,"turns":4},{"damage":17,"enemies":"Chosen","floor":21,"turns":4},{"damage":24,"enemies":"Snecko","floor":22,"turns":4},{"damage":12,"enemies":"3 Cultists","floor":24,"turns":3},{"damage":38,"enemies":"Book of Stabbing","floor":27,"turns":3},{"damage":6,"enemies":"Chosen and Byrds","floor":28,"turns":4},{"damage":26,"enemies":"Gremlin Leader","floor":29,"turns":3}],"seed_played":"-5348455031454518425","potions_obtained":[{"floor":12.0,"key":"Strength Potion"},{"floor":13.0,"key":"Strength Potion"},{"floor":16.0,"key":"Dexterity Potion"},{"floor":22,"key":"Ancient Potion"}],"is_trial":false,"path_per_floor":["M","?","?","?","$","R","E","?","T","$","R","M","E","M","R","B",null,"M","?","?","M","M","R","M","$","T","E","M","E"],"character_chosen":"IRONCLAD","items_purchased":["Armaments","Anger","Shrug It Off","Pommel Strike","PreservedInsect","Rage"],"campfire_rested":1,"item_purchase_floors":[5,5,10,10,25,25],"current_hp_per_floor":[85,74,74,74,74,74,64,48,48,48,48,46,27,33,59,17,88,71,71,71,64,50,50,48,48,48,20,24,0],"gold":179,"neow_bonus":"TEN_PERCENT_HP_BONUS","is_prod":false,"is_daily":false,"chose_seed":false,"campfire_upgraded":3,"win_rate":0,"timestamp":1556046009,"path_taken":["M","?","?","?","$","R","E","?","T","$","R","M","E","?","R","BOSS","M","?","?","M","M","R","?","$","T","E","M","E"],"build_version":"2019-01-23","purchased_purges":0,"victory":false,"max_hp_per_floor":[88,88,88,88,88,88,88,88,88,88,88,88,88,88,88,88,88,88,88,88,88,88,88,88,88,88,88,88,88],"card_choices":[{"not_picked":["Heavy Blade","Cleave"],"picked":"Pommel Strike","floor":1.0},{"not_picked":["Hemokinesis","Sword Boomerang"],"picked":"Flex","floor":7.0},{"not_picked":["Body Slam","Fire Breathing"],"picked":"Thunderclap","floor":8.0},{"not_picked":["Body Slam","Metallicize","True Grit"],"picked":"SKIP","floor":12.0},{"not_picked":["Dual Wield","Shockwave"],"picked":"Dropkick","floor":13.0},{"not_picked":["Intimidate","Clash"],"picked":"Brutality","floor":14.0},{"not_picked":["Offering","Juggernaut"],"picked":"Limit Break","floor":16.0},{"not_picked":["Anger","Ghostly Armor"],"picked":"Whirlwind","floor":18},{"not_picked":["Perfected Strike","Shrug It Off"],"picked":"Body Slam","floor":21},{"not_picked":["Body Slam","Dual Wield"],"picked":"Cleave+1","floor":22},{"not_picked":["Armaments+1","Havoc+1","Perfected Strike"],"picked":"SKIP","floor":24},{"not_picked":["Evolve","Clash"],"picked":"Iron Wave+1","floor":27},{"not_picked":["Thunderclap","Reckless Charge+1"],"picked":"Pummel+1","floor":28}],"player_experience":100766,"relics_obtained":[{"floor":7.0,"key":"Bronze Scales"},{"floor":8.0,"key":"Odd Mushroom"},{"floor":13.0,"key":"Mummified Hand"},{"floor":26,"key":"Mercury Hourglass"},{"floor":27,"key":"Frozen Egg 2"}],"event_choices":[{"damage_healed":0.0,"max_hp_gain":0.0,"max_hp_loss":0.0,"gold_gain":75.0,"event_name":"World of Goop","player_choice":"Gather Gold","floor":2.0,"gold_loss":0.0,"damage_taken":11.0},{"damage_healed":0.0,"max_hp_gain":0.0,"max_hp_loss":0.0,"gold_gain":0.0,"event_name":"Golden Idol","player_choice":"Take Wound","floor":3.0,"gold_loss":0.0,"damage_taken":0.0,"relics_obtained":["Golden Idol"],"cards_obtained":["Injury"]},{"cards_removed":["Injury"],"damage_healed":0.0,"max_hp_gain":0.0,"max_hp_loss":0.0,"gold_gain":0.0,"event_name":"Living Wall","player_choice":"Forget","floor":4.0,"gold_loss":0.0,"damage_taken":0.0},{"damage_healed":0.0,"max_hp_gain":0.0,"max_hp_loss":0.0,"gold_gain":0.0,"event_name":"Mushrooms","player_choice":"Fought Mushrooms","floor":8.0,"gold_loss":0.0,"damage_taken":0.0},{"damage_healed":0,"gold_gain":0,"player_choice":"Inject Mutagens","damage_taken":0,"relics_obtained":["MutagenicStrength"],"max_hp_gain":0,"max_hp_loss":0,"event_name":"Drug Dealer","floor":19,"gold_loss":0},{"damage_healed":0,"gold_gain":0,"player_choice":"Bought 0 Potions","damage_taken":0,"max_hp_gain":0,"max_hp_loss":0,"event_name":"The Woman in Blue","floor":20,"gold_loss":0}],"is_beta":false,"boss_relics":[{"not_picked":["Runic Pyramid","Eternal Feather"],"picked":"Black Blood"}],"items_purged_floors":[],"is_endless":false,"potions_floor_spawned":[12,13,16,22],"killed_by":"Gremlin Leader","ascension_level":3}