{"gold_per_floor":[113,63,63,63,77,77,105,105,105,138,155,217,232,262,262,360,360,375,375,388,423,423,423,434,434,460,505,592,616,628,665,677,790,802,830,1064,579,579,593,593,621,667,693,693,721,721,746,758,758,758,758,758,253,286,286],"floor_reached":56,"playtime":3869,"items_purged":["Strike_R","Strike_R"],"score":1529,"play_id":"23b89e88-dd3d-4b2b-935f-b0ad8b83e5e1","local_time":"20190410011228","is_ascension_mode":true,"campfire_choices":[{"data":"Bludgeon","floor":6,"key":"SMITH"},{"data":"Body Slam","floor":8,"key":"SMITH"},{"data":"Armaments","floor":15,"key":"SMITH"},{"floor":23,"key":"REST"},{"floor":25,"key":"REST"},{"data":"Juggernaut","floor":32,"key":"SMITH"},{"floor":40,"key":"RECALL"},{"data":"Metallicize","floor":44,"key":"SMITH"},{"data":"Limit Break","floor":46,"key":"SMITH"},{"data":"Impervious","floor":49,"key":"SMITH"},{"data":"Power Through","floor":52,"key":"SMITH"}],"neow_cost":"TEN_PERCENT_HP_LOSS","seed_source_timestamp":2525430544828080,"circlet_count":0,"master_deck":["Strike_R","Strike_R","Defend_R","Defend_R","Defend_R+1","Defend_R+1","Bash","Bludgeon+1","Headbutt","Body Slam+1","Clothesline","Armaments+1","Impervious+1","Iron Wave+1","Metallicize+1","Power Through+1","Shockwave+1","Headbutt+1","Pummel+1","Juggernaut+1","Immolate+1","Second Wind","Iron Wave+1","Battle Trance","Limit Break+1","Flame Barrier+1","Blood for Blood+1","Uppercut+1","Magnetism","Ghostly Armor","Barricade"],"relics":["Burning Blood","Art of War","Dodecahedron","Darkstone Periapt","Tiny Chest","War Paint","Snecko Eye","Molten Egg 2","Red Mask","Meat on the Bone","MawBank","Question Card","Blue Candle","Runic Dome","Membership Card","Happy Flower","Sundial","Prayer Wheel","Oddly Smooth Stone","Centennial Puzzle","Shuriken","Smiling Mask","Lee\u0027s Waffle","Kunai","Boot","Pen Nib"],"potions_floor_usage":[12,16,21,21,41,54,55,55,55],"damage_taken":[{"damage":1,"enemies":"2 Louse","floor":1,"turns":3},{"damage":5,"enemies":"Small Slimes","floor":5,"turns":2},{"damage":17,"enemies":"3 Sentries","floor":7,"turns":7},{"damage":0,"enemies":"Gremlin Nob","floor":10,"turns":3},{"damage":0,"enemies":"Cultist","floor":11,"turns":2},{"damage":0,"enemies":"Lagavulin","floor":12,"turns":2},{"damage":6,"enemies":"Large Slime","floor":13,"turns":3},{"damage":0,"enemies":"Gremlin Nob","floor":14,"turns":2},{"damage":41,"enemies":"Hexaghost","floor":16,"turns":8},{"damage":0,"enemies":"2 Thieves","floor":18,"turns":3},{"damage":10,"enemies":"3 Byrds","floor":20,"turns":5},{"damage":65,"enemies":"Masked Bandits","floor":21,"turns":6},{"damage":22,"enemies":"Snake Plant","floor":24,"turns":4},{"damage":15,"enemies":"Slavers","floor":27,"turns":6},{"damage":0,"enemies":"Cultist and Chosen","floor":29,"turns":4},{"damage":8,"enemies":"Book of Stabbing","floor":31,"turns":5},{"damage":11,"enemies":"Collector","floor":33,"turns":10},{"damage":0,"enemies":"Orb Walker","floor":35,"turns":2},{"damage":5,"enemies":"3 Darklings","floor":39,"turns":2},{"damage":2,"enemies":"Nemesis","floor":41,"turns":3},{"damage":0,"enemies":"Giant Head","floor":45,"turns":6},{"damage":17,"enemies":"Nemesis","floor":47,"turns":3},{"damage":0,"enemies":"Spire Growth","floor":48,"turns":4},{"damage":0,"enemies":"Time Eater","floor":50,"turns":7},{"damage":10,"enemies":"Shield and Spear","floor":54,"turns":4},{"damage":60,"enemies":"The Heart","floor":55,"turns":7}],"seed_played":"-7931489398479319865","potions_obtained":[{"floor":5,"key":"PowerPotion"},{"floor":11,"key":"Energy Potion"},{"floor":13,"key":"Energy Potion"},{"floor":20,"key":"PowerPotion"},{"floor":21,"key":"PowerPotion"},{"floor":29,"key":"SkillPotion"},{"floor":31,"key":"Energy Potion"},{"floor":47,"key":"Ancient Potion"},{"floor":54,"key":"PowerPotion"}],"is_trial":false,"path_per_floor":["M","?","?","?","M","R","E","R","T","E","M","E","M","E","R","B",null,"M","T","M","?","?","R","M","R","T","E","?","M","?","E","R","B",null,"M","?","$","?","M","R","E","T","T","R","E","R","E","M","R","B",null,"R","$","E","B",null],"character_chosen":"IRONCLAD","items_purchased":["Membership Card","Happy Flower","Second Wind","Iron Wave+1","Sundial","Lee\u0027s Waffle","Kunai","SpeedPotion","Magnetism","Ghostly Armor","Boot"],"campfire_rested":2,"item_purchase_floors":[37,37,37,37,37,53,53,53,53,53,53],"current_hp_per_floor":[72,72,77,77,77,77,66,66,66,72,77,77,77,77,77,42,77,77,77,73,14,14,37,33,56,56,47,40,46,46,56,56,51,77,77,77,77,77,77,77,77,77,77,77,77,77,66,72,72,77,77,77,84,80,38],"gold":286,"neow_bonus":"THREE_RARE_CARDS","is_prod":false,"is_daily":false,"chose_seed":false,"campfire_upgraded":8,"win_rate":0,"timestamp":1554873148,"path_taken":["M","?","?","?","M","R","E","R","T","E","M","E","M","E","R","BOSS","M","?","M","?","?","R","M","R","T","E","?","?","?","E","R","BOSS","M","?","$","?","M","R","E","?","T","R","E","R","E","M","R","BOSS","R","$","E","BOSS"],"build_version":"2019-04-04","purchased_purges":2,"victory":true,"max_hp_per_floor":[72,72,77,77,77,77,77,77,77,77,77,77,77,77,77,77,77,77,77,77,77,77,77,77,77,77,77,77,77,77,77,77,77,77,77,77,77,77,77,77,77,77,77,77,77,77,77,77,77,77,77,77,84,84,84],"card_choices":[{"not_picked":["Double Tap","Impervious"],"picked":"Bludgeon","floor":0},{"not_picked":["Body Slam","Armaments"],"picked":"Clash","floor":1},{"not_picked":["Heavy Blade","Wild Strike"],"picked":"Headbutt","floor":5},{"not_picked":["Fire Breathing","Body Slam","Reckless Charge"],"picked":"SKIP","floor":7},{"not_picked":["Fire Breathing","Reckless Charge"],"picked":"Body Slam","floor":7},{"not_picked":["Berserk","Flex","Exhume"],"picked":"SKIP","floor":10},{"not_picked":["Combust","Heavy Blade"],"picked":"Intimidate","floor":11},{"not_picked":["Flex","Twin Strike"],"picked":"Clothesline","floor":12},{"not_picked":["Exhume","Heavy Blade"],"picked":"Metallicize","floor":13},{"not_picked":["Iron Wave","Havoc"],"picked":"Armaments","floor":14},{"not_picked":["Brutality","Juggernaut"],"picked":"Impervious","floor":16},{"not_picked":["Spot Weakness","Combust","Dropkick"],"picked":"SKIP","floor":18},{"not_picked":["Rampage+1","Wild Strike+1","Burning Pact+1"],"picked":"SKIP","floor":20},{"not_picked":["Flex","Wild Strike+1"],"picked":"Iron Wave+1","floor":21},{"not_picked":["True Grit","Thunderclap+1"],"picked":"Metallicize","floor":24},{"not_picked":["Anger+1","Infernal Blade+1"],"picked":"Power Through","floor":27},{"not_picked":["Armaments","Havoc","Headbutt+1"],"picked":"Shockwave+1","floor":29},{"not_picked":["True Grit","Disarm","Wild Strike+1"],"picked":"Juggernaut","floor":31},{"not_picked":["Reaper+1","Demon Form","Fiend Fire+1"],"picked":"Immolate+1","floor":33},{"not_picked":["Spot Weakness+1","Havoc","Fire Breathing","Heavy Blade+1"],"picked":"SKIP","floor":35},{"not_picked":["Cleave+1","Heavy Blade+1","Sentinel"],"picked":"Battle Trance","floor":39},{"not_picked":["Perfected Strike+1","Pummel+1","Twin Strike+1"],"picked":"Limit Break","floor":41},{"not_picked":["Flex+1","Fiend Fire+1","Thunderclap+1"],"picked":"Flame Barrier+1","floor":45},{"not_picked":["Reckless Charge+1","Armaments","Clothesline+1"],"picked":"Blood for Blood+1","floor":47},{"not_picked":["Corruption","Perfected Strike+1","Thunderclap+1"],"picked":"Uppercut+1","floor":48},{"not_picked":["Cleave+1","Burning Pact+1","Armaments","Dropkick+1"],"picked":"SKIP","floor":48},{"not_picked":["Feel No Pain+1","Flex","Wild Strike+1"],"picked":"Barricade","floor":54}],"player_experience":5248817,"relics_obtained":[{"floor":4,"key":"Art of War"},{"floor":7,"key":"Dodecahedron"},{"floor":10,"key":"Darkstone Periapt"},{"floor":12,"key":"Tiny Chest"},{"floor":14,"key":"War Paint"},{"floor":19,"key":"Molten Egg 2"},{"floor":21,"key":"Red Mask"},{"floor":26,"key":"MawBank"},{"floor":27,"key":"Question Card"},{"floor":31,"key":"Blue Candle"},{"floor":41,"key":"Prayer Wheel"},{"floor":42,"key":"Oddly Smooth Stone"},{"floor":43,"key":"Centennial Puzzle"},{"floor":45,"key":"Shuriken"},{"floor":47,"key":"Smiling Mask"},{"floor":54,"key":"Pen Nib"}],"event_choices":[{"cards_removed":["Strike_R"],"damage_healed":0,"gold_gain":0,"player_choice":"Card Removal","damage_taken":0,"max_hp_gain":0,"max_hp_loss":0,"event_name":"The Cleric","floor":2,"gold_loss":50},{"damage_healed":0,"gold_gain":0,"player_choice":"Donut","damage_taken":0,"max_hp_gain":5,"max_hp_loss":0,"event_name":"Big Fish","floor":3,"gold_loss":0},{"damage_healed":0,"gold_gain":0,"player_choice":"Relic","damage_taken":0,"max_hp_gain":0,"max_hp_loss":0,"event_name":"Wheel of Change","floor":4,"gold_loss":0},{"damage_healed":0,"gold_gain":0,"player_choice":"Fought Bandits","damage_taken":0,"max_hp_gain":0,"max_hp_loss":0,"event_name":"Masked Bandits","floor":21,"gold_loss":0},{"damage_healed":0,"gold_gain":0,"player_choice":"Opened","damage_taken":0,"relics_obtained":["Meat on the Bone"],"max_hp_gain":0,"max_hp_loss":0,"event_name":"The Mausoleum","floor":22,"gold_loss":0},{"damage_healed":0,"gold_gain":75,"player_choice":"Touch","damage_taken":7,"max_hp_gain":0,"max_hp_loss":0,"event_name":"FaceTrader","floor":28,"gold_loss":0},{"damage_healed":0,"gold_gain":0,"cards_transformed":["Clash","Intimidate"],"player_choice":"Became Test Subject","damage_taken":0,"max_hp_gain":0,"max_hp_loss":0,"event_name":"Drug Dealer","floor":30,"gold_loss":0,"cards_obtained":["Headbutt","Pummel"]},{"damage_healed":0,"gold_gain":222,"player_choice":"Wore Mask","damage_taken":0,"max_hp_gain":0,"max_hp_loss":0,"event_name":"Tomb of Lord Red Mask","floor":36,"gold_loss":0},{"cards_removed":["Metallicize"],"damage_healed":0,"gold_gain":0,"player_choice":"Removed Power","damage_taken":0,"max_hp_gain":0,"max_hp_loss":0,"event_name":"Falling","floor":38,"gold_loss":0}],"is_beta":true,"boss_relics":[{"not_picked":["Cursed Key","Eternal Feather"],"picked":"Snecko Eye"},{"not_picked":["Black Star","Fusion Hammer"],"picked":"Runic Dome"}],"items_purged_floors":[37,53],"is_endless":false,"potions_floor_spawned":[5,11,13,20,21,29,31,33,35,47,54],"ascension_level":1}