{"gold_per_floor":[116,146,3,17,33,33,33,66,92,111,145,145,173,185,185,290,290,309,329,12,84,98,98,130,130,130,149,180,207,63,89,89,186,186,197,297,297,297,27,353,380,408,431,462,462,477,495,509,509,509,509,509,5,32,32],"floor_reached":56,"playtime":4352,"items_purged":["Regret","Strike_B","Strike_B"],"score":1727,"play_id":"94f6464d-77b7-47c0-8cad-255e184f99b8","local_time":"20190405062842","is_ascension_mode":true,"campfire_choices":[{"data":"Zap","floor":6,"key":"SMITH"},{"data":"Discovery","floor":12,"key":"SMITH"},{"data":"Streamline","floor":15,"key":"SMITH"},{"data":"Hello World","floor":23,"key":"SMITH"},{"data":"Fusion","floor":25,"key":"SMITH"},{"data":"1","floor":32,"key":"LIFT"},{"data":"2","floor":45,"key":"LIFT"},{"floor":49,"key":"RECALL"},{"data":"3","floor":52,"key":"LIFT"}],"neow_cost":"NONE","seed_source_timestamp":2111900877948290,"circlet_count":0,"master_deck":["Strike_B","Strike_B","Defend_B","Defend_B","Defend_B","Defend_B","Zap+1","Dualcast","Genetic Algorithm","Conserve Battery","Leap","Streamline+1","Compile Driver","BootSequence","Discovery+1","Steam Power","Self Repair","Chill","Cold Snap+1","Conserve Battery","Electrodynamics","Beam Cell+1","Hello World+1","Conserve Battery","Fusion+1","Core Surge+1","Coolheaded","Sweeping Beam+1","Hologram+1","Force Field+1","Creative AI","Barrage+1","Steam Power+1","Rainbow","Meteor Strike+1","Core Surge+1","Storm","Steam+1","Ball Lightning+1","Capacitor","Steam","Hologram","Go for the Eyes+1","Enlightenment","Storm+1"],"relics":["Cracked Core","Lantern","Tiny Chest","Molten Egg 2","Symbiotic Virus","WingedGreaves","Philosopher\u0027s Stone","Runic Capacitor","Blue Candle","Girya","Pantograph","Pear","Bag of Marbles","PreservedInsect","Centennial Puzzle","Runic Pyramid","Calipers","Sundial","Happy Flower","Old Coin","Dream Catcher","FossilizedHelix","Ancient Tea Set","Incense Burner","Oddly Smooth Stone","Boot"],"potions_floor_usage":[11,13,16,16,24,28,40,50,55,55,55],"damage_taken":[{"damage":0,"enemies":"2 Louse","floor":1,"turns":2},{"damage":0,"enemies":"Jaw Worm","floor":4,"turns":3},{"damage":0,"enemies":"Cultist","floor":5,"turns":3},{"damage":16,"enemies":"Gremlin Nob","floor":8,"turns":4},{"damage":0,"enemies":"Red Slaver","floor":10,"turns":4},{"damage":13,"enemies":"Lagavulin","floor":11,"turns":4},{"damage":0,"enemies":"3 Sentries","floor":13,"turns":12},{"damage":0,"enemies":"Exordium Thugs","floor":14,"turns":3},{"damage":11,"enemies":"Hexaghost","floor":16,"turns":8},{"damage":5,"enemies":"Shell Parasite","floor":18,"turns":4},{"damage":4,"enemies":"2 Thieves","floor":19,"turns":4},{"damage":0,"enemies":"Snecko","floor":22,"turns":5},{"damage":13,"enemies":"Gremlin Leader","floor":24,"turns":6},{"damage":9,"enemies":"Sentry and Sphere","floor":27,"turns":6},{"damage":6,"enemies":"Slavers","floor":28,"turns":6},{"damage":0,"enemies":"Gremlin Leader","floor":29,"turns":6},{"damage":0,"enemies":"Book of Stabbing","floor":31,"turns":5},{"damage":0,"enemies":"Champ","floor":33,"turns":10},{"damage":0,"enemies":"Orb Walker","floor":35,"turns":3},{"damage":0,"enemies":"Mind Bloom Boss Battle","floor":36,"turns":7},{"damage":27,"enemies":"Nemesis","floor":40,"turns":5},{"damage":0,"enemies":"Giant Head","floor":41,"turns":7},{"damage":0,"enemies":"Reptomancer","floor":42,"turns":5},{"damage":0,"enemies":"Giant Head","floor":44,"turns":6},{"damage":0,"enemies":"3 Shapes","floor":46,"turns":3},{"damage":0,"enemies":"Sphere and 2 Shapes","floor":47,"turns":4},{"damage":0,"enemies":"Maw","floor":48,"turns":7},{"damage":0,"enemies":"Awakened One","floor":50,"turns":15},{"damage":0,"enemies":"Shield and Spear","floor":54,"turns":4},{"damage":28,"enemies":"The Heart","floor":55,"turns":8}],"seed_played":"-1596431452562779990","potions_obtained":[{"floor":8,"key":"FearPotion"},{"floor":11,"key":"EssenceOfSteel"},{"floor":13,"key":"Energy Potion"},{"floor":14,"key":"SpeedPotion"},{"floor":16,"key":"Energy Potion"},{"floor":19,"key":"SteroidPotion"},{"floor":22,"key":"Swift Potion"},{"floor":27,"key":"Block Potion"},{"floor":28,"key":"PowerPotion"},{"floor":35,"key":"FocusPotion"},{"floor":40,"key":"SteroidPotion"},{"floor":42,"key":"Regen Potion"},{"floor":48,"key":"Weak Potion"}],"is_trial":false,"path_per_floor":["M","?","$","M","M","R","?","E","T","M","E","R","E","M","R","B",null,"M","M","$","T","M","R","E","R","T","M","E","E","$","E","R","B",null,"M","?","?","T","$","E","E","E","T","E","R","M","M","M","R","B",null,"R","$","E","B",null],"character_chosen":"DEFECT","items_purchased":["Conserve Battery","Leap","Runic Capacitor","Conserve Battery","PreservedInsect","Happy Flower","Capacitor","Steam","Hologram","Go for the Eyes+1","Enlightenment","Oddly Smooth Stone","SteroidPotion"],"campfire_rested":0,"item_purchase_floors":[3,3,20,20,30,39,53,53,53,53,53,53,53],"current_hp_per_floor":[75,75,75,75,75,75,75,59,59,59,53,53,60,67,67,63,75,75,75,75,75,75,75,69,69,69,67,78,85,85,85,85,85,85,85,85,85,85,85,58,65,65,65,72,72,79,85,85,85,85,85,85,85,85,57],"gold":32,"neow_bonus":"RANDOM_COMMON_RELIC","is_prod":false,"is_daily":false,"chose_seed":false,"campfire_upgraded":5,"win_rate":0,"timestamp":1554460122,"path_taken":["M","?","$","M","M","R","?","E","T","M","E","R","E","M","R","BOSS","M","?","$","?","M","R","E","R","T","M","E","E","?","E","R","BOSS","M","?","?","?","?","E","E","E","T","E","R","M","M","?","R","BOSS","R","$","E","BOSS"],"build_version":"2019-04-04","purchased_purges":3,"victory":true,"max_hp_per_floor":[75,75,75,75,75,75,75,75,75,75,75,75,75,75,75,75,75,75,75,75,75,75,75,75,75,75,75,85,85,85,85,85,85,85,85,85,85,85,85,85,85,85,85,85,85,85,85,85,85,85,85,85,85,85,85],"card_choices":[{"not_picked":["Leap","Storm"],"picked":"Genetic Algorithm","floor":1},{"not_picked":["Stack","Redo"],"picked":"Streamline","floor":4},{"not_picked":["Reprogram","Barrage"],"picked":"Compile Driver","floor":5},{"not_picked":["Heatsinks","Compile Driver"],"picked":"Steam Power","floor":8},{"not_picked":["Capacitor","Leap"],"picked":"Self Repair","floor":10},{"not_picked":["Scrape+1","Hologram"],"picked":"Chill","floor":11},{"not_picked":["Redo","Leap"],"picked":"Cold Snap+1","floor":13},{"not_picked":["Chill","Steam Power"],"picked":"Conserve Battery","floor":14},{"not_picked":["Fission","Biased Cognition"],"picked":"Electrodynamics","floor":16},{"not_picked":["Leap","Compile Driver+1"],"picked":"Beam Cell+1","floor":18},{"not_picked":["Stack+1","Steam Power"],"picked":"Hello World","floor":19},{"not_picked":["Hologram","Melter+1"],"picked":"Fusion","floor":22},{"not_picked":["Stack+1","BootSequence"],"picked":"Core Surge+1","floor":24},{"not_picked":["Steam Power","BootSequence"],"picked":"Coolheaded","floor":27},{"not_picked":["Leap+1","Aggregate"],"picked":"Sweeping Beam+1","floor":28},{"not_picked":["Ball Lightning+1","Rip and Tear+1"],"picked":"Hologram+1","floor":29},{"not_picked":["Beam Cell+1","Sweeping Beam+1"],"picked":"Force Field+1","floor":31},{"not_picked":["Fission","Seek"],"picked":"Creative AI","floor":33},{"not_picked":["Leap+1","Melter+1"],"picked":"Barrage+1","floor":35},{"not_picked":["Compile Driver+1","Redo+1"],"picked":"Steam Power+1","floor":36},{"not_picked":["Aggregate","Compile Driver+1","Redo"],"picked":"SKIP","floor":40},{"not_picked":["Compile Driver+1","Gash+1"],"picked":"Rainbow","floor":41},{"not_picked":["Go for the Eyes+1","Ball Lightning+1"],"picked":"Meteor Strike+1","floor":42},{"not_picked":["Streamline+1","Self Repair"],"picked":"Core Surge+1","floor":44},{"not_picked":["Gash+1","Force Field"],"picked":"Storm","floor":46},{"not_picked":["Self Repair+1","Ball Lightning+1"],"picked":"Steam+1","floor":47},{"not_picked":["Stack","Redo+1"],"picked":"Ball Lightning+1","floor":48},{"not_picked":["Streamline+1","Compile Driver+1"],"picked":"Storm+1","floor":54}],"player_experience":5158371,"relics_obtained":[{"floor":8,"key":"Molten Egg 2"},{"floor":11,"key":"Symbiotic Virus"},{"floor":13,"key":"WingedGreaves"},{"floor":21,"key":"Blue Candle"},{"floor":24,"key":"Girya"},{"floor":26,"key":"Pantograph"},{"floor":28,"key":"Pear"},{"floor":29,"key":"Bag of Marbles"},{"floor":31,"key":"Centennial Puzzle"},{"floor":36,"key":"Calipers"},{"floor":38,"key":"Sundial"},{"floor":40,"key":"Old Coin"},{"floor":41,"key":"Dream Catcher"},{"floor":42,"key":"FossilizedHelix"},{"floor":43,"key":"Ancient Tea Set"},{"floor":44,"key":"Incense Burner"},{"floor":54,"key":"Boot"}],"event_choices":[{"damage_healed":0,"gold_gain":0,"player_choice":"Box","damage_taken":0,"relics_obtained":["Tiny Chest"],"max_hp_gain":0,"max_hp_loss":0,"event_name":"Big Fish","floor":2,"gold_loss":0,"cards_obtained":["Regret"]},{"damage_healed":0,"gold_gain":0,"player_choice":"2 cards matched","damage_taken":0,"max_hp_gain":0,"max_hp_loss":0,"event_name":"Match and Keep!","floor":7,"gold_loss":0,"cards_obtained":["BootSequence","Discovery"]},{"damage_healed":0,"gold_gain":0,"player_choice":"Fight","damage_taken":0,"max_hp_gain":0,"max_hp_loss":0,"event_name":"MindBloom","floor":36,"gold_loss":0},{"damage_healed":0,"gold_gain":0,"player_choice":"Ignored","damage_taken":0,"max_hp_gain":0,"max_hp_loss":0,"event_name":"Tomb of Lord Red Mask","floor":37,"gold_loss":0}],"is_beta":true,"boss_relics":[{"not_picked":["Velvet Choker","Eternal Feather"],"picked":"Philosopher\u0027s Stone"},{"not_picked":["Coffee Dripper","Empty Cage"],"picked":"Runic Pyramid"}],"items_purged_floors":[3,20,39],"is_endless":false,"potions_floor_spawned":[8,11,13,14,16,19,22,27,28,35,40,42,46,48],"ascension_level":1}