{"gold_per_floor":[114,114,61,35,47,47,74,74,74,74,74,74,89,89,89,193,193,208,208,208,208,220,248,260,293,370,397,412,447,473,484,484,484],"floor_reached":33,"playtime":2024,"items_purged":[],"score":388,"play_id":"9be314af-9a2b-4c37-91b7-84b0663d4591","local_time":"20190404214959","is_ascension_mode":true,"campfire_choices":[{"data":"Quick Slash","floor":6,"key":"SMITH"},{"data":"Dagger Throw","floor":8,"key":"SMITH"},{"data":"Escape Plan","floor":11,"key":"SMITH"},{"data":"Survivor","floor":15,"key":"SMITH"},{"floor":32,"key":"REST"}],"neow_cost":"NONE","seed_source_timestamp":1078984203214000,"circlet_count":0,"master_deck":["Defend_G","Defend_G","Defend_G","Defend_G","Defend_G","Survivor+1","Neutralize","Escape Plan+1","Dodge and Roll","Quick Slash+1","PiercingWail","Dagger Throw+1","Slice","Tactician","Corpse Explosion","Bite","Bite","Bite","Bite","Bite","Cloak And Dagger","Prepared","Terror","Cloak And Dagger+1","Accuracy","Sucker Punch","Cloak And Dagger+1","Concentrate+1"],"relics":["Ring of the Snake","NeowsBlessing","CultistMask","Vajra","Incense Burner","Sozu","Enchiridion","Art of War","Toxic Egg 2","Darkstone Periapt","Pantograph","Oddly Smooth Stone","Ancient Tea Set"],"potions_floor_usage":[16,16,22,33],"damage_taken":[{"damage":0,"enemies":"Small Slimes","floor":1,"turns":1},{"damage":0,"enemies":"Cultist","floor":5,"turns":1},{"damage":0,"enemies":"3 Sentries","floor":7,"turns":1},{"damage":0,"enemies":"Jaw Worm","floor":13,"turns":4},{"damage":63,"enemies":"Slime Boss","floor":16,"turns":20},{"damage":11,"enemies":"Shell Parasite","floor":18,"turns":8},{"damage":0,"enemies":"Spheric Guardian","floor":22,"turns":4},{"damage":8,"enemies":"Slavers","floor":23,"turns":3},{"damage":10,"enemies":"Snake Plant","floor":24,"turns":4},{"damage":15,"enemies":"Gremlin Leader","floor":25,"turns":7},{"damage":15,"enemies":"Slavers","floor":27,"turns":2},{"damage":9,"enemies":"Centurion and Healer","floor":28,"turns":5},{"damage":19,"enemies":"Book of Stabbing","floor":29,"turns":6},{"damage":0,"enemies":"Cultist and Chosen","floor":31,"turns":4},{"damage":65,"enemies":"Champ","floor":33,"turns":10}],"seed_played":"8951065453162483319","potions_obtained":[{"floor":1,"key":"GamblersBrew"},{"floor":7,"key":"SpeedPotion"},{"floor":13,"key":"Fire Potion"},{"floor":16,"key":"GhostInAJar"}],"is_trial":false,"path_per_floor":["M","?","$","$","M","R","E","R","T","$","R","?","M","?","R","B",null,"M","?","?","$","M","E","M","E","T","E","M","E","T","M","R","B"],"character_chosen":"THE_SILENT","items_purchased":["Dodge and Roll","Quick Slash"],"campfire_rested":1,"item_purchase_floors":[3,4],"current_hp_per_floor":[70,70,70,70,70,70,70,70,70,70,70,70,70,70,70,7,70,59,43,43,43,49,43,43,40,40,27,22,7,7,11,25,0],"gold":484,"neow_bonus":"THREE_ENEMY_KILL","is_prod":false,"is_daily":false,"chose_seed":false,"campfire_upgraded":4,"win_rate":0,"timestamp":1554428999,"path_taken":["M","?","?","$","M","R","E","R","T","$","R","?","M","?","R","BOSS","M","?","?","?","M","E","M","E","T","E","M","E","?","?","R","BOSS"],"build_version":"2019-01-23","purchased_purges":0,"victory":false,"max_hp_per_floor":[70,70,70,70,70,70,70,70,70,70,70,70,70,70,70,70,70,70,70,49,49,49,49,49,49,49,49,49,49,49,49,49,49],"card_choices":[{"not_picked":["Terror","Underhanded Strike"],"picked":"Escape Plan","floor":1},{"not_picked":["Acrobatics","Flechettes"],"picked":"PiercingWail","floor":5},{"not_picked":["Underhanded Strike","Eviscerate"],"picked":"Dagger Throw","floor":7},{"not_picked":["Leg Sweep","Blade Dance"],"picked":"Tactician","floor":13},{"not_picked":["Unload","Doppelganger"],"picked":"Corpse Explosion","floor":16},{"not_picked":["Escape Plan","Crippling Poison","Flying Knee"],"picked":"SKIP","floor":18},{"not_picked":["Slice","Malaise"],"picked":"Cloak And Dagger","floor":22},{"not_picked":["Deadly Poison","Tactician"],"picked":"Prepared","floor":23},{"not_picked":["Finisher","Sucker Punch"],"picked":"Terror","floor":24},{"not_picked":["Deadly Poison","Well Laid Plans+1"],"picked":"Cloak And Dagger","floor":25},{"not_picked":["Flechettes","Masterful Stab"],"picked":"Accuracy","floor":27},{"not_picked":["Predator","Acrobatics+1"],"picked":"Sucker Punch","floor":28},{"not_picked":["Bane","Dagger Spray"],"picked":"Cloak And Dagger+1","floor":29},{"not_picked":["Dagger Spray","Terror+1"],"picked":"Concentrate+1","floor":31}],"player_experience":73313,"relics_obtained":[{"floor":7,"key":"Vajra"},{"floor":9,"key":"Incense Burner"},{"floor":19,"key":"Enchiridion"},{"floor":23,"key":"Art of War"},{"floor":25,"key":"Toxic Egg 2"},{"floor":26,"key":"Darkstone Periapt"},{"floor":27,"key":"Pantograph"},{"floor":29,"key":"Oddly Smooth Stone"},{"floor":30,"key":"Ancient Tea Set"}],"event_choices":[{"damage_healed":0,"gold_gain":0,"player_choice":"Trade","damage_taken":0,"relics_obtained":["CultistMask"],"max_hp_gain":0,"max_hp_loss":0,"event_name":"FaceTrader","floor":2,"gold_loss":0},{"damage_healed":0,"gold_gain":0,"cards_transformed":["Strike_G"],"player_choice":"Change","damage_taken":0,"max_hp_gain":0,"max_hp_loss":0,"event_name":"Living Wall","floor":12,"gold_loss":0,"cards_obtained":["Slice"]},{"damage_healed":0,"gold_gain":0,"player_choice":"Leave","damage_taken":0,"max_hp_gain":0,"max_hp_loss":0,"event_name":"The Cleric","floor":14,"gold_loss":0},{"damage_healed":0,"gold_gain":0,"player_choice":"Obtained Book","damage_taken":16,"max_hp_gain":0,"max_hp_loss":0,"event_name":"Cursed Tome","floor":19,"gold_loss":0},{"damage_healed":0,"gold_gain":0,"player_choice":"Became a vampire","damage_taken":0,"max_hp_gain":0,"max_hp_loss":21,"event_name":"Vampires","floor":20,"gold_loss":0,"cards_obtained":["Bite","Bite","Bite","Bite","Bite"]}],"is_beta":false,"boss_relics":[{"not_picked":["Empty Cage","Calling Bell"],"picked":"Sozu"}],"items_purged_floors":[],"is_endless":false,"potions_floor_spawned":[1,7,13,16,22,29,31],"killed_by":"Champ","ascension_level":1}