{"gold_per_floor":[118,118,132,132,147,147,147,162,162,162,16,16,16,28,28,28],"floor_reached":16,"playtime":488,"items_purged":[],"score":99,"play_id":"60bac06c-486d-4966-8ab2-f097a7f732c0","local_time":"20190508161209","is_ascension_mode":true,"campfire_choices":[{"floor":6,"key":"DIG"},{"floor":10,"key":"DIG"},{"floor":12,"key":"DIG"},{"floor":15,"key":"REST"}],"neow_cost":"NONE","seed_source_timestamp":231315772006500,"circlet_count":0,"master_deck":["Defend_G","Defend_G","Defend_G","Defend_G","Defend_G","Strike_G","Strike_G","Strike_G","Strike_G","Survivor","Neutralize","PiercingWail","Backflip","Flying Knee","Dagger Throw"],"relics":["Ring of the Snake","NeowsBlessing","Shovel","Vajra","Mango","Ancient Tea Set","Happy Flower","Centennial Puzzle"],"potions_floor_usage":[],"damage_taken":[{"damage":0,"enemies":"Small Slimes","floor":1,"turns":1},{"damage":0,"enemies":"Jaw Worm","floor":3,"turns":1},{"damage":0,"enemies":"2 Louse","floor":5,"turns":1},{"damage":21,"enemies":"Gremlin Gang","floor":8,"turns":10},{"damage":2,"enemies":"Large Slime","floor":14,"turns":7},{"damage":70,"enemies":"Hexaghost","floor":16,"turns":16}],"seed_played":"6722246730787454911","potions_obtained":[{"floor":1,"key":"SteroidPotion"}],"is_trial":false,"path_per_floor":["M","?","M","?","M","R","?","M","T","R","$","R","?","M","R","B"],"character_chosen":"THE_SILENT","items_purchased":["Happy Flower"],"campfire_rested":1,"item_purchase_floors":[11],"current_hp_per_floor":[70,70,70,52,52,52,52,31,45,45,45,45,45,43,68,0],"gold":28,"neow_bonus":"THREE_ENEMY_KILL","is_prod":false,"is_daily":false,"chose_seed":false,"campfire_upgraded":0,"win_rate":0,"timestamp":1557346329,"path_taken":["M","?","M","?","M","R","?","?","T","R","$","R","?","?","R","BOSS"],"build_version":"2019-01-23","purchased_purges":0,"victory":false,"max_hp_per_floor":[70,70,70,70,70,70,70,70,84,84,84,84,84,84,84,84],"card_choices":[{"not_picked":["Expertise","Deflect"],"picked":"PiercingWail","floor":1},{"not_picked":["Sucker Punch","Deadly Poison"],"picked":"Backflip","floor":3},{"not_picked":["Blade Dance","Concentrate","Catalyst"],"picked":"SKIP","floor":5},{"not_picked":["Poisoned Stab","Catalyst"],"picked":"Flying Knee","floor":8},{"not_picked":["Outmaneuver","Backflip"],"picked":"Dagger Throw","floor":14}],"player_experience":158330,"relics_obtained":[{"floor":6,"key":"Vajra"},{"floor":9,"key":"Mango"},{"floor":10,"key":"Ancient Tea Set"},{"floor":12,"key":"Centennial Puzzle"}],"event_choices":[{"damage_healed":0,"gold_gain":0,"player_choice":"Ignored","damage_taken":0,"max_hp_gain":0,"max_hp_loss":0,"event_name":"Golden Wing","floor":2,"gold_loss":0},{"damage_healed":0,"gold_gain":0,"player_choice":"Success","damage_taken":18,"relics_obtained":["Shovel"],"max_hp_gain":0,"max_hp_loss":0,"event_name":"Scrap Ooze","floor":4,"gold_loss":0},{"damage_healed":0,"gold_gain":0,"player_choice":"Ignored","damage_taken":0,"max_hp_gain":0,"max_hp_loss":0,"event_name":"Purifier","floor":7,"gold_loss":0},{"cards_removed":["Strike_G"],"damage_healed":0,"gold_gain":0,"player_choice":"Card Removal","damage_taken":0,"max_hp_gain":0,"max_hp_loss":0,"event_name":"Wheel of Change","floor":13,"gold_loss":0}],"is_beta":false,"boss_relics":[],"items_purged_floors":[],"is_endless":false,"potions_floor_spawned":[1],"killed_by":"Hexaghost","ascension_level":2}