{"gold_per_floor":[10,28,28,40,56,56,56,56,56,56,74,74,106,124,124,224,224,244,244,262,39,58,90,53,53,53,66,66,80,5,5,5,108,108,122,222,222,242,261,292,306,320,345,358,358,378,397,151,151,151],"floor_reached":51,"playtime":1720,"items_purged":["Strike_R","Defend_R"],"score":778,"play_id":"e81673d7-fe5d-4add-9017-19a7ef84a7cf","local_time":"20190429001623","is_ascension_mode":false,"campfire_choices":[{"data":"Whirlwind","floor":6,"key":"SMITH"},{"data":"Flex","floor":8,"key":"SMITH"},{"data":"Immolate","floor":12,"key":"SMITH"},{"data":"Inflame","floor":15,"key":"SMITH"},{"data":"Flame Barrier","floor":25,"key":"SMITH"},{"data":"Bash","floor":28,"key":"SMITH"},{"data":"True Grit","floor":32,"key":"SMITH"},{"data":"Shrug It Off","floor":45,"key":"SMITH"},{"data":"Bloodletting","floor":49,"key":"SMITH"}],"neow_cost":"NO_GOLD","seed_source_timestamp":46293374970739,"circlet_count":0,"master_deck":["Defend_R","Defend_R","Defend_R","Bash+1","Immolate+1","Thunderclap","Shrug It Off+1","Whirlwind+1","Flex+1","Inflame+1","Offering","Pommel Strike+1","Dual Wield+1","Flame Barrier+1","Pommel Strike+1","Battle Trance","True Grit+1","Inflame+1","Offering","Demon Form+1","Bloodletting+1","Havoc+1","Shrug It Off+1"],"relics":["Burning Blood","Du-Vu Doll","FossilizedHelix","Singing Bowl","Coffee Dripper","Blood Vial","Anchor","Frozen Egg 2","Black Star","StoneCalendar","Dodecahedron","Orichalcum","Red Skull","Art of War"],"potions_floor_usage":[23,23,42,50,50,50,50],"damage_taken":[{"damage":4,"enemies":"2 Louse","floor":1,"turns":2},{"damage":2,"enemies":"Small Slimes","floor":2,"turns":2},{"damage":4,"enemies":"Cultist","floor":4,"turns":4},{"damage":4,"enemies":"3 Louse","floor":5,"turns":2},{"damage":0,"enemies":"Large Slime","floor":11,"turns":3},{"damage":0,"enemies":"Lagavulin","floor":13,"turns":5},{"damage":0,"enemies":"Exordium Thugs","floor":14,"turns":2},{"damage":70,"enemies":"The Guardian","floor":16,"turns":10},{"damage":0,"enemies":"3 Byrds","floor":18,"turns":2},{"damage":5,"enemies":"2 Thieves","floor":20,"turns":3},{"damage":11,"enemies":"Shelled Parasite and Fungi","floor":22,"turns":3},{"damage":25,"enemies":"Book of Stabbing","floor":23,"turns":5},{"damage":0,"enemies":"Cultist and Chosen","floor":27,"turns":3},{"damage":0,"enemies":"Chosen and Byrds","floor":29,"turns":3},{"damage":21,"enemies":"Champ","floor":33,"turns":8},{"damage":0,"enemies":"3 Darklings","floor":35,"turns":2},{"damage":6,"enemies":"Mind Bloom Boss Battle","floor":36,"turns":3},{"damage":6,"enemies":"Orb Walker","floor":38,"turns":1},{"damage":15,"enemies":"Transient","floor":39,"turns":5},{"damage":22,"enemies":"Giant Head","floor":40,"turns":6},{"damage":0,"enemies":"3 Darklings","floor":41,"turns":2},{"damage":16,"enemies":"Maw","floor":42,"turns":5},{"damage":9,"enemies":"Sphere and 2 Shapes","floor":44,"turns":4},{"damage":5,"enemies":"Spire Growth","floor":46,"turns":4},{"damage":9,"enemies":"Writhing Mass","floor":47,"turns":3},{"damage":49,"enemies":"Time Eater","floor":50,"turns":11}],"seed_played":"-549020085802966930","potions_obtained":[{"floor":1,"key":"SkillPotion"},{"floor":2,"key":"Ancient Potion"},{"floor":11,"key":"Regen Potion"},{"floor":13,"key":"Swift Potion"},{"floor":18,"key":"SteroidPotion"},{"floor":27,"key":"Dexterity Potion"},{"floor":35,"key":"EntropicBrew"},{"floor":36,"key":"PowerPotion"},{"floor":42,"key":"Fruit Juice"},{"floor":46,"key":"EssenceOfSteel"}],"is_trial":false,"path_per_floor":["M","M","?","M","M","R","?","R","T","?","M","R","E","M","R","B",null,"M","?","M","$","M","E","$","R","T","M","R","M","?","?","R","B",null,"M","?","?","M","M","E","M","M","T","M","R","M","M","$","R","B",null],"character_chosen":"IRONCLAD","items_purchased":["Blood Vial","Battle Trance","Art of War"],"campfire_rested":0,"item_purchase_floors":[21,24,48],"current_hp_per_floor":[80,80,68,70,72,72,77,77,77,77,83,83,87,87,87,23,87,87,87,87,87,82,65,65,65,65,75,75,85,85,85,85,72,91,93,93,95,95,88,74,84,81,81,82,82,87,88,88,88,47],"gold":151,"neow_bonus":"THREE_RARE_CARDS","is_prod":false,"is_daily":false,"chose_seed":false,"campfire_upgraded":9,"win_rate":0,"timestamp":1556493383,"path_taken":["M","M","?","M","M","R","?","R","T","?","M","R","E","M","R","BOSS","M","?","M","$","?","E","$","R","T","M","R","M","?","?","R","BOSS","M","?","?","M","M","E","M","M","T","?","R","M","?","$","R","BOSS"],"build_version":"2019-04-23","purchased_purges":2,"victory":true,"max_hp_per_floor":[80,80,80,80,80,80,85,85,85,85,85,85,87,87,87,87,87,87,87,87,87,87,87,87,87,87,89,89,91,91,91,91,91,91,93,93,95,95,97,97,99,104,104,106,106,108,110,110,110,110],"card_choices":[{"not_picked":["Limit Break","Offering"],"picked":"Immolate","floor":0},{"not_picked":["Battle Trance","Anger"],"picked":"Thunderclap","floor":1},{"not_picked":["Corruption","Twin Strike"],"picked":"Shrug It Off","floor":2},{"not_picked":["Spot Weakness","Perfected Strike"],"picked":"Whirlwind","floor":4},{"not_picked":["Sentinel","Clash"],"picked":"Flex","floor":5},{"not_picked":["Berserk","Sever Soul","Sword Boomerang"],"picked":"SKIP","floor":11},{"not_picked":["Iron Wave","Dark Embrace","Sever Soul"],"picked":"Singing Bowl","floor":13},{"not_picked":["Metallicize","Rupture"],"picked":"Inflame","floor":14},{"not_picked":["Dark Embrace","Immolate"],"picked":"Offering","floor":16},{"not_picked":["Cleave+1","Shockwave"],"picked":"Pommel Strike+1","floor":18},{"not_picked":["Pommel Strike","Perfected Strike"],"picked":"Dual Wield+1","floor":20},{"not_picked":["Infernal Blade","Cleave"],"picked":"Flame Barrier","floor":22},{"not_picked":["Perfected Strike","Twin Strike"],"picked":"Pommel Strike+1","floor":23},{"not_picked":["Reckless Charge+1","Perfected Strike+1","Immolate"],"picked":"Singing Bowl","floor":27},{"not_picked":["Warcry","Headbutt","Iron Wave+1"],"picked":"Singing Bowl","floor":29},{"not_picked":["Immolate","Dark Embrace+1"],"picked":"Offering","floor":33},{"not_picked":["Thunderclap","Warcry","Sword Boomerang+1"],"picked":"Singing Bowl","floor":35},{"not_picked":["Heavy Blade+1","Carnage"],"picked":"Demon Form+1","floor":36},{"not_picked":["Jack Of All Trades","Purity","Blind"],"picked":"Singing Bowl","floor":37},{"not_picked":["Fire Breathing+1","Whirlwind"],"picked":"Bloodletting","floor":38},{"not_picked":["Blood for Blood","Heavy Blade","Twin Strike+1"],"picked":"Singing Bowl","floor":39},{"not_picked":["Inflame+1","Corruption+1"],"picked":"Havoc+1","floor":40},{"not_picked":["Thunderclap","Clothesline+1","Feel No Pain+1"],"picked":"Singing Bowl","floor":41},{"not_picked":["Rampage+1","Clothesline"],"picked":"Shrug It Off+1","floor":42},{"not_picked":["Headbutt","Fire Breathing+1","Anger"],"picked":"Singing Bowl","floor":44},{"not_picked":["Flex","Pommel Strike","Thunderclap+1"],"picked":"Singing Bowl","floor":46},{"not_picked":["Combust+1","Offering","Headbutt"],"picked":"Singing Bowl","floor":47}],"player_experience":1254237,"relics_obtained":[{"floor":9,"key":"FossilizedHelix"},{"floor":13,"key":"Singing Bowl"},{"floor":23,"key":"Anchor"},{"floor":26,"key":"Frozen Egg 2"},{"floor":36,"key":"StoneCalendar"},{"floor":40,"key":"Dodecahedron"},{"floor":40,"key":"Orichalcum"},{"floor":43,"key":"Red Skull"}],"event_choices":[{"damage_healed":0,"gold_gain":0,"player_choice":"Success","damage_taken":12,"relics_obtained":["Du-Vu Doll"],"max_hp_gain":0,"max_hp_loss":0,"event_name":"Scrap Ooze","floor":3,"gold_loss":0},{"damage_healed":0,"gold_gain":0,"player_choice":"Donut","damage_taken":0,"max_hp_gain":5,"max_hp_loss":0,"event_name":"Big Fish","floor":7,"gold_loss":0},{"cards_removed":["Strike_R"],"damage_healed":0,"gold_gain":0,"player_choice":"Forget","damage_taken":0,"max_hp_gain":0,"max_hp_loss":0,"event_name":"Living Wall","floor":10,"gold_loss":0},{"damage_healed":0,"gold_gain":0,"player_choice":"Bought 0 Potions","damage_taken":0,"max_hp_gain":0,"max_hp_loss":0,"event_name":"The Woman in Blue","floor":19,"gold_loss":0},{"cards_removed":["Strike_R"],"damage_healed":0,"gold_gain":0,"player_choice":"Gave Gold","damage_taken":0,"max_hp_gain":0,"max_hp_loss":0,"event_name":"Beggar","floor":30,"gold_loss":75},{"damage_healed":0,"gold_gain":0,"cards_transformed":["Strike_R","Strike_R"],"player_choice":"Became Test Subject","damage_taken":0,"max_hp_gain":0,"max_hp_loss":0,"event_name":"Drug Dealer","floor":31,"gold_loss":0,"cards_obtained":["True Grit","Inflame"]},{"damage_healed":0,"gold_gain":0,"player_choice":"Fight","damage_taken":0,"max_hp_gain":0,"max_hp_loss":0,"event_name":"MindBloom","floor":36,"gold_loss":0},{"damage_healed":0,"gold_gain":0,"player_choice":"Memory 1","damage_taken":0,"max_hp_gain":0,"max_hp_loss":0,"event_name":"SensoryStone","floor":37,"gold_loss":0}],"is_beta":true,"boss_relics":[{"not_picked":["White Beast Statue","Runic Cube"],"picked":"Coffee Dripper"},{"not_picked":["Tiny House","Philosopher\u0027s Stone"],"picked":"Black Star"}],"items_purged_floors":[21,48],"is_endless":false,"potions_floor_spawned":[1,2,11,13,18,27,35,36,39,40,42,46],"ascension_level":0}