{"gold_per_floor":[113,113,123,123,123,123,137,165,191,191,209,209,237,83,83,83],"floor_reached":16,"playtime":736,"items_purged":["Strike_G"],"score":216,"play_id":"184d77d9-9d5f-4523-a3b3-1cffdbeaf793","local_time":"20181123092145","is_ascension_mode":true,"campfire_choices":[{"data":"Skewer","floor":6,"key":"SMITH"},{"data":"Dagger Spray","floor":10,"key":"SMITH"},{"data":"Noxious Fumes","floor":15,"key":"SMITH"}],"neow_cost":"TEN_PERCENT_HP_LOSS","seed_source_timestamp":741442284870935,"circlet_count":0,"master_deck":["AscendersBane","Defend_G","Defend_G","Defend_G","Defend_G","Defend_G","Strike_G+1","Strike_G","Strike_G","Strike_G","Survivor+1","Neutralize+1","Doppelganger","Skewer+1","Dagger Spray+1","Dodge and Roll","Noxious Fumes+1"],"relics":["Ring of the Snake","Happy Flower","Blood Vial","Darkstone Periapt"],"potions_floor_usage":[8,13,16],"damage_taken":[{"damage":4,"enemies":"2 Louse","floor":1,"turns":4},{"damage":0,"enemies":"Jaw Worm","floor":3,"turns":5},{"damage":0,"enemies":"Cultist","floor":7,"turns":2},{"damage":16,"enemies":"Lagavulin","floor":8,"turns":7},{"damage":0,"enemies":"Blue Slaver","floor":11,"turns":3},{"damage":5,"enemies":"3 Sentries","floor":13,"turns":7},{"damage":42,"enemies":"Slime Boss","floor":16,"turns":7}],"seed_played":"-201084317581829931","potions_obtained":[{"floor":1,"key":"AttackPotion"},{"floor":3,"key":"SkillPotion"},{"floor":8,"key":"PowerPotion"}],"is_trial":false,"path_per_floor":["M","?","M","?","?","R","M","E","T","R","M","?","E","$","R","B"],"character_chosen":"THE_SILENT","items_purchased":["Noxious Fumes"],"campfire_rested":0,"item_purchase_floors":[14],"current_hp_per_floor":[55,55,55,60,60,60,60,44,44,44,46,26,23,23,23,0],"gold":83,"neow_bonus":"THREE_RARE_CARDS","is_prod":false,"is_daily":false,"chose_seed":false,"campfire_upgraded":3,"win_rate":0,"timestamp":1542982905,"path_taken":["M","?","M","?","?","R","M","E","T","R","?","?","E","$","R","BOSS"],"build_version":"2018-11-15","purchased_purges":1,"victory":false,"max_hp_per_floor":[60,60,60,65,65,65,65,65,65,65,65,65,65,65,65,65],"card_choices":[{"not_picked":["Bullet Time","Night Terror"],"picked":"Doppelganger","floor":0},{"not_picked":["Sucker Punch","Concentrate"],"picked":"Skewer","floor":1},{"not_picked":["Crippling Poison","Acrobatics"],"picked":"Dagger Spray","floor":3},{"not_picked":["Catalyst","Sucker Punch","Slice"],"picked":"SKIP","floor":7},{"not_picked":["Catalyst","Sucker Punch","Slice"],"picked":"SKIP","floor":7},{"not_picked":["Flechettes","Catalyst","Outmaneuver"],"picked":"SKIP","floor":8},{"not_picked":["Finisher","Prepared","Predator"],"picked":"SKIP","floor":11},{"not_picked":["Finisher","Setup"],"picked":"Dodge and Roll","floor":13}],"player_experience":1012153,"relics_obtained":[{"floor":8,"key":"Happy Flower"},{"floor":9,"key":"Blood Vial"},{"floor":13,"key":"Darkstone Periapt"}],"event_choices":[{"damage_healed":0,"gold_gain":0,"player_choice":"Ignored","damage_taken":0,"max_hp_gain":0,"max_hp_loss":0,"event_name":"Liars Game","floor":2,"gold_loss":0},{"damage_healed":0,"gold_gain":0,"player_choice":"Donut","damage_taken":0,"max_hp_gain":5,"max_hp_loss":0,"event_name":"Big Fish","floor":4,"gold_loss":0},{"damage_healed":0,"gold_gain":0,"player_choice":"Grow","damage_taken":0,"max_hp_gain":0,"max_hp_loss":0,"event_name":"Living Wall","floor":5,"gold_loss":0,"cards_upgraded":["Neutralize"]},{"damage_healed":0,"gold_gain":0,"player_choice":"Entered Light","damage_taken":20,"max_hp_gain":0,"max_hp_loss":0,"event_name":"Shining Light","floor":12,"gold_loss":0,"cards_upgraded":["Survivor","Strike_G"]}],"is_beta":true,"boss_relics":[],"items_purged_floors":[14],"is_endless":false,"potions_floor_spawned":[1,3,8,11],"killed_by":"Slime Boss","ascension_level":20}