{"gold_per_floor":[117,192,192,202,5,30,30,59,59,93,105,105,105,18,18,96,96,109,122,122,33,33,33,53,53,106,126,126,126,157,169,169,246,246,265,285,285,285,28,28,42,53,78,96,96,114,59,86,86,86],"floor_reached":51,"playtime":5012,"items_purged":["Strike_G","Strike_G"],"score":1418,"play_id":"b78cd9e3-1f99-489f-a3d5-3591b6fe0fa3","local_time":"20190218012303","is_ascension_mode":true,"campfire_choices":[{"data":"Noxious Fumes","floor":7,"key":"SMITH"},{"data":"Catalyst","floor":13,"key":"SMITH"},{"data":"Skewer","floor":15,"key":"SMITH"},{"floor":23,"key":"REST"},{"data":"Malaise","floor":25,"key":"SMITH"},{"floor":28,"key":"REST"},{"data":"Footwork","floor":32,"key":"SMITH"},{"floor":40,"key":"REST"},{"floor":49,"key":"REST"}],"neow_cost":"NONE","seed_source_timestamp":26327732861077,"circlet_count":0,"master_deck":["AscendersBane","Defend_G","Defend_G","Defend_G","Defend_G","Defend_G","Survivor","Neutralize","Skewer+1","Predator","Noxious Fumes+1","Catalyst+1","Poisoned Stab","PiercingWail","Backflip","Backstab","Well Laid Plans","Malaise+1","Concentrate+1","Endless Agony+1","Heel Hook+1","Noxious Fumes","Footwork+1","Footwork+1","Deflect","Dodge and Roll","Burst","Backflip+1","Panacea","Outmaneuver+1","Backflip","Escape Plan"],"relics":["Ring of the Snake","NeowsBlessing","Pear","Meat on the Bone","Letter Opener","Regal Pillow","Astrolabe","MutagenicStrength","Omamori","Dodecahedron","Runic Pyramid","Art of War","Orichalcum"],"potions_floor_usage":[8,10,18,19,24,30,30,30,33,33,41,46,46,50],"damage_taken":[{"damage":0,"enemies":"2 Louse","floor":1,"turns":1},{"damage":0,"enemies":"Small Slimes","floor":4,"turns":1},{"damage":0,"enemies":"Gremlin Nob","floor":6,"turns":1},{"damage":9,"enemies":"Lagavulin","floor":8,"turns":6},{"damage":1,"enemies":"3 Sentries","floor":10,"turns":7},{"damage":2,"enemies":"Jaw Worm","floor":11,"turns":5},{"damage":0,"enemies":"The Guardian","floor":16,"turns":9},{"damage":6,"enemies":"Spheric Guardian","floor":18,"turns":3},{"damage":7,"enemies":"Shell Parasite","floor":19,"turns":4},{"damage":18,"enemies":"Snecko","floor":24,"turns":6},{"damage":14,"enemies":"Snake Plant","floor":27,"turns":4},{"damage":18,"enemies":"Slavers","floor":30,"turns":6},{"damage":5,"enemies":"Centurion and Healer","floor":31,"turns":7},{"damage":17,"enemies":"Collector","floor":33,"turns":10},{"damage":9,"enemies":"3 Shapes","floor":35,"turns":5},{"damage":29,"enemies":"3 Darklings","floor":36,"turns":7},{"damage":55,"enemies":"Transient","floor":41,"turns":6},{"damage":12,"enemies":"Spire Growth","floor":42,"turns":5},{"damage":2,"enemies":"Sphere and 2 Shapes","floor":44,"turns":4},{"damage":6,"enemies":"Transient","floor":46,"turns":6},{"damage":30,"enemies":"Time Eater","floor":50,"turns":9}],"seed_played":"-197876102951843848","potions_obtained":[{"floor":1,"key":"EssenceOfSteel"},{"floor":4,"key":"FearPotion"},{"floor":10,"key":"SkillPotion"},{"floor":11,"key":"Weak Potion"},{"floor":18,"key":"SneckoOil"},{"floor":24,"key":"Swift Potion"},{"floor":27,"key":"SpeedPotion"},{"floor":29,"key":"GhostInAJar"},{"floor":29,"key":"EntropicBrew"},{"floor":30,"key":"Fire Potion"},{"floor":36,"key":"FearPotion"},{"floor":41,"key":"PowerPotion"},{"floor":44,"key":"GamblersBrew"}],"is_trial":false,"path_per_floor":["M","?","?","M","$","E","R","E","T","E","M","$","R","$","R","B",null,"M","M","?","$","?","R","M","R","T","M","R","?","E","M","R","B",null,"M","M","?","?","$","R","M","M","T","M","?","M","$","T","R","B",null],"character_chosen":"THE_SILENT","items_purchased":["Noxious Fumes","Catalyst","Well Laid Plans","Footwork","Art of War","SteroidPotion"],"campfire_rested":4,"item_purchase_floors":[5,5,14,21,39,47],"current_hp_per_floor":[59,48,53,53,53,63,63,54,54,53,51,51,51,51,51,51,74,68,61,61,61,38,78,60,60,60,46,86,86,68,63,63,46,76,67,50,40,40,40,80,37,37,37,47,47,53,53,53,86,56],"gold":86,"neow_bonus":"THREE_ENEMY_KILL","is_prod":false,"is_daily":false,"chose_seed":false,"campfire_upgraded":5,"win_rate":0,"timestamp":1550452983,"path_taken":["M","?","?","M","$","E","R","E","T","E","M","?","R","$","R","BOSS","M","M","?","$","?","R","M","R","T","M","R","?","E","M","R","BOSS","M","?","?","?","$","R","?","M","T","M","?","M","?","?","R","BOSS"],"build_version":"2019-02-06","purchased_purges":2,"victory":true,"max_hp_per_floor":[66,66,71,71,71,81,81,81,81,81,81,81,81,81,81,81,81,81,81,81,81,86,86,86,86,86,86,86,86,86,86,86,86,86,86,86,86,86,86,86,86,86,86,86,86,86,86,86,86,86],"card_choices":[{"not_picked":["Flechettes","Quick Slash"],"picked":"Skewer","floor":1},{"not_picked":["Riddle With Holes","Cloak And Dagger"],"picked":"Predator","floor":4},{"not_picked":["Dodge and Roll","Acrobatics"],"picked":"Poisoned Stab","floor":6},{"not_picked":["Tactician","Infinite Blades"],"picked":"PiercingWail","floor":8},{"not_picked":["Underhanded Strike","Poisoned Stab"],"picked":"Backflip","floor":10},{"not_picked":["Finisher","Slice"],"picked":"Backstab","floor":11},{"not_picked":["Die Die Die","Envenom"],"picked":"Malaise","floor":16},{"not_picked":["Setup","Sucker Punch","Dagger Throw+1"],"picked":"SKIP","floor":18},{"not_picked":["Blade Dance","Distraction"],"picked":"Noxious Fumes","floor":19},{"not_picked":["Masterful Stab","Prepared"],"picked":"Footwork","floor":24},{"not_picked":["Slice+1","Venomology","Bouncing Flask"],"picked":"SKIP","floor":27},{"not_picked":["Concentrate","Endless Agony"],"picked":"Deflect","floor":30},{"not_picked":["Endless Agony","Deflect"],"picked":"Dodge and Roll","floor":31},{"not_picked":["Doppelganger","Malaise"],"picked":"Burst","floor":33},{"not_picked":["Bane","Dagger Throw","Dagger Spray"],"picked":"SKIP","floor":35},{"not_picked":["Sucker Punch","Outmaneuver"],"picked":"Backflip+1","floor":36},{"not_picked":["Mayhem","Forethought"],"picked":"Panacea","floor":37},{"not_picked":["Dagger Spray+1","Quick Slash+1"],"picked":"Outmaneuver+1","floor":41},{"not_picked":["Footwork","Acrobatics+1"],"picked":"Backflip","floor":42},{"not_picked":["Blade Dance","Poisoned Stab","Backstab+1"],"picked":"SKIP","floor":44},{"not_picked":["Quick Slash","Storm of Steel"],"picked":"Escape Plan","floor":46}],"player_experience":931194,"relics_obtained":[{"floor":6,"key":"Pear"},{"floor":8,"key":"Meat on the Bone"},{"floor":9,"key":"Letter Opener"},{"floor":10,"key":"Regal Pillow"},{"floor":26,"key":"Omamori"},{"floor":30,"key":"Dodecahedron"},{"floor":43,"key":"Orichalcum"}],"event_choices":[{"damage_healed":0,"gold_gain":75,"player_choice":"Gather Gold","damage_taken":11,"max_hp_gain":0,"max_hp_loss":0,"event_name":"World of Goop","floor":2,"gold_loss":0},{"damage_healed":0,"gold_gain":0,"player_choice":"Donut","damage_taken":0,"max_hp_gain":5,"max_hp_loss":0,"event_name":"Big Fish","floor":3,"gold_loss":0},{"damage_healed":0,"gold_gain":0,"player_choice":"Inject Mutagens","damage_taken":0,"relics_obtained":["MutagenicStrength"],"max_hp_gain":0,"max_hp_loss":0,"event_name":"Drug Dealer","floor":20,"gold_loss":0},{"damage_healed":0,"gold_gain":0,"player_choice":"Shed Blood","damage_taken":28,"max_hp_gain":5,"max_hp_loss":0,"event_name":"Forgotten Altar","floor":22,"gold_loss":0},{"damage_healed":0,"gold_gain":0,"player_choice":"Got Potions","damage_taken":0,"max_hp_gain":0,"max_hp_loss":0,"event_name":"Lab","floor":29,"gold_loss":0},{"damage_healed":0,"gold_gain":0,"player_choice":"Memory 3","damage_taken":10,"max_hp_gain":0,"max_hp_loss":0,"event_name":"SensoryStone","floor":37,"gold_loss":0},{"damage_healed":0,"gold_gain":0,"player_choice":"Upgraded","damage_taken":0,"max_hp_gain":0,"max_hp_loss":0,"event_name":"Upgrade Shrine","floor":38,"gold_loss":0,"cards_upgraded":["Footwork"]},{"damage_healed":0,"gold_gain":0,"player_choice":"Ignored","damage_taken":0,"max_hp_gain":0,"max_hp_loss":0,"event_name":"Mysterious Sphere","floor":45,"gold_loss":0}],"is_beta":true,"boss_relics":[{"not_picked":["Lizard Tail","Busted Crown"],"picked":"Astrolabe"},{"not_picked":["Snecko Eye","Coffee Dripper"],"picked":"Runic Pyramid"}],"items_purged_floors":[5,39],"is_endless":false,"potions_floor_spawned":[1,4,10,11,18,24,27,30,36,41,44],"ascension_level":18}