{"gold_per_floor":[113,113,132,132,132,132,172,172,198,198,219,219,232,248,248,373,373,373,373,47,47,47,47,47,47,47,47,47,47,47,47,47,47,47,47,47,47,47,47,47,47,47,47,47,47,47,47,47,47,47,47,47,47,47,47],"floor_reached":55,"playtime":4329,"items_purged":["Strike_G"],"score":915,"play_id":"a414a7c4-7c3d-43c5-bd67-a3ada6ae91f0","local_time":"20190304170543","is_ascension_mode":false,"campfire_choices":[{"data":"Concentrate","floor":6,"key":"SMITH"},{"data":"Skewer","floor":8,"key":"SMITH"},{"floor":10,"key":"REST"},{"data":"Acrobatics","floor":12,"key":"SMITH"},{"data":"Acrobatics","floor":15,"key":"SMITH"},{"data":"Malaise","floor":27,"key":"SMITH"},{"data":"Catalyst","floor":30,"key":"SMITH"},{"data":"Calculated Gamble","floor":32,"key":"SMITH"},{"data":"Tactician","floor":41,"key":"SMITH"},{"data":"Well Laid Plans","floor":47,"key":"SMITH"},{"floor":49,"key":"RECALL"},{"data":"Night Terror","floor":52,"key":"SMITH"}],"neow_cost":"NONE","seed_source_timestamp":399587156965498,"circlet_count":0,"master_deck":["Defend_G+1","Defend_G+1","Defend_G+1","Defend_G+1","Strike_G+1","Strike_G+1","Strike_G+1","Survivor","Neutralize","Reflex+1","Leg Sweep","Concentrate+1","Skewer+1","Acrobatics+1","Acrobatics+1","Escape Plan","Malaise+1","Deadly Poison+1","Well Laid Plans+1","Choke","Footwork","Calculated Gamble+1","Catalyst+1","Deadly Poison","Night Terror+1","PiercingWail","Tactician+1","Acrobatics","Masterful Stab","Catalyst+1","Tools of the Trade","Cloak And Dagger+1"],"relics":["Ring of the Serpent","Bloody Idol","Blood Vial","Bronze Scales","Ectoplasm","Enchiridion","PreservedInsect","Centennial Puzzle","Pear","Bag of Marbles","Darkstone Periapt","Vajra","Strawberry","Boot","Anchor"],"potions_floor_usage":[13,16,35,37,44,54,54,55,55],"damage_taken":[{"damage":0,"enemies":"2 Louse","floor":1,"turns":3},{"damage":0,"enemies":"Small Slimes","floor":3,"turns":3},{"damage":30,"enemies":"3 Sentries","floor":7,"turns":15},{"damage":0,"enemies":"Jaw Worm","floor":11,"turns":2},{"damage":0,"enemies":"Gremlin Gang","floor":13,"turns":4},{"damage":2,"enemies":"Large Slime","floor":14,"turns":5},{"damage":4,"enemies":"The Guardian","floor":16,"turns":14},{"damage":1,"enemies":"Chosen","floor":18,"turns":4},{"damage":0,"enemies":"Spheric Guardian","floor":22,"turns":1},{"damage":3,"enemies":"Book of Stabbing","floor":23,"turns":5},{"damage":0,"enemies":"Gremlin Leader","floor":25,"turns":5},{"damage":0,"enemies":"Centurion and Healer","floor":28,"turns":5},{"damage":0,"enemies":"Book of Stabbing","floor":29,"turns":4},{"damage":6,"enemies":"Champ","floor":33,"turns":8},{"damage":0,"enemies":"3 Shapes","floor":35,"turns":5},{"damage":0,"enemies":"Orb Walker","floor":36,"turns":4},{"damage":2,"enemies":"Transient","floor":37,"turns":5},{"damage":0,"enemies":"Maw","floor":39,"turns":6},{"damage":0,"enemies":"Giant Head","floor":40,"turns":4},{"damage":8,"enemies":"Spire Growth","floor":42,"turns":5},{"damage":0,"enemies":"Nemesis","floor":44,"turns":5},{"damage":0,"enemies":"4 Shapes","floor":45,"turns":5},{"damage":4,"enemies":"Writhing Mass","floor":46,"turns":6},{"damage":1,"enemies":"Giant Head","floor":48,"turns":5},{"damage":32,"enemies":"Awakened One","floor":50,"turns":10},{"damage":11,"enemies":"Shield and Spear","floor":54,"turns":5},{"damage":104,"enemies":"The Heart","floor":55,"turns":5}],"seed_played":"-7782365214748337108","potions_obtained":[{"floor":7,"key":"PowerPotion"},{"floor":11,"key":"Fire Potion"},{"floor":14,"key":"Swift Potion"},{"floor":16,"key":"EssenceOfSteel"},{"floor":25,"key":"Weak Potion"},{"floor":35,"key":"Ancient Potion"},{"floor":39,"key":"Block Potion"},{"floor":40,"key":"GhostInAJar"},{"floor":45,"key":"Fire Potion"},{"floor":54,"key":"GamblersBrew"}],"is_trial":false,"path_per_floor":["M","?","M","?","?","R","E","R","T","R","M","R","M","M","R","B",null,"M","?","$","?","M","E","?","E","T","R","M","E","R","?","R","B",null,"M","M","M","?","M","E","R","M","T","E","M","M","R","E","R","B",null,"R","$","E","B"],"character_chosen":"THE_SILENT","items_purchased":["Well Laid Plans","Choke","PreservedInsect"],"campfire_rested":1,"item_purchase_floors":[20,20,20],"current_hp_per_floor":[70,70,70,53,53,53,23,23,23,44,46,46,48,48,48,46,70,69,53,53,53,55,54,54,66,66,66,68,70,70,70,70,66,80,80,80,78,78,80,80,80,72,72,81,83,81,81,82,82,52,87,87,87,76,0],"gold":47,"neow_bonus":"TRANSFORM_CARD","is_prod":false,"is_daily":false,"chose_seed":false,"campfire_upgraded":10,"win_rate":0,"timestamp":1551719143,"path_taken":["M","?","M","?","?","R","E","R","T","R","?","R","?","M","R","BOSS","M","?","$","?","M","E","?","E","T","R","M","E","R","?","R","BOSS","M","M","M","?","M","E","R","M","T","E","M","M","R","E","R","BOSS","R","$","E","BOSS"],"build_version":"2019-02-06","purchased_purges":1,"victory":false,"max_hp_per_floor":[70,70,70,70,70,70,70,70,70,70,70,70,70,70,70,70,70,70,70,70,70,70,70,70,80,80,80,80,80,80,80,80,80,80,80,80,80,80,80,80,80,80,80,87,87,87,87,87,87,87,87,87,87,87,87],"card_choices":[{"not_picked":["Dagger Throw","Acrobatics"],"picked":"Leg Sweep","floor":1},{"not_picked":["Prepared","Dash"],"picked":"Concentrate","floor":3},{"not_picked":["Underhanded Strike","Endless Agony"],"picked":"Skewer","floor":7},{"not_picked":["Slice","Footwork"],"picked":"Acrobatics","floor":11},{"not_picked":["Sucker Punch","Outmaneuver"],"picked":"Acrobatics","floor":13},{"not_picked":["Prepared","Dash"],"picked":"Escape Plan","floor":14},{"not_picked":["Envenom","Glass Knife"],"picked":"Malaise","floor":16},{"not_picked":["Concentrate","Outmaneuver"],"picked":"Deadly Poison+1","floor":18},{"not_picked":["Noxious Fumes","Acrobatics+1"],"picked":"Footwork","floor":22},{"not_picked":["Dagger Spray","Acrobatics","Terror+1"],"picked":"SKIP","floor":23},{"not_picked":["Acrobatics","Dagger Throw","Flying Knee"],"picked":"SKIP","floor":25},{"not_picked":["Setup","Finisher"],"picked":"Calculated Gamble","floor":28},{"not_picked":["Unload","Prepared"],"picked":"Catalyst","floor":29},{"not_picked":["Die Die Die","Envenom"],"picked":"Night Terror","floor":33},{"not_picked":["Distraction","Infinite Blades+1"],"picked":"PiercingWail","floor":35},{"not_picked":["Deadly Poison","Bane"],"picked":"Tactician","floor":36},{"not_picked":["Reflex+1","Prepared"],"picked":"Acrobatics","floor":37},{"not_picked":["Cloak And Dagger","Sucker Punch+1","Flying Knee+1"],"picked":"SKIP","floor":39},{"not_picked":["Sucker Punch","Bouncing Flask"],"picked":"Catalyst+1","floor":40},{"not_picked":["Concentrate+1","Backflip+1"],"picked":"Tools of the Trade","floor":42},{"not_picked":["Deadly Poison","Sucker Punch+1","Catalyst"],"picked":"SKIP","floor":44},{"not_picked":["Deadly Poison","Sucker Punch+1","Catalyst"],"picked":"SKIP","floor":44},{"not_picked":["Underhanded Strike+1","Backstab","Finisher"],"picked":"SKIP","floor":45},{"not_picked":["Leg Sweep","All Out Attack"],"picked":"Cloak And Dagger+1","floor":46},{"not_picked":["Reflex","All Out Attack+1","Caltrops"],"picked":"SKIP","floor":48},{"not_picked":["Slice+1","Dagger Spray+1","Heel Hook"],"picked":"SKIP","floor":54}],"player_experience":1001950,"relics_obtained":[{"floor":7,"key":"Blood Vial"},{"floor":9,"key":"Bronze Scales"},{"floor":19,"key":"Enchiridion"},{"floor":23,"key":"Centennial Puzzle"},{"floor":25,"key":"Pear"},{"floor":29,"key":"Bag of Marbles"},{"floor":40,"key":"Darkstone Periapt"},{"floor":43,"key":"Vajra"},{"floor":44,"key":"Strawberry"},{"floor":48,"key":"Boot"},{"floor":54,"key":"Anchor"}],"event_choices":[{"damage_healed":0,"gold_gain":0,"player_choice":"Ignored","damage_taken":0,"max_hp_gain":0,"max_hp_loss":0,"event_name":"Liars Game","floor":2,"gold_loss":0},{"damage_healed":0,"gold_gain":0,"player_choice":"Take Damage","damage_taken":17,"relics_obtained":["Golden Idol"],"max_hp_gain":0,"max_hp_loss":0,"event_name":"Golden Idol","floor":4,"gold_loss":0},{"damage_healed":0,"gold_gain":0,"player_choice":"Grow","damage_taken":0,"max_hp_gain":0,"max_hp_loss":0,"event_name":"Living Wall","floor":5,"gold_loss":0,"cards_upgraded":["Reflex"]},{"damage_healed":0,"gold_gain":0,"player_choice":"Obtained Book","damage_taken":16,"max_hp_gain":0,"max_hp_loss":0,"event_name":"Cursed Tome","floor":19,"gold_loss":0},{"damage_healed":0,"gold_gain":0,"player_choice":"Simplicity","damage_taken":0,"max_hp_gain":0,"max_hp_loss":0,"event_name":"Back to Basics","floor":21,"gold_loss":0,"cards_upgraded":["Defend_G","Defend_G","Defend_G","Defend_G","Strike_G","Strike_G","Strike_G","Strike_G"]},{"damage_healed":0,"gold_gain":0,"player_choice":"Gave Idol","damage_taken":0,"relics_obtained":["Bloody Idol"],"max_hp_gain":0,"max_hp_loss":0,"event_name":"Forgotten Altar","floor":24,"relics_lost":["Golden Idol"],"gold_loss":0},{"damage_healed":0,"gold_gain":0,"player_choice":"Read","damage_taken":0,"max_hp_gain":0,"max_hp_loss":0,"event_name":"The Library","floor":31,"gold_loss":0,"cards_obtained":["Deadly Poison"]},{"damage_healed":0,"gold_gain":0,"cards_transformed":["Strike_G"],"player_choice":"Transformed","damage_taken":0,"max_hp_gain":0,"max_hp_loss":0,"event_name":"Transmorgrifier","floor":38,"gold_loss":0,"cards_obtained":["Masterful Stab"]}],"is_beta":true,"boss_relics":[{"not_picked":["Snecko Eye","WristBlade"],"picked":"Ectoplasm"},{"not_picked":["Runic Pyramid","Cursed Key"],"picked":"Ring of the Serpent"}],"items_purged_floors":[20],"is_endless":false,"potions_floor_spawned":[7,11,14,16,25,28,29,35,39,40,45,54],"killed_by":"The Heart","ascension_level":0}