{"gold_per_floor":[117,117,117,131,12,12,46,66,66,77,77,92,92,117,117,222,222,232,244,255,3,3,3,17,42,66,66,81,43,43,43,43,140,140,154,165,178,197,39,64,64,64],"floor_reached":42,"playtime":1598,"items_purged":["Strike_R","Strike_R"],"score":689,"play_id":"fe334799-e09e-4ab5-9f41-bc89cf75e22a","local_time":"20190110142814","is_ascension_mode":true,"campfire_choices":[{"data":"Inflame","floor":6.0,"key":"SMITH"},{"data":"Armaments","floor":13.0,"key":"SMITH"},{"data":"Berserk","floor":15.0,"key":"SMITH"},{"floor":23.0,"key":"REST"},{"floor":27.0,"key":"REST"},{"data":"Inflame","floor":32.0,"key":"SMITH"},{"data":"Juggernaut","floor":41.0,"key":"SMITH"}],"neow_cost":"NONE","seed_source_timestamp":7635436800431,"circlet_count":0,"master_deck":["Strike_R","Defend_R","Defend_R","Defend_R","Defend_R","Bash+1","Twin Strike","Clothesline","Inflame+1","Shrug It Off","Uppercut","Armaments+1","Pummel","Immolate","Berserk+1","Disarm","Feed+1","Inflame+1","Shrug It Off","Necronomicurse","Reaper","Juggernaut+1","Disarm","Flame Barrier"],"special_seed":0,"relics":["Burning Blood","Boot","Darkstone Periapt","Sundial","Sozu","Membership Card","Necronomicon","Centennial Puzzle","Blood Vial","Potion Belt","Orrery","Whetstone","Torii"],"potions_floor_usage":[42,42],"damage_taken":[{"damage":0.0,"enemies":"Small Slimes","floor":1.0,"turns":3.0},{"damage":0.0,"enemies":"2 Louse","floor":4.0,"turns":2.0},{"damage":18.0,"enemies":"Gremlin Nob","floor":7.0,"turns":4.0},{"damage":7.0,"enemies":"Cultist","floor":8.0,"turns":4.0},{"damage":6.0,"enemies":"Looter","floor":10.0,"turns":3.0},{"damage":13.0,"enemies":"Lots of Slimes","floor":12.0,"turns":3.0},{"damage":10.0,"enemies":"3 Sentries","floor":14.0,"turns":4.0},{"damage":46.0,"enemies":"The Guardian","floor":16.0,"turns":10.0},{"damage":19.0,"enemies":"3 Byrds","floor":18.0,"turns":4.0},{"damage":23.0,"enemies":"2 Thieves","floor":19.0,"turns":5.0},{"damage":13.0,"enemies":"Centurion and Healer","floor":20.0,"turns":7.0},{"damage":7.0,"enemies":"Chosen and Byrds","floor":24.0,"turns":4.0},{"damage":24.0,"enemies":"Book of Stabbing","floor":25.0,"turns":6.0},{"damage":15.0,"enemies":"Shelled Parasite and Fungi","floor":28.0,"turns":6.0},{"damage":12.0,"enemies":"Automaton","floor":33.0,"turns":6.0},{"damage":36.0,"enemies":"3 Darklings","floor":35.0,"turns":6.0},{"damage":24.0,"enemies":"Orb Walker","floor":36.0,"turns":4.0},{"damage":30.0,"enemies":"Transient","floor":37.0,"turns":5.0},{"damage":28.0,"enemies":"3 Darklings","floor":38.0,"turns":4.0},{"damage":19.0,"enemies":"Reptomancer","floor":40.0,"turns":6.0},{"damage":65,"enemies":"Giant Head","floor":42,"turns":7}],"seed_played":"-416056155877137923","potions_obtained":[{"floor":0.0,"key":"Strength Potion"},{"floor":0.0,"key":"Weak Potion"},{"floor":0.0,"key":"SteroidPotion"}],"is_trial":false,"path_per_floor":["M","?","?","M","$","R","E","M","T","M","?","M","R","E","R","B",null,"M","M","M","$","?","R","M","E","T","R","M","$","?","?","R","B",null,"M","M","M","M","$","E","R","E"],"character_chosen":"IRONCLAD","items_purchased":["Inflame","Shrug It Off","Membership Card","Inflame","Shrug It Off","Flame Barrier","Whetstone"],"campfire_rested":2,"item_purchase_floors":[5,5,21,21,21,39,39],"current_hp_per_floor":[78,71,71,77,77,77,65,64,64,64,64,57,57,53,53,13,63,53,40,37,37,27,56,58,40,40,70,66,66,66,66,66,82,98,70,58,66,63,63,63,63,0],"gold":64,"neow_bonus":"THREE_SMALL_POTIONS","is_prod":false,"is_daily":false,"chose_seed":false,"campfire_upgraded":5,"win_rate":0,"timestamp":1547119694,"path_taken":["M","?","?","?","$","R","E","M","T","M","?","?","R","E","R","BOSS","M","?","M","$","?","R","M","E","T","R","M","?","?","?","R","BOSS","M","M","?","M","$","E","R","E"],"build_version":"2019-01-03v4","purchased_purges":2,"victory":false,"max_hp_per_floor":[80,80,80,80,80,80,80,80,80,80,80,80,80,80,80,80,80,83,87,91,91,97,97,100,100,100,100,103,103,103,103,103,103,103,103,103,103,106,106,106,106,106],"card_choices":[{"not_picked":["Perfected Strike","Heavy Blade"],"picked":"Twin Strike","floor":1.0},{"not_picked":["Body Slam","Headbutt"],"picked":"Clothesline","floor":4.0},{"not_picked":["Flex","Heavy Blade"],"picked":"Uppercut","floor":7.0},{"not_picked":["Headbutt","Battle Trance"],"picked":"Armaments","floor":8.0},{"not_picked":["Carnage","Combust"],"picked":"Pummel","floor":10.0},{"not_picked":["Thunderclap","Whirlwind"],"picked":"Berserk","floor":12.0},{"not_picked":["Infernal Blade","Second Wind"],"picked":"Disarm","floor":14.0},{"not_picked":["Impervious","Juggernaut"],"picked":"Feed","floor":16.0},{"not_picked":["Headbutt","Twin Strike+1","Heavy Blade"],"picked":"SKIP","floor":18.0},{"not_picked":["Rage+1","Iron Wave","Flex"],"picked":"SKIP","floor":19.0},{"not_picked":["Second Wind","Cleave","Carnage"],"picked":"SKIP","floor":20.0},{"not_picked":["Twin Strike+1","Headbutt+1","Armaments"],"picked":"SKIP","floor":24.0},{"not_picked":["Corruption","Sword Boomerang","Hemokinesis"],"picked":"SKIP","floor":25.0},{"not_picked":["Perfected Strike","Sentinel"],"picked":"Reaper","floor":28.0},{"not_picked":["Barricade","Dark Embrace"],"picked":"Juggernaut","floor":33.0},{"not_picked":["Wild Strike","Clothesline+1"],"picked":"Disarm","floor":34.0},{"not_picked":["True Grit","Anger","Heavy Blade+1"],"picked":"SKIP","floor":35.0},{"not_picked":["Headbutt+1","Shrug It Off+1","Armaments"],"picked":"SKIP","floor":36.0},{"not_picked":["Armaments+1","Immolate","Cleave"],"picked":"SKIP","floor":37.0},{"not_picked":["Evolve","Dual Wield","Thunderclap"],"picked":"SKIP","floor":38.0},{"not_picked":["Sword Boomerang","Perfected Strike","Clash"],"picked":"SKIP","floor":40.0}],"player_experience":672373,"relics_obtained":[{"floor":7.0,"key":"Boot"},{"floor":9.0,"key":"Darkstone Periapt"},{"floor":14.0,"key":"Sundial"},{"floor":22.0,"key":"Necronomicon"},{"floor":25.0,"key":"Centennial Puzzle"},{"floor":26.0,"key":"Blood Vial"},{"floor":40.0,"key":"Torii"}],"event_choices":[{"cards_removed":["Strike_R"],"damage_healed":0.0,"max_hp_gain":0.0,"max_hp_loss":0.0,"gold_gain":0.0,"event_name":"Golden Wing","player_choice":"Card Removal","floor":2.0,"gold_loss":0.0,"damage_taken":7.0},{"cards_removed":["Strike_R"],"damage_healed":0.0,"max_hp_gain":0.0,"max_hp_loss":0.0,"gold_gain":0.0,"event_name":"Purifier","player_choice":"Purged","floor":3.0,"gold_loss":0.0,"damage_taken":0.0},{"damage_healed":0.0,"max_hp_gain":0.0,"max_hp_loss":0.0,"gold_gain":0.0,"event_name":"Match and Keep!","player_choice":"1 cards matched","floor":11.0,"gold_loss":0.0,"damage_taken":0.0,"cards_obtained":["Immolate"]},{"damage_healed":0.0,"max_hp_gain":0.0,"max_hp_loss":0.0,"gold_gain":0.0,"event_name":"Cursed Tome","player_choice":"Obtained Book","floor":22.0,"gold_loss":0.0,"damage_taken":16.0},{"damage_healed":0.0,"max_hp_gain":0.0,"max_hp_loss":0.0,"gold_gain":0.0,"event_name":"The Mausoleum","player_choice":"Opened","floor":30.0,"gold_loss":0.0,"damage_taken":0.0,"relics_obtained":["Potion Belt"]},{"damage_healed":0.0,"max_hp_gain":0.0,"max_hp_loss":0.0,"gold_gain":0.0,"event_name":"Lab","player_choice":"Got Potions","floor":31.0,"gold_loss":0.0,"damage_taken":0.0}],"is_beta":false,"boss_relics":[{"not_picked":["Lizard Tail","White Beast Statue"],"picked":"Sozu"},{"not_picked":["Pandora\u0027s Box","Tiny House"],"picked":"Orrery"}],"items_purged_floors":[29,39],"is_endless":false,"potions_floor_spawned":[7,8,14,16,18,24,25,28,36,37],"killed_by":"Giant Head","ascension_level":9}