{"gold_per_floor":[112,112,130,11,25,25,25,56,56,75,86,86,56],"floor_reached":13,"playtime":714,"items_purged":[],"score":85,"play_id":"1802e30a-6bf5-4ed4-a7f7-75abf8f6c7dd","local_time":"20180724110818","is_ascension_mode":false,"campfire_choices":[{"data":"Backflip","floor":6,"key":"SMITH"}],"neow_cost":"TEN_PERCENT_HP_LOSS","seed_source_timestamp":8604601790162,"circlet_count":0,"master_deck":["Defend_G","Defend_G","Defend_G","Defend_G","Defend_G","Strike_G","Strike_G","Strike_G","Strike_G","Strike_G","Survivor","Neutralize","Burst","Deadly Poison+1","Deadly Poison","Riddle With Holes","Outmaneuver","Backflip+1","Bane","All Out Attack","Reflex","Injury"],"relics":["Ring of the Snake","Frozen Egg 2","Bag of Marbles","Smiling Mask","Golden Idol"],"potions_floor_usage":[8,11],"damage_taken":[{"damage":9,"enemies":"Cultist","floor":1,"turns":5},{"damage":2,"enemies":"Jaw Worm","floor":3,"turns":3},{"damage":10,"enemies":"Small Slimes","floor":5,"turns":3},{"damage":24,"enemies":"Gremlin Nob","floor":8,"turns":4},{"damage":10,"enemies":"Exordium Wildlife","floor":10,"turns":4},{"damage":7,"enemies":"Exordium Thugs","floor":11,"turns":5},{"damage":10,"enemies":"Looter","floor":13,"turns":2}],"seed_played":"-216302178287558986","potions_obtained":[{"floor":3,"key":"Weak Potion"},{"floor":8,"key":"FearPotion"}],"is_trial":false,"path_per_floor":["M","?","M","$","M","R","?","E","T","M","M","?"],"character_chosen":"THE_SILENT","items_purchased":["Riddle With Holes","Outmaneuver"],"campfire_rested":0,"item_purchase_floors":[4,4],"current_hp_per_floor":[54,54,52,52,42,42,42,18,18,8,1,1,0],"gold":56,"neow_bonus":"THREE_RARE_CARDS","is_prod":false,"is_daily":false,"chose_seed":false,"campfire_upgraded":1,"win_rate":0.0,"timestamp":1532426898,"path_taken":["M","?","M","$","M","R","?","E","T","?","M","?","?"],"build_version":"2018-07-19v2","purchased_purges":0,"victory":false,"max_hp_per_floor":[63,63,63,63,63,63,63,63,63,63,63,63,63],"card_choices":[{"not_picked":["Unload","Glass Knife"],"picked":"Burst","floor":0},{"not_picked":["Dagger Spray","Skewer"],"picked":"Deadly Poison","floor":1},{"not_picked":["Sucker Punch","PiercingWail"],"picked":"Deadly Poison","floor":3},{"not_picked":["Blade Dance","Dagger Spray"],"picked":"Backflip","floor":5},{"not_picked":["Burst","Blade Dance"],"picked":"Bane","floor":8},{"not_picked":["Slice","Dagger Spray"],"picked":"All Out Attack","floor":10},{"not_picked":["Quick Slash","Footwork+1"],"picked":"Reflex","floor":11}],"player_experience":48777,"relics_obtained":[{"floor":8,"key":"Bag of Marbles"},{"floor":9,"key":"Smiling Mask"}],"event_choices":[{"event_name":"Upgrade Shrine","player_choice":"Upgraded","floor":2,"damage_taken":0},{"event_name":"Dead Adventurer","player_choice":"Searched \u00272\u0027 times","floor":7,"damage_taken":0},{"event_name":"Golden Idol","player_choice":"Take Wound","floor":12,"damage_taken":0}],"is_beta":false,"boss_relics":[],"items_purged_floors":[],"is_endless":false,"potions_floor_spawned":[3,8],"killed_by":"Looter","ascension_level":0}