{"gold_per_floor":[112,6,6,27,48,48,48,48,48,48,68,86,86,100,100,195,195,216,239,164,164,185,185],"floor_reached":23,"playtime":896,"items_purged":["Strike_B"],"score":320,"play_id":"517dab9f-446f-421a-ae42-959188eca4bd","local_time":"20180830001652","is_ascension_mode":true,"campfire_choices":[{"data":"Zap","floor":6.0,"key":"SMITH"},{"data":"Glacier","floor":8.0,"key":"SMITH"},{"data":"Capacitor","floor":15.0,"key":"SMITH"}],"neow_cost":"","seed_source_timestamp":31488259187005,"circlet_count":0,"master_deck":["Strike_B","Strike_B","Strike_B","Defend_B","Defend_B","Defend_B","Defend_B","Zap+1","Dualcast","AscendersBane","Steam","Leap","Rip and Tear","Capacitor+1","Glacier+1","BootSequence","Coolheaded","Core Surge","Melter+1","Ball Lightning"],"special_seed":0,"relics":["Cracked Core","Golden Idol","Symbiotic Virus","Bottled Flame","Fusion Hammer"],"potions_floor_usage":[23,23],"damage_taken":[{"damage":2.0,"enemies":"Jaw Worm","floor":1.0,"turns":3.0},{"damage":4.0,"enemies":"Small Slimes","floor":4.0,"turns":3.0},{"damage":5.0,"enemies":"Cultist","floor":5.0,"turns":4.0},{"damage":0.0,"enemies":"Blue Slaver","floor":11.0,"turns":3.0},{"damage":7.0,"enemies":"Large Slime","floor":12.0,"turns":6.0},{"damage":0.0,"enemies":"2 Fungi Beasts","floor":14.0,"turns":3.0},{"damage":42.0,"enemies":"Hexaghost","floor":16.0,"turns":12.0},{"damage":6,"enemies":"3 Byrds","floor":18,"turns":6},{"damage":0,"enemies":"Spheric Guardian","floor":19,"turns":2},{"damage":1,"enemies":"Cultist and Chosen","floor":22,"turns":6},{"damage":47,"enemies":"Slavers","floor":23,"turns":5}],"seed_played":"7584697450355714394","potions_obtained":[{"floor":4.0,"key":"Strength Potion"},{"floor":11.0,"key":"Swift Potion"},{"floor":22,"key":"Fruit Juice"}],"is_trial":false,"path_per_floor":["M","$","?","M","M","R","?","R","T","?","M","M","?","M","R","B",null,"M","M","$","?","M"],"character_chosen":"DEFECT","items_purchased":["Leap","Rip and Tear"],"campfire_rested":0,"item_purchase_floors":[2,2],"current_hp_per_floor":[62,62,62,58,53,53,53,53,53,53,53,46,46,46,46,4,49,43,43,43,43,42,0],"gold":185,"neow_bonus":"","is_prod":false,"is_daily":false,"chose_seed":false,"campfire_upgraded":3,"win_rate":0,"timestamp":1535577412,"path_taken":["M","$","?","M","M","R","?","R","T","?","M","?","?","M","R","BOSS","M","M","$","?","M","E"],"build_version":"2018-08-23v2","purchased_purges":1,"victory":false,"max_hp_per_floor":[71,71,64,64,64,64,64,64,64,64,64,64,64,64,64,64,64,64,64,64,64,64,69],"card_choices":[{"not_picked":["Redo","Beam Cell"],"picked":"Steam","floor":1.0},{"not_picked":["Turbo","Static Discharge"],"picked":"Capacitor","floor":4.0},{"not_picked":["Leap","Coolheaded"],"picked":"Glacier","floor":5.0},{"not_picked":["Coolheaded","Leap","Redo"],"picked":"SKIP","floor":11.0},{"not_picked":["Streamline","Conserve Battery"],"picked":"BootSequence","floor":12.0},{"not_picked":["Rip and Tear","BootSequence"],"picked":"Coolheaded","floor":14.0},{"not_picked":["Fission","Meteor Strike"],"picked":"Core Surge","floor":16.0},{"not_picked":["Coolheaded","Steam"],"picked":"Melter+1","floor":18},{"not_picked":["Beam Cell+1","Rebound+1","Conserve Battery"],"picked":"SKIP","floor":19},{"not_picked":["Cold Snap","Conserve Battery","Coolheaded"],"picked":"SKIP","floor":22}],"player_experience":448835,"relics_obtained":[{"floor":9.0,"key":"Bottled Flame"}],"event_choices":[{"event_name":"Golden Idol","player_choice":"Lose Max HP","floor":3.0,"damage_taken":0.0},{"event_name":"Accursed Blacksmith","player_choice":"Rummage","floor":7.0,"damage_taken":0.0},{"event_name":"Liars Game","player_choice":"disagreed","floor":10.0,"damage_taken":0.0},{"event_name":"Scrap Ooze","player_choice":"unsuccessful","floor":13.0,"damage_taken":0.0},{"event_name":"The Library","player_choice":"Read","floor":21,"damage_taken":0}],"is_beta":false,"boss_relics":[{"not_picked":["Calling Bell","Runic Dome"],"picked":"Fusion Hammer"}],"items_purged_floors":[20],"is_endless":false,"potions_floor_spawned":[4,11,16,22],"killed_by":"Slavers","ascension_level":15}