{"gold_per_floor":[209,209,229,240,1,1,18,18,64,122,133,58,58,58,58,153,153,170,184,459,31,43,43,63,8,58,71,71,71,71,82,82,178,178,193,205,205,222,222,222,30,30,53,70,85,85,85,100,100,100],"floor_reached":50,"playtime":1582,"items_purged":["Strike_R","Strike_R","Defend_R"],"score":719,"play_id":"d9586bb1-8d30-4d60-949f-2d9676e79a11","local_time":"20181215180829","is_ascension_mode":true,"campfire_choices":[{"data":"Armaments","floor":6.0,"key":"SMITH"},{"floor":8.0,"key":"REST"},{"data":"Shrug It Off","floor":13.0,"key":"SMITH"},{"floor":15.0,"key":"REST"},{"data":"Body Slam","floor":23.0,"key":"SMITH"},{"floor":32,"key":"REST"},{"floor":40,"key":"REST"},{"floor":42,"key":"REST"},{"floor":49,"key":"REST"}],"neow_cost":"NONE","seed_source_timestamp":21337607304626,"circlet_count":0,"master_deck":["AscendersBane","Strike_R","Strike_R","Strike_R","Defend_R","Defend_R","Defend_R","Bash","Armaments+1","True Grit","Spot Weakness","Sword Boomerang","Shrug It Off+1","Immolate","Pommel Strike","Inflame","Flame Barrier","Body Slam+1","Disarm","Reaper","Feel No Pain","Blind"],"special_seed":0,"relics":["Burning Blood","Lantern","Gremlin Horn","Omamori","Oddly Smooth Stone","Sozu","Pantograph","Bag of Marbles","Art of War","Fusion Hammer","Strawberry"],"potions_floor_usage":[50,50],"damage_taken":[{"damage":6.0,"enemies":"Jaw Worm","floor":1.0,"turns":5.0},{"damage":4.0,"enemies":"2 Louse","floor":3.0,"turns":4.0},{"damage":11.0,"enemies":"Cultist","floor":4.0,"turns":4.0},{"damage":35.0,"enemies":"Exordium Thugs","floor":7.0,"turns":5.0},{"damage":24.0,"enemies":"Lagavulin Event","floor":10.0,"turns":5.0},{"damage":0.0,"enemies":"Red Slaver","floor":11.0,"turns":4.0},{"damage":47.0,"enemies":"The Guardian","floor":16.0,"turns":11.0},{"damage":21.0,"enemies":"Spheric Guardian","floor":18.0,"turns":5.0},{"damage":0.0,"enemies":"Chosen","floor":19.0,"turns":3.0},{"damage":0.0,"enemies":"Centurion and Healer","floor":22.0,"turns":7.0},{"damage":10.0,"enemies":"Cultist and Chosen","floor":24.0,"turns":5.0},{"damage":21.0,"enemies":"Snecko","floor":27.0,"turns":4.0},{"damage":16,"enemies":"Sentry and Sphere","floor":31,"turns":6},{"damage":58,"enemies":"Champ","floor":33,"turns":11},{"damage":18,"enemies":"Orb Walker","floor":35,"turns":4},{"damage":28,"enemies":"3 Darklings","floor":36,"turns":3},{"damage":10,"enemies":"Writhing Mass","floor":38,"turns":6},{"damage":27,"enemies":"4 Shapes","floor":44,"turns":7},{"damage":32,"enemies":"Transient","floor":45,"turns":5},{"damage":6,"enemies":"Writhing Mass","floor":48,"turns":8},{"damage":127,"enemies":"Donu and Deca","floor":50,"turns":7}],"seed_played":"6410890452400701105","potions_obtained":[{"floor":3.0,"key":"Block Potion"},{"floor":7.0,"key":"LiquidBronze"},{"floor":10.0,"key":"LiquidBronze"}],"is_trial":false,"path_per_floor":["M","?","M","M","$","R","M","R","T","?","M","$","R","$","R","B",null,"M","M","?","$","M","R","M","?","T","M","?","?","?","M","R","B",null,"M","M","?","M","?","R","$","R","T","M","M","?","?","M","R","B"],"character_chosen":"IRONCLAD","items_purchased":["Gremlin Horn","Pantograph","Flame Barrier","Feel No Pain"],"campfire_rested":6,"item_purchase_floors":[5,21,21,41],"current_hp_per_floor":[72,60,62,57,57,57,28,52,52,34,40,40,40,40,64,23,66,51,57,57,57,63,63,59,59,59,44,44,29,29,19,44,17,68,56,56,48,44,44,69,69,85,92,71,54,54,54,64,91,0],"gold":100,"neow_bonus":"HUNDRED_GOLD","is_prod":false,"is_daily":false,"chose_seed":false,"campfire_upgraded":3,"win_rate":0,"timestamp":1544886509,"path_taken":["M","?","M","M","?","R","M","R","T","?","M","$","R","$","R","BOSS","M","M","?","$","?","R","M","?","T","?","?","?","?","M","R","BOSS","M","M","?","?","?","R","$","R","T","M","?","?","?","M","R","BOSS"],"build_version":"2018-12-13","purchased_purges":3,"victory":false,"max_hp_per_floor":[80,80,80,80,80,80,80,80,80,80,80,80,80,80,80,80,80,80,80,80,80,80,80,80,80,80,80,80,85,85,85,85,85,85,85,85,85,85,85,85,85,85,92,92,92,92,92,92,92,92],"card_choices":[{"not_picked":["Havoc","Heavy Blade"],"picked":"Armaments","floor":1.0},{"not_picked":["Thunderclap","Burning Pact"],"picked":"True Grit","floor":3.0},{"not_picked":["Shrug It Off","Wild Strike"],"picked":"Spot Weakness","floor":4.0},{"not_picked":["True Grit","Wild Strike"],"picked":"Sword Boomerang","floor":7.0},{"not_picked":["Body Slam","Second Wind"],"picked":"Shrug It Off","floor":10.0},{"not_picked":["Anger","Carnage","Fiend Fire"],"picked":"SKIP","floor":11.0},{"not_picked":["Brutality","Barricade"],"picked":"Immolate","floor":16.0},{"not_picked":["Shrug It Off","Warcry"],"picked":"Pommel Strike","floor":18.0},{"not_picked":["Twin Strike","Perfected Strike"],"picked":"Inflame","floor":19.0},{"not_picked":["Rage","Berserk"],"picked":"Body Slam","floor":22.0},{"not_picked":["Clash","Rampage","Rage"],"picked":"SKIP","floor":24.0},{"not_picked":["Heavy Blade","Burning Pact"],"picked":"Disarm","floor":27.0},{"not_picked":["Heavy Blade","Thunderclap","Flex"],"picked":"SKIP","floor":31},{"not_picked":["Barricade","Juggernaut"],"picked":"Reaper","floor":33},{"not_picked":["Perfected Strike","Infernal Blade","Sentinel"],"picked":"SKIP","floor":35},{"not_picked":["Rupture","Bloodletting","Cleave"],"picked":"SKIP","floor":36},{"not_picked":["Carnage","Pommel Strike","Cleave"],"picked":"SKIP","floor":38},{"not_picked":["Rupture+1","Headbutt+1","Blood for Blood"],"picked":"SKIP","floor":44},{"not_picked":["Reckless Charge+1","Flex","Iron Wave"],"picked":"SKIP","floor":45},{"not_picked":["Deep Breath","Enlightenment"],"picked":"Blind","floor":46},{"not_picked":["Berserk","Havoc+1","Shrug It Off"],"picked":"SKIP","floor":48}],"player_experience":585892,"relics_obtained":[{"floor":9.0,"key":"Omamori"},{"floor":10.0,"key":"Oddly Smooth Stone"},{"floor":26.0,"key":"Art of War"},{"floor":43,"key":"Strawberry"}],"event_choices":[{"damage_healed":0.0,"max_hp_gain":0.0,"max_hp_loss":0.0,"gold_gain":0.0,"event_name":"Scrap Ooze","player_choice":"Success","floor":2.0,"gold_loss":0.0,"damage_taken":12.0,"relics_obtained":["Lantern"]},{"damage_healed":0.0,"max_hp_gain":0.0,"max_hp_loss":0.0,"gold_gain":0.0,"event_name":"Dead Adventurer","player_choice":"Searched \u00271\u0027 times","floor":10.0,"gold_loss":0.0,"damage_taken":0.0},{"damage_healed":0.0,"max_hp_gain":0.0,"max_hp_loss":0.0,"gold_gain":275.0,"event_name":"Golden Shrine","player_choice":"Desecrate","floor":20.0,"gold_loss":0.0,"damage_taken":0.0,"cards_obtained":["Regret"]},{"damage_healed":0.0,"max_hp_gain":0.0,"max_hp_loss":0.0,"gold_gain":0.0,"event_name":"WeMeetAgain","player_choice":"Paid Gold","floor":25.0,"gold_loss":55.0,"damage_taken":0.0,"relics_obtained":["Bag of Marbles"]},{"damage_healed":0.0,"max_hp_gain":0.0,"max_hp_loss":0.0,"gold_gain":0.0,"event_name":"Ghosts","player_choice":"Ignored","floor":28.0,"gold_loss":0.0,"damage_taken":0.0},{"damage_healed":0.0,"max_hp_gain":5.0,"max_hp_loss":0.0,"gold_gain":0.0,"event_name":"Forgotten Altar","player_choice":"Shed Blood","floor":29.0,"gold_loss":0.0,"damage_taken":20.0},{"damage_healed":0.0,"max_hp_gain":0.0,"max_hp_loss":0.0,"gold_gain":0.0,"event_name":"Vampires","player_choice":"Ignored","floor":30.0,"gold_loss":0.0,"damage_taken":0.0},{"damage_healed":0,"gold_gain":0,"player_choice":"Damaged","damage_taken":8,"max_hp_gain":0,"max_hp_loss":0,"event_name":"Wheel of Change","floor":37,"gold_loss":0},{"damage_healed":0,"gold_gain":0,"player_choice":"Ignored","damage_taken":0,"max_hp_gain":0,"max_hp_loss":0,"event_name":"SecretPortal","floor":39,"gold_loss":0},{"damage_healed":0,"gold_gain":0,"player_choice":"Memory 1","damage_taken":0,"max_hp_gain":0,"max_hp_loss":0,"event_name":"SensoryStone","floor":46,"gold_loss":0},{"damage_healed":0,"gold_gain":0,"player_choice":"Ignored","damage_taken":0,"max_hp_gain":0,"max_hp_loss":0,"event_name":"Mysterious Sphere","floor":47,"gold_loss":0}],"is_beta":false,"boss_relics":[{"not_picked":["Ectoplasm","Black Star"],"picked":"Sozu"},{"not_picked":["Coffee Dripper","White Beast Statue"],"picked":"Fusion Hammer"}],"items_purged_floors":[12,21,41],"is_endless":false,"potions_floor_spawned":[3,7,10,16,22,27,31,35,45,48],"killed_by":"Donu and Deca","ascension_level":12}