{"gold_per_floor":[113,29,42,7,7,7,22,37,37,63,63,75,75,93,93,169,219,237,253,284,284,303,303,303,3,29,47,62,96,96,121,121,121],"floor_reached":33,"playtime":2809,"items_purged":[],"score":517,"play_id":"9df589a5-0382-4d6c-bc3b-6c06ea78c890","local_time":"20190807223112","is_ascension_mode":true,"campfire_choices":[{"data":"Dagger Spray","floor":6,"key":"SMITH"},{"data":"Footwork","floor":11,"key":"SMITH"},{"data":"Predator","floor":13,"key":"SMITH"},{"data":"Flying Knee","floor":15,"key":"SMITH"},{"floor":23,"key":"REST"},{"floor":30,"key":"REST"},{"floor":32,"key":"REST"}],"neow_cost":"NONE","seed_source_timestamp":46216337181053,"circlet_count":0,"master_deck":["AscendersBane","Strike_G","Strike_G","Strike_G","Defend_G","Defend_G","Defend_G","Defend_G","Defend_G","Survivor","Neutralize+1","Deflect+1","Footwork+1","Dagger Spray+1","Flying Knee+1","Leg Sweep","Predator+1","Malaise","PiercingWail","Dodge and Roll","Caltrops","Flying Knee+1","Dagger Throw","Well Laid Plans","Caltrops","RitualDagger","Backstab","Blur+1","Cloak And Dagger+1"],"relics":["Ring of the Snake","Ancient Tea Set","Matryoshka","Tiny House","Red Mask","Chemical X","Orichalcum","Blood Vial","Dodecahedron","Juzu Bracelet"],"potions_floor_usage":[10,10,20,20,29,29],"damage_taken":[{"damage":3,"enemies":"Small Slimes","floor":1,"turns":3},{"damage":0,"enemies":"Jaw Worm","floor":3,"turns":7},{"damage":0,"enemies":"2 Louse","floor":7,"turns":1},{"damage":2,"enemies":"Blue Slaver","floor":8,"turns":4},{"damage":31,"enemies":"Gremlin Nob","floor":10,"turns":6},{"damage":0,"enemies":"Large Slime","floor":12,"turns":7},{"damage":0,"enemies":"Lots of Slimes","floor":14,"turns":1},{"damage":12,"enemies":"The Guardian","floor":16,"turns":20},{"damage":10,"enemies":"Spheric Guardian","floor":18,"turns":6},{"damage":13,"enemies":"Shell Parasite","floor":19,"turns":12},{"damage":25,"enemies":"Masked Bandits","floor":20,"turns":4},{"damage":4,"enemies":"Chosen and Byrds","floor":22,"turns":9},{"damage":6,"enemies":"Centurion and Healer","floor":27,"turns":10},{"damage":16,"enemies":"Snake Plant","floor":28,"turns":6},{"damage":5,"enemies":"Gremlin Leader","floor":29,"turns":11},{"damage":6,"enemies":"Book of Stabbing","floor":31,"turns":6},{"damage":58,"enemies":"Collector","floor":33,"turns":7}],"seed_played":"-3272648043913656586","potions_obtained":[{"floor":3,"key":"SkillPotion"},{"floor":8,"key":"PowerPotion"},{"floor":16,"key":"LiquidBronze"},{"floor":17,"key":"SpeedPotion"},{"floor":18,"key":"PowerPotion"},{"floor":20,"key":"PowerPotion"},{"floor":28,"key":"SkillPotion"}],"is_trial":false,"path_per_floor":["M","$","M","?","?","R","M","M","T","E","R","M","R","M","R","B",null,"M","M","?","?","M","R","?","$","T","M","M","E","R","E","R","B"],"character_chosen":"THE_SILENT","items_purchased":["Footwork","Chemical X","Backstab"],"campfire_rested":3,"item_purchase_floors":[2,25,25],"current_hp_per_floor":[56,56,56,66,71,71,71,69,69,38,38,38,38,38,38,26,65,55,42,17,17,13,35,29,29,29,25,11,8,30,26,48,0],"gold":121,"neow_bonus":"UPGRADE_CARD","is_prod":false,"is_daily":false,"chose_seed":false,"campfire_upgraded":4,"win_rate":0,"timestamp":1565209872,"path_taken":["M","$","M","?","?","R","M","M","T","E","R","M","R","M","R","BOSS","M","M","?","?","M","R","?","$","T","M","M","E","R","E","R","BOSS"],"build_version":"2019-07-17","purchased_purges":0,"victory":false,"max_hp_per_floor":[66,66,66,66,71,71,71,71,71,71,71,71,71,71,71,71,76,76,76,76,76,76,76,76,76,76,76,76,76,76,76,76,76],"card_choices":[{"not_picked":["Outmaneuver","Expertise"],"picked":"Deflect","floor":1},{"not_picked":["Deflect","Deadly Poison"],"picked":"Dagger Spray","floor":3},{"not_picked":["Corpse Explosion","Cloak And Dagger"],"picked":"Flying Knee","floor":7},{"not_picked":["Underhanded Strike","Prepared"],"picked":"Leg Sweep","floor":8},{"not_picked":["Setup","Deflect","Dagger Spray"],"picked":"SKIP","floor":10},{"not_picked":["Flying Knee","Crippling Poison"],"picked":"Predator","floor":12},{"not_picked":["Acrobatics","Reflex","Sucker Punch"],"picked":"SKIP","floor":14},{"not_picked":["Doppelganger","Envenom"],"picked":"Malaise","floor":16},{"not_picked":["Prepared","Masterful Stab"],"picked":"PiercingWail","floor":17},{"not_picked":["Prepared","Flying Knee"],"picked":"Dodge and Roll","floor":18},{"not_picked":["Accuracy","Bane"],"picked":"Caltrops","floor":19},{"not_picked":["Eviscerate+1","Finisher"],"picked":"Flying Knee+1","floor":20},{"not_picked":["Night Terror","Eviscerate"],"picked":"Caltrops","floor":22},{"not_picked":["Dodge and Roll","Sucker Punch","Infinite Blades"],"picked":"SKIP","floor":27},{"not_picked":["Dash","Acrobatics+1"],"picked":"Blur+1","floor":28},{"not_picked":["Deflect","PiercingWail","Infinite Blades+1"],"picked":"SKIP","floor":29},{"not_picked":["Finisher","Slice"],"picked":"Cloak And Dagger+1","floor":31}],"player_experience":758562,"relics_obtained":[{"floor":9,"key":"Ancient Tea Set"},{"floor":10,"key":"Matryoshka"},{"floor":20,"key":"Red Mask"},{"floor":26,"key":"Orichalcum"},{"floor":26,"key":"Blood Vial"},{"floor":29,"key":"Dodecahedron"},{"floor":31,"key":"Juzu Bracelet"}],"event_choices":[{"damage_healed":16,"gold_gain":0,"player_choice":"Healed","damage_taken":0,"max_hp_gain":0,"max_hp_loss":0,"event_name":"The Cleric","floor":4,"gold_loss":35},{"damage_healed":0,"gold_gain":0,"player_choice":"Donut","damage_taken":0,"max_hp_gain":5,"max_hp_loss":0,"event_name":"Big Fish","floor":5,"gold_loss":0},{"damage_healed":0,"gold_gain":0,"player_choice":"Fought Bandits","damage_taken":0,"max_hp_gain":0,"max_hp_loss":0,"event_name":"Masked Bandits","floor":20,"gold_loss":0},{"damage_healed":0,"gold_gain":0,"cards_transformed":["Strike_G","Strike_G"],"player_choice":"Became Test Subject","damage_taken":0,"max_hp_gain":0,"max_hp_loss":0,"event_name":"Drug Dealer","floor":21,"gold_loss":0,"cards_obtained":["Dagger Throw","Well Laid Plans"]},{"damage_healed":0,"gold_gain":0,"player_choice":"Joined the Cult","damage_taken":6,"max_hp_gain":0,"max_hp_loss":0,"event_name":"Nest","floor":24,"gold_loss":0,"cards_obtained":["RitualDagger"]}],"is_beta":false,"boss_relics":[{"not_picked":["Pandora\u0027s Box","Velvet Choker"],"picked":"Tiny House"}],"items_purged_floors":[],"is_endless":false,"potions_floor_spawned":[3,8,16,18,20,28],"killed_by":"Collector","ascension_level":16}