{"gold_per_floor":[118,118,118,130,130,160,17,79,130,146,164,164,174,193,193,291,291,310,12,12,31,31,60,79,79,79,79,79,79,4,33,33,134,134,144,144,73,89,100,100,129,129,129,29,57,69,0,0,0,0],"floor_reached":51,"playtime":3313,"items_purged":["Strike_B","Strike_B","Strike_B+1"],"score":896,"play_id":"6162bf23-569b-4f49-8f68-ec7f3fc2f3f7","local_time":"20180909232235","is_ascension_mode":true,"campfire_choices":[{"floor":12.0,"key":"REST"},{"floor":15.0,"key":"REST"},{"floor":25.0,"key":"REST"},{"floor":28.0,"key":"REST"},{"floor":32.0,"key":"REST"},{"floor":40.0,"key":"REST"},{"floor":49,"key":"REST"}],"neow_cost":"NONE","seed_source_timestamp":0,"circlet_count":0,"master_deck":["Strike_B+1","Defend_B+1","Defend_B+1","Defend_B+1","Defend_B+1","Zap+1","Dualcast+1","Gash+1","Storm+1","Dark Shackles+1","Zap+1","Amplify+1","Rebound+1","Undo+1","Hello World+1","Static Discharge+1","Machine Learning+1","Hologram+1","Self Repair+1","Buffer+1","Steam Power+1","White Noise+1","Heatsinks+1","Genetic Algorithm+1","Go for the Eyes+1","Creative AI+1","Defragment","Gash+1","Trip"],"special_seed":0,"relics":["Fusion Hammer","Art of War","Oddly Smooth Stone","Tiny Chest","Vajra","Black Star","TheAbacus","Juzu Bracelet","NlothsMask","Dream Catcher","Bronze Scales","Strawberry","Nilry\u0027s Codex","Ornamental Fan","Cables","Busted Crown","Mark of the Bloom","PreservedInsect","Anchor","The Courier","Blue Candle","Gremlin Horn","Red Mask"],"potions_floor_usage":[],"damage_taken":[{"damage":1.0,"enemies":"Cultist","floor":1.0,"turns":3.0},{"damage":7.0,"enemies":"Jaw Worm","floor":4.0,"turns":3.0},{"damage":37.0,"enemies":"Gremlin Nob","floor":6.0,"turns":4.0},{"damage":6.0,"enemies":"3 Sentries","floor":8.0,"turns":7.0},{"damage":0.0,"enemies":"2 Louse","floor":10.0,"turns":3.0},{"damage":0.0,"enemies":"2 Fungi Beasts","floor":11.0,"turns":3.0},{"damage":3.0,"enemies":"Exordium Wildlife","floor":13.0,"turns":3.0},{"damage":0.0,"enemies":"Exordium Thugs","floor":14.0,"turns":4.0},{"damage":6.0,"enemies":"The Guardian","floor":16.0,"turns":10.0},{"damage":0.0,"enemies":"Chosen","floor":18.0,"turns":4.0},{"damage":17.0,"enemies":"3 Byrds","floor":21.0,"turns":3.0},{"damage":54.0,"enemies":"Gremlin Leader","floor":23.0,"turns":9.0},{"damage":18.0,"enemies":"Shelled Parasite and Fungi","floor":24.0,"turns":5.0},{"damage":39.0,"enemies":"Slavers","floor":31.0,"turns":5.0},{"damage":16.0,"enemies":"Collector","floor":33.0,"turns":7.0},{"damage":18.0,"enemies":"3 Shapes","floor":35.0,"turns":4.0},{"damage":0.0,"enemies":"3 Darklings","floor":38.0,"turns":3.0},{"damage":5.0,"enemies":"Transient","floor":39.0,"turns":5.0},{"damage":4.0,"enemies":"2 Orb Walkers","floor":41.0,"turns":5.0},{"damage":0,"enemies":"Giant Head","floor":45,"turns":5},{"damage":0,"enemies":"Reptomancer","floor":46,"turns":4},{"damage":46,"enemies":"Time Eater","floor":50,"turns":7}],"seed_played":"-1541963576309849259","potions_obtained":[{"floor":4.0,"key":"Fire Potion"},{"floor":6.0,"key":"Strength Potion"},{"floor":8.0,"key":"PowerPotion"},{"floor":14.0,"key":"SpeedPotion"},{"floor":18.0,"key":"SpeedPotion"},{"floor":23.0,"key":"Fire Potion"},{"floor":31.0,"key":"PowerPotion"},{"floor":38.0,"key":"EssenceOfSteel"},{"floor":39.0,"key":"Block Potion"},{"floor":41.0,"key":"SmokeBomb"}],"is_trial":false,"path_per_floor":["M","?","?","M","?","E","$","E","T","M","M","R","M","M","R","B",null,"M","$","?","M","?","E","M","R","T","T","R","?","?","E","R","B",null,"M","?","$","M","M","R","E","?","T","$","E","M","?","?","R","B"],"character_chosen":"DEFECT","items_purchased":["Hello World","TheAbacus","Defragment"],"campfire_rested":7,"item_purchase_floors":[7,19,37],"current_hp_per_floor":[74,59,59,52,49,12,12,6,6,6,6,28,25,39,61,62,75,75,75,75,72,72,25,14,36,36,43,67,51,51,19,43,41,82,71,71,71,71,66,66,62,62,62,62,62,62,62,62,62,16],"gold":0,"neow_bonus":"BOSS_RELIC","is_prod":false,"is_daily":false,"chose_seed":false,"campfire_upgraded":0,"win_rate":0,"timestamp":1536560555,"path_taken":["M","?","?","M","?","E","$","E","T","M","M","R","?","M","R","BOSS","M","$","?","M","?","E","M","R","T","?","R","?","?","E","R","BOSS","M","?","$","M","M","R","E","?","T","?","E","M","?","?","R","BOSS"],"build_version":"2018-09-06","purchased_purges":3,"victory":true,"max_hp_per_floor":[75,75,75,75,75,75,75,75,75,75,75,75,75,75,75,75,75,75,75,75,75,75,75,75,75,75,82,82,82,82,82,82,82,82,82,82,82,82,82,82,82,82,82,82,82,82,82,82,82,82],"card_choices":[{"not_picked":["Undo","Go for the Eyes"],"picked":"Gash","floor":1.0},{"not_picked":["Redo","Storm","Leap"],"picked":"SKIP","floor":4.0},{"not_picked":["Double Energy","Sweeping Beam"],"picked":"Undo","floor":6.0},{"not_picked":["Leap","Steam"],"picked":"Static Discharge","floor":8.0},{"not_picked":["Turbo","Stack"],"picked":"Machine Learning","floor":10.0},{"not_picked":["Aggregate","Ball Lightning"],"picked":"Hologram","floor":11.0},{"not_picked":["Undo","Static Discharge"],"picked":"Self Repair","floor":13.0},{"not_picked":["Conserve Battery","Barrage","Redo"],"picked":"SKIP","floor":14.0},{"not_picked":["Reboot","Seek"],"picked":"Buffer","floor":16.0},{"not_picked":["Hello World","FTL"],"picked":"Steam Power+1","floor":18.0},{"not_picked":["Conserve Battery","Compile Driver","Rebound"],"picked":"SKIP","floor":21.0},{"not_picked":["Tempest","Fusion"],"picked":"White Noise","floor":23.0},{"not_picked":["Lockon","Skim"],"picked":"Heatsinks","floor":24.0},{"not_picked":["Leap","Lockon"],"picked":"Genetic Algorithm","floor":25.0},{"not_picked":["White Noise","Ball Lightning"],"picked":"Go for the Eyes+1","floor":28.0},{"not_picked":["Conserve Battery","Coolheaded+1","Blizzard"],"picked":"SKIP","floor":31.0},{"not_picked":["Seek","All For One"],"picked":"Creative AI","floor":33.0},{"not_picked":["Ball Lightning"],"picked":"SKIP","floor":35.0},{"not_picked":["White Noise"],"picked":"SKIP","floor":38.0},{"not_picked":[],"picked":"Gash+1","floor":39.0},{"not_picked":["Steam Power"],"picked":"SKIP","floor":41.0},{"not_picked":["Hyperbeam"],"picked":"SKIP","floor":45},{"not_picked":["Go for the Eyes"],"picked":"SKIP","floor":46},{"not_picked":[],"picked":"Trip","floor":48}],"player_experience":276676,"relics_obtained":[{"floor":6.0,"key":"Oddly Smooth Stone"},{"floor":8.0,"key":"Tiny Chest"},{"floor":9.0,"key":"Vajra"},{"floor":23.0,"key":"Dream Catcher"},{"floor":23.0,"key":"Bronze Scales"},{"floor":27.0,"key":"Strawberry"},{"floor":29.0,"key":"Nilry\u0027s Codex"},{"floor":31.0,"key":"Ornamental Fan"},{"floor":31.0,"key":"Cables"},{"floor":41.0,"key":"PreservedInsect"},{"floor":41.0,"key":"Anchor"},{"floor":43.0,"key":"The Courier"},{"floor":45,"key":"Blue Candle"},{"floor":45,"key":"Gremlin Horn"}],"event_choices":[{"event_name":"Shining Light","player_choice":"Entered Light","floor":2.0,"damage_taken":0.0},{"event_name":"Match and Keep!","player_choice":"5 cards matched","floor":3.0,"damage_taken":0.0},{"event_name":"Scrap Ooze","player_choice":"success","floor":5.0,"damage_taken":3.0},{"event_name":"Addict","player_choice":"Stole Relic","floor":20.0,"damage_taken":0.0},{"event_name":"FaceTrader","player_choice":"Trade","floor":22.0,"damage_taken":0.0},{"event_name":"Cursed Tome","player_choice":"Obtained Book","floor":29.0,"damage_taken":0.0},{"event_name":"Beggar","player_choice":"Gave Gold","floor":30.0,"damage_taken":0.0},{"event_name":"MindBloom","player_choice":"Upgrade","floor":36.0,"damage_taken":0.0},{"event_name":"Mysterious Sphere","player_choice":"Ignore","floor":42.0,"damage_taken":0.0},{"event_name":"Tomb of Lord Red Mask","player_choice":"Paid","floor":47,"damage_taken":0},{"event_name":"SensoryStone","player_choice":"Memory 1","floor":48,"damage_taken":0}],"is_beta":false,"boss_relics":[{"not_picked":["Astrolabe","Runic Pyramid"],"picked":"Black Star"},{"not_picked":["Runic Dome","Snecko Eye"],"picked":"Busted Crown"}],"items_purged_floors":[7,19,44],"is_endless":false,"potions_floor_spawned":[4,6,8,14,18,23,31,38,39,41],"ascension_level":4}