{"gold_per_floor":[118,118,138,152,165,199,199,65,65,76,93,120,139,156,156,253,253,272,272,79,106,124,124],"floor_reached":23,"playtime":1883,"items_purged":["Strike_G+1"],"score":277,"play_id":"fa54edd6-f5b2-4391-8839-63e2826cb018","local_time":"20190801201754","is_ascension_mode":true,"campfire_choices":[{"floor":7,"key":"REST"},{"data":"Crippling Poison","floor":15,"key":"SMITH"}],"neow_cost":"NONE","seed_source_timestamp":1470356995022900,"circlet_count":0,"master_deck":["Strike_G+1","Strike_G+1","Strike_G+1","Strike_G+1","Defend_G+1","Defend_G+1","Defend_G+1","Defend_G+1","Defend_G+1","Survivor","Neutralize","Predator+1","Dagger Spray","Backflip","Deadly Poison","Crippling Poison","Glass Knife","Leg Sweep","Die Die Die","Noxious Fumes","PiercingWail","Crippling Poison+1","Corpse Explosion","Footwork","Backflip","Catalyst"],"relics":["Ring of the Snake","Regal Pillow","Nunchaku","Shuriken","Meat on the Bone","Black Star","Red Mask"],"potions_floor_usage":[16,21,23,23],"damage_taken":[{"damage":0,"enemies":"2 Louse","floor":1,"turns":3},{"damage":0,"enemies":"Cultist","floor":3,"turns":3},{"damage":0,"enemies":"Jaw Worm","floor":4,"turns":3},{"damage":3,"enemies":"Looter","floor":5,"turns":3},{"damage":48,"enemies":"Lagavulin","floor":6,"turns":7},{"damage":8,"enemies":"Large Slime","floor":10,"turns":5},{"damage":1,"enemies":"Blue Slaver","floor":11,"turns":3},{"damage":20,"enemies":"Gremlin Nob","floor":12,"turns":4},{"damage":4,"enemies":"Looter","floor":13,"turns":4},{"damage":5,"enemies":"Exordium Thugs","floor":14,"turns":3},{"damage":19,"enemies":"The Guardian","floor":16,"turns":9},{"damage":6,"enemies":"3 Byrds","floor":18,"turns":2},{"damage":4,"enemies":"Masked Bandits","floor":21,"turns":3},{"damage":14,"enemies":"Shell Parasite","floor":22,"turns":8},{"damage":49,"enemies":"Book of Stabbing","floor":23,"turns":8}],"seed_played":"-8344021993460775589","potions_obtained":[{"floor":1,"key":"GhostInAJar"},{"floor":6,"key":"Explosive Potion"},{"floor":12,"key":"Poison Potion"},{"floor":14,"key":"Dexterity Potion"},{"floor":21,"key":"SkillPotion"}],"is_trial":false,"path_per_floor":["M","?","M","M","M","E","R","$","T","M","M","E","M","M","R","B",null,"M","?","$","?","M","E"],"character_chosen":"THE_SILENT","items_purchased":["Glass Knife","Leg Sweep","Footwork","Backflip"],"campfire_rested":1,"item_purchase_floors":[8,8,20,20],"current_hp_per_floor":[63,63,63,63,60,12,48,48,48,40,39,19,27,34,34,27,59,53,53,53,49,47,0],"gold":124,"neow_bonus":"RANDOM_COMMON_RELIC","is_prod":false,"is_daily":false,"chose_seed":false,"campfire_upgraded":1,"win_rate":0,"timestamp":1564705074,"path_taken":["M","?","?","M","M","E","R","$","T","?","M","E","M","M","R","BOSS","M","?","$","?","M","E"],"build_version":"2019-07-17","purchased_purges":1,"victory":false,"max_hp_per_floor":[70,70,70,70,70,70,70,70,70,70,70,70,70,70,70,70,70,70,70,70,70,70,70],"card_choices":[{"not_picked":["Dodge and Roll","Slice"],"picked":"Predator","floor":1},{"not_picked":["PiercingWail","Calculated Gamble"],"picked":"Dagger Spray","floor":3},{"not_picked":["Prepared","Quick Slash"],"picked":"Backflip","floor":4},{"not_picked":["PiercingWail","Dagger Throw"],"picked":"Deadly Poison","floor":5},{"not_picked":["Blur","Setup"],"picked":"Crippling Poison","floor":6},{"not_picked":["Slice","Dagger Spray"],"picked":"Die Die Die","floor":10},{"not_picked":["Dodge and Roll","Flying Knee"],"picked":"Noxious Fumes","floor":11},{"not_picked":["Doppelganger","Dagger Spray","Tactician"],"picked":"SKIP","floor":12},{"not_picked":["Sucker Punch","Blade Dance"],"picked":"PiercingWail","floor":13},{"not_picked":["Backflip","Leg Sweep"],"picked":"Crippling Poison","floor":14},{"not_picked":["Grand Finale","Die Die Die"],"picked":"Corpse Explosion","floor":16},{"not_picked":["Slice","Outmaneuver","Flechettes"],"picked":"SKIP","floor":18},{"not_picked":["Underhanded Strike","Bane"],"picked":"Catalyst","floor":21},{"not_picked":["Prepared","Acrobatics","Endless Agony"],"picked":"SKIP","floor":22}],"player_experience":513578,"relics_obtained":[{"floor":6,"key":"Nunchaku"},{"floor":9,"key":"Shuriken"},{"floor":12,"key":"Meat on the Bone"},{"floor":21,"key":"Red Mask"}],"event_choices":[{"damage_healed":0,"gold_gain":0,"player_choice":"Forge","damage_taken":0,"max_hp_gain":0,"max_hp_loss":0,"event_name":"Accursed Blacksmith","floor":2,"gold_loss":0,"cards_upgraded":["Predator"]},{"damage_healed":0,"gold_gain":0,"player_choice":"Simplicity","damage_taken":0,"max_hp_gain":0,"max_hp_loss":0,"event_name":"Back to Basics","floor":19,"gold_loss":0,"cards_upgraded":["Strike_G","Strike_G","Strike_G","Strike_G","Strike_G","Defend_G","Defend_G","Defend_G","Defend_G","Defend_G"]},{"damage_healed":0,"gold_gain":0,"player_choice":"Fought Bandits","damage_taken":0,"max_hp_gain":0,"max_hp_loss":0,"event_name":"Masked Bandits","floor":21,"gold_loss":0}],"is_beta":false,"boss_relics":[{"not_picked":["Runic Dome","HoveringKite"],"picked":"Black Star"}],"items_purged_floors":[20],"is_endless":false,"potions_floor_spawned":[1,6,12,14,21],"killed_by":"Book of Stabbing","ascension_level":7}