{"gold_per_floor":[116,291,301,313,313,342,342,369,392,26,54,65,65,90,90,193,193,209,227,246,246,265,265,265,298,298,308,15,31,46,46,46,46],"floor_reached":33,"playtime":4008,"items_purged":[],"score":322,"play_id":"e683e3e2-56c6-4603-8d7c-3f69ce3f8b2e","local_time":"20180723063310","is_ascension_mode":false,"campfire_choices":[{"floor":7.0,"key":"REST"},{"floor":15.0,"key":"REST"},{"data":"Noxious Fumes","floor":23.0,"key":"SMITH"},{"data":"Bouncing Flask","floor":32,"key":"SMITH"}],"neow_cost":"","seed_source_timestamp":0,"circlet_count":0,"master_deck":["Defend_G","Defend_G","Defend_G","Defend_G","Defend_G","Survivor","Neutralize+1","All Out Attack+1","Doubt","Dagger Spray+1","PiercingWail","Deflect","Outmaneuver","Backflip","Bouncing Flask+1","Underhanded Strike+1","Quick Slash+1","Deflect","Unload+1","Skewer+1","Predator+1","Noxious Fumes+1","Bite+1","Bite+1","Bite+1","Bite+1","Bite+1","Eviscerate+1","Backstab+1","Prepared+1","Calculated Gamble","Eviscerate+1","RitualDagger+1"],"special_seed":0,"relics":["Ring of the Snake","Pen Nib","Oddly Smooth Stone","Molten Egg 2","Tough Bandages","Ginger","Happy Flower","WristBlade","Calipers","Shuriken","Whetstone","Incense Burner"],"potions_floor_usage":[33,33,33,33,33,33],"damage_taken":[{"damage":2.0,"enemies":"2 Louse","floor":1.0,"turns":3.0},{"damage":3.0,"enemies":"Jaw Worm","floor":3.0,"turns":3.0},{"damage":0.0,"enemies":"Small Slimes","floor":4.0,"turns":3.0},{"damage":38.0,"enemies":"Lagavulin","floor":6.0,"turns":9.0},{"damage":24.0,"enemies":"Gremlin Nob","floor":8.0,"turns":4.0},{"damage":9.0,"enemies":"Lagavulin","floor":11.0,"turns":7.0},{"damage":0.0,"enemies":"3 Louse","floor":12.0,"turns":1.0},{"damage":4.0,"enemies":"Gremlin Nob","floor":14.0,"turns":3.0},{"damage":16.0,"enemies":"The Guardian","floor":16.0,"turns":11.0},{"damage":0.0,"enemies":"Chosen","floor":18.0,"turns":4.0},{"damage":5.0,"enemies":"2 Thieves","floor":19.0,"turns":4.0},{"damage":9.0,"enemies":"Snecko","floor":20.0,"turns":4.0},{"damage":9.0,"enemies":"Cultist and Chosen","floor":22.0,"turns":5.0},{"damage":30.0,"enemies":"Gremlin Leader","floor":25.0,"turns":5.0},{"damage":12,"enemies":"Centurion and Healer","floor":27,"turns":4},{"damage":0,"enemies":"Snake Plant","floor":29,"turns":2},{"damage":7,"enemies":"3 Cultists","floor":30,"turns":5},{"damage":56,"enemies":"Automaton","floor":33,"turns":6}],"seed_played":"2904903118393138089","potions_obtained":[{"floor":1.0,"key":"EntropicBrew"},{"floor":3.0,"key":"SneckoOil"},{"floor":6.0,"key":"Swift Potion"},{"floor":11.0,"key":"GamblersBrew"},{"floor":16.0,"key":"FearPotion"},{"floor":18.0,"key":"Dexterity Potion"},{"floor":19.0,"key":"EntropicBrew"},{"floor":25,"key":"SpeedPotion"}],"is_trial":false,"path_per_floor":["M","?","M","M","?","E","R","E","T","$","E","M","T","E","R","B",null,"M","M","M","?","M","R","?","E","T","M","$","M","M","?","R"],"character_chosen":"THE_SILENT","items_purchased":["Backflip","Molten Egg 2","Bouncing Flask","Incense Burner"],"campfire_rested":2,"item_purchase_floors":[10,10,10,28],"current_hp_per_floor":[68,68,65,65,51,13,34,10,10,10,3,5,5,3,24,10,70,70,65,58,58,64,64,64,37,37,37,37,43,51,45,45,0],"gold":46,"neow_bonus":"","is_prod":false,"is_daily":false,"chose_seed":false,"campfire_upgraded":2,"win_rate":0.0,"timestamp":1532323990,"path_taken":["M","?","M","M","?","E","R","E","T","$","E","M","?","E","R","BOSS","M","M","?","?","M","R","?","E","T","M","$","M","?","?","R","BOSS"],"build_version":"2018-07-19v2","purchased_purges":0,"victory":false,"max_hp_per_floor":[70,70,70,70,70,70,70,70,70,70,70,70,70,70,70,70,70,70,70,70,70,70,70,70,70,70,70,70,70,70,70,70,70],"card_choices":[{"not_picked":["Masterful Stab","Noxious Fumes"],"picked":"All Out Attack","floor":1.0},{"not_picked":["Deflect","Acrobatics"],"picked":"Dagger Spray","floor":3.0},{"not_picked":["Dagger Throw","Expertise"],"picked":"PiercingWail","floor":4.0},{"not_picked":["Slice","Expertise"],"picked":"Deflect","floor":6.0},{"not_picked":["Tactician","Acrobatics"],"picked":"Outmaneuver","floor":8.0},{"not_picked":["Prepared","After Image"],"picked":"Underhanded Strike+1","floor":11.0},{"not_picked":["Slice+1","Prepared"],"picked":"Quick Slash+1","floor":12.0},{"not_picked":["Distraction","Reflex"],"picked":"Deflect","floor":14.0},{"not_picked":["Phantasmal Killer","Venomology"],"picked":"Unload+1","floor":16.0},{"not_picked":["Backflip","Outmaneuver"],"picked":"Skewer+1","floor":18.0},{"not_picked":["Dagger Throw+1","Flying Knee+1"],"picked":"Predator+1","floor":19.0},{"not_picked":["Deadly Poison","Backflip+1"],"picked":"Noxious Fumes","floor":20.0},{"not_picked":["Noxious Fumes","Escape Plan+1"],"picked":"Eviscerate+1","floor":22.0},{"not_picked":["Quick Slash+1","Prepared"],"picked":"Backstab+1","floor":25},{"not_picked":["Leg Sweep+1","Backflip+1"],"picked":"Prepared+1","floor":27},{"not_picked":["Flying Knee+1","Underhanded Strike+1"],"picked":"Calculated Gamble","floor":29},{"not_picked":["Flying Knee+1","Outmaneuver"],"picked":"Eviscerate+1","floor":30}],"player_experience":34364,"relics_obtained":[{"floor":6.0,"key":"Pen Nib"},{"floor":8.0,"key":"Oddly Smooth Stone"},{"floor":9.0,"key":"Blood Vial"},{"floor":11.0,"key":"Tough Bandages"},{"floor":13.0,"key":"Ginger"},{"floor":14.0,"key":"Happy Flower"},{"floor":25,"key":"Shuriken"},{"floor":26,"key":"Whetstone"}],"event_choices":[{"event_name":"Liars Game","player_choice":"agreed","floor":2.0,"damage_taken":0.0},{"event_name":"Shining Light","player_choice":"Entered Light","floor":5.0,"damage_taken":0.0},{"event_name":"Vampires","player_choice":"Became a vampire (Vial)","floor":21.0,"damage_taken":0.0},{"event_name":"Accursed Blacksmith","player_choice":"Rummage","floor":24.0,"damage_taken":0.0},{"event_name":"Nest","player_choice":"Joined the Cult","floor":31,"damage_taken":0}],"is_beta":false,"boss_relics":[{"not_picked":["Empty Cage","Orrery"],"picked":"WristBlade"}],"items_purged_floors":[],"is_endless":false,"potions_floor_spawned":[1,3,6,11,16,18,19,25,29],"killed_by":"Automaton","ascension_level":0}