{"gold_per_floor":[110,110,125,143,16,16,44,44,69,87,116,129,129,162,162,263,263,281,128,140,154,253,287,287,322,349,380,380,380,380,410,410,506,506,523,523,535,535,635,664,664,689,689,394,394,39,74,88,88,88,88,88,10,45,45],"floor_reached":56,"playtime":3152,"items_purged":["Writhe","Strike_G","Strike_G+1"],"score":1562,"play_id":"9198e981-27ed-4c2e-a503-342ab2d1318b","local_time":"20190525234823","is_ascension_mode":true,"campfire_choices":[{"data":"Cloak And Dagger","floor":6.0,"key":"SMITH"},{"data":"Malaise","floor":8.0,"key":"SMITH"},{"data":"Survivor","floor":13.0,"key":"SMITH"},{"data":"Leg Sweep","floor":15.0,"key":"SMITH"},{"data":"Deflect","floor":24.0,"key":"SMITH"},{"data":"Corpse Explosion","floor":28.0,"key":"SMITH"},{"data":"Footwork","floor":32.0,"key":"SMITH"},{"floor":41.0,"key":"RECALL"},{"data":"Footwork","floor":49.0,"key":"SMITH"},{"data":"Envenom","floor":52.0,"key":"SMITH"}],"neow_cost":"CURSE","seed_source_timestamp":23941195570986,"circlet_count":0,"master_deck":["Defend_G+1","Defend_G+1","Defend_G+1","Defend_G+1","Defend_G+1","Strike_G+1","Strike_G+1","Survivor+1","Neutralize+1","Dagger Throw","Deflect+1","Cloak And Dagger+1","Malaise+1","Escape Plan+1","Terror","Leg Sweep+1","Corpse Explosion+1","Deadly Poison+1","Deadly Poison+1","Well Laid Plans+1","Blur+1","Footwork+1","Bouncing Flask+1","Adrenaline+1","Crippling Poison+1","Secret Technique+1","PiercingWail+1","Cloak And Dagger+1","Footwork+1","Envenom+1","Blade Dance+1","Footwork","Dash"],"special_seed":0,"relics":["Ring of the Snake","Incense Burner","Anchor","Ancient Tea Set","Dream Catcher","Happy Flower","Philosopher\u0027s Stone","Orichalcum","Singing Bowl","Bag of Preparation","Ninja Scroll","Toxic Egg 2","Black Star","Prayer Wheel","Sundial","War Paint","Peace Pipe","Shuriken","Kunai","Bag of Marbles","Strawberry","Snake Skull","Oddly Smooth Stone","Mercury Hourglass"],"potions_floor_usage":[55,55],"damage_taken":[{"damage":1.0,"enemies":"2 Louse","floor":1.0,"turns":7.0},{"damage":0.0,"enemies":"Cultist","floor":3.0,"turns":3.0},{"damage":0.0,"enemies":"Small Slimes","floor":4.0,"turns":3.0},{"damage":22.0,"enemies":"3 Sentries","floor":7.0,"turns":10.0},{"damage":0.0,"enemies":"2 Fungi Beasts","floor":10.0,"turns":4.0},{"damage":3.0,"enemies":"Lagavulin","floor":11.0,"turns":11.0},{"damage":0.0,"enemies":"Looter","floor":12.0,"turns":3.0},{"damage":10.0,"enemies":"3 Sentries","floor":14.0,"turns":15.0},{"damage":33.0,"enemies":"Slime Boss","floor":16.0,"turns":20.0},{"damage":5.0,"enemies":"Spheric Guardian","floor":18.0,"turns":8.0},{"damage":0.0,"enemies":"3 Byrds","floor":20.0,"turns":2.0},{"damage":1.0,"enemies":"Centurion and Healer","floor":21.0,"turns":5.0},{"damage":0.0,"enemies":"Book of Stabbing","floor":23.0,"turns":7.0},{"damage":14.0,"enemies":"Slavers","floor":25.0,"turns":5.0},{"damage":0.0,"enemies":"Book of Stabbing","floor":27.0,"turns":7.0},{"damage":0.0,"enemies":"Slavers","floor":31.0,"turns":3.0},{"damage":14.0,"enemies":"Automaton","floor":33.0,"turns":13.0},{"damage":13.0,"enemies":"3 Darklings","floor":35.0,"turns":4.0},{"damage":0.0,"enemies":"Orb Walker","floor":37.0,"turns":3.0},{"damage":0.0,"enemies":"Mind Bloom Boss Battle","floor":39.0,"turns":8.0},{"damage":0.0,"enemies":"Nemesis","floor":40.0,"turns":9.0},{"damage":0.0,"enemies":"Giant Head","floor":42.0,"turns":9.0},{"damage":0.0,"enemies":"Nemesis","floor":47.0,"turns":7.0},{"damage":0.0,"enemies":"Maw","floor":48.0,"turns":6.0},{"damage":12.0,"enemies":"Donu and Deca","floor":50.0,"turns":10.0},{"damage":0,"enemies":"Shield and Spear","floor":54,"turns":5},{"damage":7,"enemies":"The Heart","floor":55,"turns":10}],"seed_played":"6254812439116196377","potions_obtained":[{"floor":4.0,"key":"FairyPotion"},{"floor":12.0,"key":"LiquidBronze"},{"floor":16.0,"key":"FearPotion"},{"floor":21.0,"key":"Regen Potion"},{"floor":27.0,"key":"Fruit Juice"},{"floor":33.0,"key":"Fire Potion"},{"floor":37.0,"key":"LiquidBronze"}],"is_trial":false,"path_per_floor":["M","?","M","M","$","R","E","R","T","M","E","M","R","E","R","B",null,"M","$","M","M","?","E","R","E","T","E","R","?","?","E","R","B",null,"M","?","M","?","?","E","R","E","T","$","?","$","E","M","R","B",null,"R","$","E","B",null],"character_chosen":"THE_SILENT","items_purchased":["Cloak And Dagger","Deadly Poison","Kunai","Cloak And Dagger+1","Footwork","Bag of Marbles","Footwork"],"campfire_rested":0,"item_purchase_floors":[5,19,44,44,46,46,53],"current_hp_per_floor":[69,69,69,69,69,69,47,47,47,47,44,44,44,34,34,1,70,65,65,65,64,64,64,64,50,50,57,57,57,57,57,57,43,77,64,64,66,66,66,68,68,70,70,70,70,70,77,79,79,67,92,92,92,92,92],"gold":45,"neow_bonus":"ONE_RARE_RELIC","is_prod":false,"is_daily":false,"chose_seed":false,"campfire_upgraded":9,"win_rate":0,"timestamp":1558817303,"path_taken":["M","?","M","M","$","R","E","R","T","?","E","M","R","E","R","BOSS","M","$","M","M","?","E","R","E","T","E","R","?","?","E","R","BOSS","M","?","M","?","?","E","R","E","T","$","?","$","E","?","R","BOSS","R","$","E","BOSS"],"build_version":"2019-01-23","purchased_purges":3,"victory":true,"max_hp_per_floor":[70,70,70,70,70,70,70,70,70,70,70,70,70,70,70,70,70,70,70,70,70,70,70,70,70,70,77,77,77,77,77,77,77,77,77,77,79,79,79,81,81,83,83,83,83,83,90,92,92,92,92,92,92,92,92],"card_choices":[{"not_picked":["Prepared","Calculated Gamble"],"picked":"Dagger Throw","floor":1.0},{"not_picked":["Expertise","Dodge and Roll"],"picked":"Deflect","floor":3.0},{"not_picked":["Deflect","Blade Dance","Prepared"],"picked":"SKIP","floor":4.0},{"not_picked":["Acrobatics","Prepared"],"picked":"Malaise","floor":7.0},{"not_picked":["PiercingWail","Slice"],"picked":"Escape Plan","floor":10.0},{"not_picked":["Setup","Escape Plan"],"picked":"Terror","floor":11.0},{"not_picked":["Choke","Outmaneuver","Underhanded Strike"],"picked":"SKIP","floor":12.0},{"not_picked":["Terror","Blade Dance"],"picked":"Leg Sweep","floor":14.0},{"not_picked":["Adrenaline","Phantasmal Killer"],"picked":"Corpse Explosion","floor":16.0},{"not_picked":["Eviscerate","Caltrops"],"picked":"Deadly Poison+1","floor":18.0},{"not_picked":["Prepared","Deadly Poison+1","Accuracy"],"picked":"SKIP","floor":20.0},{"not_picked":["Sucker Punch+1","Riddle With Holes"],"picked":"Well Laid Plans+1","floor":21.0},{"not_picked":["Concentrate","All Out Attack+1","Sucker Punch+1"],"picked":"SKIP","floor":23.0},{"not_picked":["Leg Sweep+1","Backflip"],"picked":"Blur+1","floor":25.0},{"not_picked":["Venomology","Finisher","Cloak And Dagger"],"picked":"Singing Bowl","floor":27.0},{"not_picked":["Backflip","Dagger Throw"],"picked":"Bouncing Flask+1","floor":31.0},{"not_picked":["Tools of the Trade","Phantasmal Killer+1"],"picked":"Adrenaline+1","floor":33.0},{"not_picked":["Backflip+1","Dagger Spray"],"picked":"Crippling Poison+1","floor":35.0},{"not_picked":["Blade Dance+1","Bane","Grand Finale"],"picked":"Singing Bowl","floor":37.0},{"not_picked":["Jack Of All Trades+1","Mayhem"],"picked":"Secret Technique+1","floor":38.0},{"not_picked":["Slice+1","Outmaneuver+1"],"picked":"PiercingWail+1","floor":39.0},{"not_picked":["Cloak And Dagger+1","Reflex+1","Bane+1"],"picked":"Singing Bowl","floor":40.0},{"not_picked":["Leg Sweep+1","Bullet Time+1","Slice"],"picked":"Singing Bowl","floor":42.0},{"not_picked":["Skewer+1","Setup+1"],"picked":"Envenom","floor":47.0},{"not_picked":["Dodge and Roll+1","Distraction+1","Dagger Throw"],"picked":"Singing Bowl","floor":48.0},{"not_picked":["Poisoned Stab+1","Deadly Poison+1"],"picked":"Blade Dance+1","floor":48.0},{"not_picked":["Outmaneuver+1","Accuracy+1"],"picked":"Dash","floor":54}],"player_experience":923670,"relics_obtained":[{"floor":7.0,"key":"Anchor"},{"floor":9.0,"key":"Ancient Tea Set"},{"floor":11.0,"key":"Dream Catcher"},{"floor":14.0,"key":"Happy Flower"},{"floor":23.0,"key":"Orichalcum"},{"floor":25.0,"key":"Singing Bowl"},{"floor":26.0,"key":"Bag of Preparation"},{"floor":27.0,"key":"Ninja Scroll"},{"floor":31.0,"key":"Toxic Egg 2"},{"floor":39.0,"key":"Prayer Wheel"},{"floor":40.0,"key":"Sundial"},{"floor":40.0,"key":"War Paint"},{"floor":42.0,"key":"Peace Pipe"},{"floor":42.0,"key":"Shuriken"},{"floor":47.0,"key":"Strawberry"},{"floor":47.0,"key":"Snake Skull"},{"floor":54,"key":"Oddly Smooth Stone"},{"floor":54,"key":"Mercury Hourglass"}],"event_choices":[{"damage_healed":0.0,"max_hp_gain":0.0,"max_hp_loss":0.0,"gold_gain":0.0,"event_name":"Upgrade Shrine","player_choice":"Upgraded","floor":2.0,"gold_loss":0.0,"damage_taken":0.0,"cards_upgraded":["Neutralize"]},{"damage_healed":0.0,"max_hp_gain":0.0,"max_hp_loss":0.0,"gold_gain":99.0,"event_name":"Nest","player_choice":"Stole From Cult","floor":22.0,"gold_loss":0.0,"damage_taken":0.0},{"damage_healed":0.0,"max_hp_gain":0.0,"max_hp_loss":0.0,"gold_gain":0.0,"event_name":"The Library","player_choice":"Read","floor":29.0,"gold_loss":0.0,"damage_taken":0.0,"cards_obtained":["Footwork"]},{"damage_healed":0.0,"max_hp_gain":0.0,"max_hp_loss":0.0,"gold_gain":0.0,"event_name":"Back to Basics","player_choice":"Simplicity","floor":30.0,"gold_loss":0.0,"damage_taken":0.0,"cards_upgraded":["Defend_G","Defend_G","Defend_G","Defend_G","Defend_G","Strike_G","Strike_G","Strike_G","Strike_G"]},{"cards_removed":["Strike_G"],"damage_healed":0.0,"max_hp_gain":0.0,"max_hp_loss":0.0,"gold_gain":0.0,"event_name":"Falling","player_choice":"Removed Attack","floor":36.0,"gold_loss":0.0,"damage_taken":0.0},{"damage_healed":0.0,"max_hp_gain":0.0,"max_hp_loss":0.0,"gold_gain":0.0,"event_name":"SensoryStone","player_choice":"Memory 1","floor":38.0,"gold_loss":0.0,"damage_taken":0.0},{"damage_healed":0.0,"max_hp_gain":0.0,"max_hp_loss":0.0,"gold_gain":0.0,"event_name":"MindBloom","player_choice":"Fight","floor":39.0,"gold_loss":0.0,"damage_taken":0.0},{"damage_healed":0.0,"max_hp_gain":0.0,"max_hp_loss":0.0,"gold_gain":0.0,"event_name":"Tomb of Lord Red Mask","player_choice":"Ignored","floor":45.0,"gold_loss":0.0,"damage_taken":0.0}],"is_beta":false,"boss_relics":[{"not_picked":["Empty Cage","Calling Bell"],"picked":"Philosopher\u0027s Stone"},{"not_picked":["Pandora\u0027s Box","HoveringKite"],"picked":"Black Star"}],"items_purged_floors":[5,19,46],"is_endless":false,"potions_floor_spawned":[4,12,16,21,23,27,33,35,37,47],"ascension_level":1}