{"gold_per_floor":[14,14,28,41,41,41,41,56,56,21,21,38,72,83,83,184,184,204,10,25,0,11,11,21,21,21,32,32,32,32,32,32,131,131,143,143,143,161,35,35,35,35,35,45,64,64,64],"floor_reached":47,"playtime":1722,"items_purged":[],"score":425,"play_id":"db6c9c4b-4b45-4807-8231-175de553bd45","local_time":"20181122135111","is_ascension_mode":false,"campfire_choices":[{"data":"Zap","floor":6.0,"key":"SMITH"},{"data":"Hologram","floor":11.0,"key":"SMITH"},{"data":"Capacitor","floor":15.0,"key":"SMITH"},{"floor":23,"key":"REST"},{"data":"Defragment","floor":25,"key":"SMITH"},{"floor":28,"key":"REST"},{"data":"Loop","floor":32,"key":"SMITH"},{"floor":40,"key":"REST"},{"data":"Recycle","floor":42,"key":"SMITH"},{"floor":46,"key":"REST"}],"neow_cost":"NO_GOLD","seed_source_timestamp":5152536668190,"circlet_count":0,"master_deck":["Strike_B","Strike_B","Strike_B","Defend_B","Defend_B","Defend_B","Defend_B","Zap+1","Hologram+1","Recycle+1","Capacitor+1","Glacier","Amplify","Gash","Streamline","Seek","Ball Lightning","Defragment+1","Loop+1","Go for the Eyes","Sweeping Beam","Ball Lightning+1","Cloak And Dagger","Dash","Writhe","Burst","Cold Snap+1","Leap","Auto Shields"],"special_seed":0,"relics":["Cracked Core","Torii","Regal Pillow","Ornamental Fan","Vajra","Orrery","PrismaticShard","Symbiotic Virus","Eternal Feather","Pantograph"],"potions_floor_usage":[],"damage_taken":[{"damage":6.0,"enemies":"Jaw Worm","floor":1.0,"turns":4.0},{"damage":1.0,"enemies":"Cultist","floor":3.0,"turns":3.0},{"damage":3.0,"enemies":"2 Louse","floor":4.0,"turns":3.0},{"damage":19.0,"enemies":"Large Slime","floor":8.0,"turns":7.0},{"damage":0.0,"enemies":"Exordium Thugs","floor":12.0,"turns":6.0},{"damage":9.0,"enemies":"Lagavulin","floor":13.0,"turns":10.0},{"damage":8.0,"enemies":"Blue Slaver","floor":14.0,"turns":4.0},{"damage":24.0,"enemies":"Slime Boss","floor":16.0,"turns":11.0},{"damage":9,"enemies":"Shell Parasite","floor":18,"turns":6},{"damage":27,"enemies":"2 Thieves","floor":20,"turns":4},{"damage":17,"enemies":"Centurion and Healer","floor":22,"turns":9},{"damage":16,"enemies":"Snecko","floor":24,"turns":5},{"damage":34,"enemies":"Cultist and Chosen","floor":27,"turns":7},{"damage":39,"enemies":"Automaton","floor":33,"turns":12},{"damage":29,"enemies":"Orb Walker","floor":35,"turns":5},{"damage":28,"enemies":"3 Shapes","floor":38,"turns":5},{"damage":28,"enemies":"Spire Growth","floor":44,"turns":6},{"damage":37,"enemies":"Maw","floor":45,"turns":9},{"damage":82,"enemies":"Sphere and 2 Shapes","floor":47,"turns":3}],"seed_played":"1242429799335762310","potions_obtained":[{"floor":1.0,"key":"Swift Potion"},{"floor":2.0,"key":"Explosive Potion"},{"floor":2.0,"key":"FairyPotion"},{"floor":33,"key":"Block Potion"}],"is_trial":false,"path_per_floor":["M","?","M","M","?","R","?","M","T","?","R","M","E","M","R","B",null,"M","$","M","?","M","R","M","R","T","M","R","?","$","?","R","B",null,"M","?","?","M","$","R","?","R","T","M","M","R","M"],"character_chosen":"DEFECT","items_purchased":["PrismaticShard","Leap","Auto Shields"],"campfire_rested":4,"item_purchase_floors":[19,39,39],"current_hp_per_floor":[69,69,68,65,58,58,58,39,39,57,57,57,48,40,40,16,75,66,66,39,39,22,59,43,43,43,9,46,46,46,46,46,7,75,46,46,46,18,18,70,75,75,75,47,10,62,0],"gold":64,"neow_bonus":"ONE_RARE_RELIC","is_prod":false,"is_daily":false,"chose_seed":false,"campfire_upgraded":6,"win_rate":0,"timestamp":1542883871,"path_taken":["M","?","?","M","?","R","?","M","T","?","R","M","E","M","R","BOSS","M","$","M","?","M","R","M","R","T","M","R","?","$","?","R","BOSS","M","?","?","?","$","R","?","R","T","M","M","R","?"],"build_version":"2018-11-15","purchased_purges":0,"victory":false,"max_hp_per_floor":[75,75,75,75,75,75,75,75,75,75,75,75,75,75,75,75,75,75,75,75,75,75,75,75,75,75,75,75,75,75,75,75,75,75,75,75,75,75,75,75,75,75,75,75,75,75,75],"card_choices":[{"not_picked":["Storm","Beam Cell"],"picked":"Hologram","floor":1.0},{"not_picked":["Double Energy","Chaos"],"picked":"Recycle","floor":3.0},{"not_picked":["Hologram","Chill"],"picked":"Capacitor","floor":4.0},{"not_picked":["Gash","Redo"],"picked":"Glacier","floor":8.0},{"not_picked":["Steam","Beam Cell"],"picked":"Amplify","floor":12.0},{"not_picked":["Multi-Cast","Beam Cell"],"picked":"Gash","floor":13.0},{"not_picked":["Leap","Go for the Eyes"],"picked":"Streamline","floor":14.0},{"not_picked":["Reboot","Meteor Strike"],"picked":"Seek","floor":16.0},{"not_picked":["Hello World","Self Repair"],"picked":"Ball Lightning","floor":17},{"not_picked":["Heatsinks","Steam"],"picked":"Defragment","floor":17},{"not_picked":["Scrape","Glacier"],"picked":"Loop","floor":17},{"not_picked":["Storm","Streamline"],"picked":"Go for the Eyes","floor":17},{"not_picked":["Rip and Tear","Aggregate"],"picked":"Sweeping Beam","floor":17},{"not_picked":["Lockon","Genetic Algorithm+1"],"picked":"Ball Lightning+1","floor":18},{"not_picked":["Bouncing Flask","Sword Boomerang+1"],"picked":"Cloak And Dagger","floor":20},{"not_picked":["Fire Breathing","Acrobatics","Inflame"],"picked":"SKIP","floor":22},{"not_picked":["Sword Boomerang","Finesse"],"picked":"Dash","floor":24},{"not_picked":["Genetic Algorithm","Searing Blow+1","Turbo"],"picked":"SKIP","floor":27},{"not_picked":["Chrysalis","Bullet Time"],"picked":"Burst","floor":33},{"not_picked":["Backflip","Slice+1","Undo"],"picked":"SKIP","floor":35},{"not_picked":["Darkness+1","Dash+1"],"picked":"Cold Snap+1","floor":38},{"not_picked":["Warcry","Feel No Pain","Blind"],"picked":"SKIP","floor":44},{"not_picked":["Combust+1","Perfected Strike+1","Chaos"],"picked":"SKIP","floor":45}],"player_experience":535172,"relics_obtained":[{"floor":9.0,"key":"Ornamental Fan"},{"floor":13.0,"key":"Vajra"},{"floor":43,"key":"Pantograph"}],"event_choices":[{"damage_healed":0.0,"max_hp_gain":0.0,"max_hp_loss":0.0,"gold_gain":0.0,"event_name":"Lab","player_choice":"Got Potions","floor":2.0,"gold_loss":0.0,"damage_taken":0.0},{"cards_removed":["Strike_B"],"damage_healed":0.0,"max_hp_gain":0.0,"max_hp_loss":0.0,"gold_gain":0.0,"event_name":"Golden Wing","player_choice":"Card Removal","floor":5.0,"gold_loss":0.0,"damage_taken":7.0},{"damage_healed":0.0,"max_hp_gain":0.0,"max_hp_loss":0.0,"gold_gain":0.0,"event_name":"Dead Adventurer","player_choice":"Searched \u00271\u0027 times","floor":7.0,"gold_loss":0.0,"damage_taken":0.0,"relics_obtained":["Regal Pillow"]},{"damage_healed":18.0,"max_hp_gain":0.0,"max_hp_loss":0.0,"gold_gain":0.0,"event_name":"The Cleric","player_choice":"Healed","floor":10.0,"gold_loss":35.0,"damage_taken":0.0},{"damage_healed":0,"gold_gain":0,"player_choice":"Paid Fearfully","damage_taken":0,"max_hp_gain":0,"max_hp_loss":0,"event_name":"Masked Bandits","floor":21,"gold_loss":25},{"damage_healed":0,"gold_gain":0,"player_choice":"Opened","damage_taken":0,"relics_obtained":["Symbiotic Virus"],"max_hp_gain":0,"max_hp_loss":0,"event_name":"The Mausoleum","floor":29,"gold_loss":0,"cards_obtained":["Writhe"]},{"damage_healed":0,"gold_gain":0,"player_choice":"Ignored","damage_taken":0,"max_hp_gain":0,"max_hp_loss":0,"event_name":"Vampires","floor":31,"gold_loss":0},{"cards_removed":["Dualcast"],"damage_healed":0,"gold_gain":0,"player_choice":"Removed Skill","damage_taken":0,"max_hp_gain":0,"max_hp_loss":0,"event_name":"Falling","floor":36,"gold_loss":0},{"damage_healed":0,"gold_gain":0,"player_choice":"Ignored","damage_taken":0,"max_hp_gain":0,"max_hp_loss":0,"event_name":"Mysterious Sphere","floor":37,"gold_loss":0},{"damage_healed":5,"gold_gain":0,"player_choice":"Full Heal","damage_taken":0,"max_hp_gain":0,"max_hp_loss":0,"event_name":"Wheel of Change","floor":41,"gold_loss":0}],"is_beta":false,"boss_relics":[{"not_picked":["FrozenCore","Snecko Eye"],"picked":"Orrery"},{"not_picked":["White Beast Statue","Calling Bell"],"picked":"Eternal Feather"}],"items_purged_floors":[],"is_endless":false,"potions_floor_spawned":[1,12,13,18,33,35,38],"killed_by":"Sphere and 2 Shapes","ascension_level":0}