{"gold_per_floor":[118,68,33,48,60,90,90,125,125,135,135,146,178,194,194,194],"floor_reached":16,"playtime":1240,"items_purged":[],"score":165,"play_id":"f3d1414d-6dfc-40d5-b71c-bf25eaed712c","local_time":"20190730213222","is_ascension_mode":true,"campfire_choices":[{"floor":7,"key":"REST"},{"data":"Neutralize","floor":11,"key":"SMITH"},{"floor":15,"key":"REST"}],"neow_cost":"NONE","seed_source_timestamp":18250184383819,"circlet_count":0,"master_deck":["Strike_G","Strike_G","Strike_G","Strike_G","Defend_G","Defend_G","Defend_G","Defend_G","Defend_G","Survivor","Neutralize+1","Dodge and Roll","Footwork","Slice","Skewer","Quick Slash","Flying Knee","Malaise","Deflect","Leg Sweep"],"relics":["Ring of the Snake","Potion Belt","Question Card","Blood Vial","Strawberry"],"potions_floor_usage":[8,13,16,16],"damage_taken":[{"damage":4,"enemies":"Jaw Worm","floor":1,"turns":7},{"damage":2,"enemies":"Small Slimes","floor":4,"turns":7},{"damage":0,"enemies":"Cultist","floor":5,"turns":5},{"damage":32,"enemies":"Gremlin Nob","floor":6,"turns":5},{"damage":17,"enemies":"3 Sentries","floor":8,"turns":11},{"damage":0,"enemies":"Red Slaver","floor":10,"turns":4},{"damage":11,"enemies":"Lots of Slimes","floor":12,"turns":6},{"damage":12,"enemies":"Gremlin Nob","floor":13,"turns":6},{"damage":0,"enemies":"3 Louse","floor":14,"turns":4},{"damage":58,"enemies":"Slime Boss","floor":16,"turns":20}],"seed_played":"-208299530733988955","potions_obtained":[{"floor":4,"key":"LiquidBronze"},{"floor":5,"key":"SkillPotion"},{"floor":8,"key":"EssenceOfSteel"},{"floor":12,"key":"SpeedPotion"},{"floor":13,"key":"SkillPotion"}],"is_trial":false,"path_per_floor":["M","?","$","M","M","E","R","E","T","M","R","M","E","M","R","B"],"character_chosen":"THE_SILENT","items_purchased":["Footwork"],"campfire_rested":2,"item_purchase_floors":[3],"current_hp_per_floor":[66,66,66,64,64,32,55,38,38,40,40,31,28,30,55,0],"gold":194,"neow_bonus":"TEN_PERCENT_HP_BONUS","is_prod":false,"is_daily":false,"chose_seed":false,"campfire_upgraded":1,"win_rate":0,"timestamp":1564515142,"path_taken":["M","?","$","M","M","E","R","E","T","M","R","M","E","M","R","BOSS"],"build_version":"2019-07-17","purchased_purges":0,"victory":false,"max_hp_per_floor":[77,77,77,77,77,77,77,77,77,77,77,77,84,84,84,84],"card_choices":[{"not_picked":["Backflip","Underhanded Strike"],"picked":"Dodge and Roll","floor":1},{"not_picked":["Escape Plan","Sucker Punch"],"picked":"Slice","floor":4},{"not_picked":["Backstab","Caltrops"],"picked":"Skewer","floor":5},{"not_picked":["Blur","Venomology"],"picked":"Quick Slash","floor":6},{"not_picked":["Underhanded Strike","Acrobatics","Well Laid Plans"],"picked":"SKIP","floor":8},{"not_picked":["Dagger Throw","Bane","Acrobatics"],"picked":"Flying Knee","floor":10},{"not_picked":["Bouncing Flask","Slice","Tactician"],"picked":"Malaise","floor":12},{"not_picked":["Poisoned Stab","Sucker Punch","Quick Slash"],"picked":"Deflect","floor":13},{"not_picked":["Deadly Poison","Underhanded Strike","Poisoned Stab"],"picked":"Leg Sweep","floor":14}],"player_experience":656624,"relics_obtained":[{"floor":6,"key":"Potion Belt"},{"floor":8,"key":"Question Card"},{"floor":9,"key":"Blood Vial"},{"floor":13,"key":"Strawberry"}],"event_choices":[{"cards_removed":["Strike_G"],"damage_healed":0,"gold_gain":0,"player_choice":"Card Removal","damage_taken":0,"max_hp_gain":0,"max_hp_loss":0,"event_name":"The Cleric","floor":2,"gold_loss":50}],"is_beta":false,"boss_relics":[],"items_purged_floors":[],"is_endless":false,"potions_floor_spawned":[4,5,8,12,13],"killed_by":"Slime Boss","ascension_level":7}