{"gold_per_floor":[118,118,133,48,61,61,90,105,128,138,151,228,82,94,94,199,199,213,223,235,164,164],"floor_reached":22,"playtime":1733,"items_purged":[],"score":291,"play_id":"87ef7fcb-67fa-49a5-99d8-2de6ab790f04","local_time":"20190803030047","is_ascension_mode":true,"campfire_choices":[{"data":"Bash","floor":6,"key":"SMITH"},{"data":"Armaments","floor":15,"key":"SMITH"}],"neow_cost":"NONE","seed_source_timestamp":100116478839050,"circlet_count":0,"master_deck":["Strike_R","Strike_R","Strike_R","Strike_R","Defend_R","Defend_R","Defend_R","Defend_R","Bash+1","Rampage","Evolve","Pommel Strike","Feel No Pain","Feed","Clothesline","Armaments+1","Seeing Red","Exhume","True Grit","Iron Wave","Ghostly Armor"],"relics":["Burning Blood","NeowsBlessing","PreservedInsect","Orichalcum","Tiny Chest","Bag of Marbles","Runic Dome"],"potions_floor_usage":[8,11,11,16,16,16,16,19,22],"damage_taken":[{"damage":0,"enemies":"Jaw Worm","floor":1,"turns":1},{"damage":0,"enemies":"Cultist","floor":3,"turns":1},{"damage":0,"enemies":"2 Louse","floor":5,"turns":1},{"damage":20,"enemies":"3 Sentries","floor":7,"turns":9},{"damage":29,"enemies":"Large Slime","floor":8,"turns":8},{"damage":13,"enemies":"3 Louse","floor":10,"turns":3},{"damage":10,"enemies":"Lots of Slimes","floor":11,"turns":6},{"damage":0,"enemies":"Gremlin Gang","floor":14,"turns":5},{"damage":43,"enemies":"The Guardian","floor":16,"turns":11},{"damage":6,"enemies":"Chosen","floor":18,"turns":5},{"damage":40,"enemies":"Spheric Guardian","floor":19,"turns":6},{"damage":37,"enemies":"Centurion and Healer","floor":20,"turns":7},{"damage":16,"enemies":"Snecko","floor":22,"turns":7}],"seed_played":"4276247476897353690","potions_obtained":[{"floor":1,"key":"FearPotion"},{"floor":5,"key":"FearPotion"},{"floor":10,"key":"Fire Potion"},{"floor":11,"key":"EntropicBrew"},{"floor":14,"key":"BloodPotion"},{"floor":16,"key":"Poison Potion"},{"floor":19,"key":"Energy Potion"}],"is_trial":false,"path_per_floor":["M","?","M","$","M","R","E","M","T","M","M","T","$","M","R","B",null,"M","M","M","$","M"],"character_chosen":"IRONCLAD","items_purchased":["Evolve","Pommel Strike","Bag of Marbles","Ghostly Armor"],"campfire_rested":0,"item_purchase_floors":[4,4,13,21],"current_hp_per_floor":[78,78,80,80,80,80,66,46,46,42,41,41,41,50,50,36,78,78,47,16,16,0],"gold":164,"neow_bonus":"THREE_ENEMY_KILL","is_prod":false,"is_daily":false,"chose_seed":false,"campfire_upgraded":2,"win_rate":0,"timestamp":1564819247,"path_taken":["M","?","M","$","?","R","E","M","T","M","M","?","$","M","R","BOSS","M","M","M","$","M"],"build_version":"2019-07-17","purchased_purges":0,"victory":false,"max_hp_per_floor":[80,80,80,80,80,80,80,83,83,86,89,89,89,92,92,92,92,92,95,95,95,95],"card_choices":[{"not_picked":["Warcry","Thunderclap"],"picked":"Rampage","floor":1},{"not_picked":["Wild Strike","Pummel","Perfected Strike"],"picked":"SKIP","floor":3},{"not_picked":["Headbutt","Entrench"],"picked":"Feel No Pain","floor":5},{"not_picked":["Infernal Blade","Searing Blow"],"picked":"Feed","floor":7},{"not_picked":["Warcry","Infernal Blade"],"picked":"Clothesline","floor":8},{"not_picked":["Pommel Strike","Sword Boomerang","Flex"],"picked":"SKIP","floor":10},{"not_picked":["Anger","Headbutt"],"picked":"Armaments","floor":11},{"not_picked":["Bloodletting","Heavy Blade"],"picked":"Seeing Red","floor":14},{"not_picked":["Berserk","Feed"],"picked":"Exhume","floor":16},{"not_picked":["Flex","Armaments+1","Pommel Strike"],"picked":"SKIP","floor":18},{"not_picked":["Armaments","Clash+1"],"picked":"True Grit","floor":19},{"not_picked":["Bloodletting+1","Sword Boomerang"],"picked":"Iron Wave","floor":20}],"player_experience":596901,"relics_obtained":[{"floor":7,"key":"PreservedInsect"},{"floor":9,"key":"Orichalcum"},{"floor":12,"key":"Tiny Chest"}],"event_choices":[{"cards_removed":["Strike_R"],"damage_healed":0,"gold_gain":0,"player_choice":"Offered Basic","damage_taken":0,"max_hp_gain":0,"max_hp_loss":0,"event_name":"Bonfire Elementals","floor":2,"gold_loss":0}],"is_beta":false,"boss_relics":[{"not_picked":["Tiny House","Calling Bell"],"picked":"Runic Dome"}],"items_purged_floors":[],"is_endless":false,"potions_floor_spawned":[1,5,10,11,14,16,19],"killed_by":"Snecko","ascension_level":8}