{"gold_per_floor":[318,331,331,344,40,71,86,46,46,46,62,86,86,126,126,256,256,272,120,120,145,67,67,101,125,125,40,40,112,137,168,168,294,294,317,342,342,342,267,305,363,377,377,377,377,377,413,413,413,413],"floor_reached":51,"playtime":4230,"items_purged":["Injury"],"score":1166,"play_id":"c4f946ea-0f37-44a2-ab9d-58b0c4fff7aa","local_time":"20190802185409","is_ascension_mode":true,"campfire_choices":[{"data":"Dualcast","floor":10.0,"key":"SMITH"},{"data":"Coolheaded","floor":13.0,"key":"SMITH"},{"floor":15.0,"key":"REST"},{"floor":23.0,"key":"REST"},{"floor":28.0,"key":"REST"},{"floor":32.0,"key":"REST"},{"floor":44,"key":"REST"},{"floor":46,"key":"REST"},{"floor":49,"key":"RECALL"}],"neow_cost":"NO_GOLD","seed_source_timestamp":51286225856452,"circlet_count":0,"master_deck":["Strike_B","Strike_B","Strike_B","Strike_B+1","Defend_B","Defend_B","Defend_B","Defend_B+1","Zap","Dualcast+1","BootSequence","Capacitor","Cold Snap+1","Ball Lightning","Compile Driver","Coolheaded+1","Leap+1","Creative AI","Self Repair","Reinforced Body+1","Consume+1","Machine Learning","Core Surge","Force Field","Loop","Panache"],"special_seed":0,"relics":["Cracked Core","Old Coin","Golden Idol","Anchor","PreservedInsect","Whetstone","Symbiotic Virus","Thread and Needle","Philosopher\u0027s Stone","DataDisk","Art of War","War Paint","Torii","Blood Vial","Gremlin Horn","Vajra","Fusion Hammer","Bag of Preparation","FossilizedHelix","Cables","Pen Nib"],"potions_floor_usage":[50,50],"damage_taken":[{"damage":0.0,"enemies":"2 Louse","floor":1.0,"turns":3.0},{"damage":0.0,"enemies":"Jaw Worm","floor":2.0,"turns":3.0},{"damage":0.0,"enemies":"Cultist","floor":4.0,"turns":3.0},{"damage":12.0,"enemies":"Lagavulin","floor":6.0,"turns":6.0},{"damage":1.0,"enemies":"Looter","floor":7.0,"turns":3.0},{"damage":0.0,"enemies":"Large Slime","floor":11.0,"turns":3.0},{"damage":0.0,"enemies":"Blue Slaver","floor":12.0,"turns":3.0},{"damage":0.0,"enemies":"Gremlin Nob","floor":14.0,"turns":2.0},{"damage":16.0,"enemies":"The Guardian","floor":16.0,"turns":12.0},{"damage":0.0,"enemies":"Shell Parasite","floor":18.0,"turns":5.0},{"damage":30.0,"enemies":"3 Byrds","floor":21.0,"turns":5.0},{"damage":38.0,"enemies":"Gremlin Leader","floor":24.0,"turns":7.0},{"damage":8.0,"enemies":"Shelled Parasite and Fungi","floor":25.0,"turns":7.0},{"damage":8.0,"enemies":"Snake Plant","floor":30.0,"turns":3.0},{"damage":19.0,"enemies":"Slavers","floor":31.0,"turns":5.0},{"damage":36.0,"enemies":"Automaton","floor":33.0,"turns":14.0},{"damage":1.0,"enemies":"3 Darklings","floor":35.0,"turns":6.0},{"damage":0.0,"enemies":"3 Shapes","floor":36.0,"turns":3.0},{"damage":11.0,"enemies":"Reptomancer","floor":40.0,"turns":6.0},{"damage":50.0,"enemies":"2 Orb Walkers","floor":41.0,"turns":6.0},{"damage":0,"enemies":"Spire Growth","floor":42,"turns":4},{"damage":0,"enemies":"Giant Head","floor":47,"turns":8},{"damage":0,"enemies":"Time Eater","floor":50,"turns":11}],"seed_played":"1880277880813961847","potions_obtained":[{"floor":1.0,"key":"FocusPotion"},{"floor":2.0,"key":"AttackPotion"},{"floor":4.0,"key":"SpeedPotion"},{"floor":8.0,"key":"Poison Potion"},{"floor":8.0,"key":"Poison Potion"},{"floor":8.0,"key":"SteroidPotion"},{"floor":12.0,"key":"Fire Potion"},{"floor":14.0,"key":"Swift Potion"},{"floor":24.0,"key":"EssenceOfSteel"},{"floor":30.0,"key":"SpeedPotion"},{"floor":36.0,"key":"Energy Potion"},{"floor":41.0,"key":"Strength Potion"},{"floor":47,"key":"AttackPotion"}],"is_trial":false,"path_per_floor":["M","M","?","M","$","E","M","?","T","R","M","M","R","E","R","B",null,"M","$","?","M","$","R","E","M","T","?","R","T","M","E","R","B",null,"M","M","$","?","$","E","?","M","T","R","?","R","E","?","R","B",null],"character_chosen":"DEFECT","items_purchased":["Anchor","PreservedInsect","DataDisk","Self Repair"],"campfire_rested":6,"item_purchase_floors":[5,5,19,22],"current_hp_per_floor":[68,68,68,68,68,56,55,55,55,55,55,55,55,55,75,59,71,71,71,71,41,41,63,32,31,31,31,53,53,54,44,66,39,66,74,75,75,75,75,71,30,32,32,54,54,75,75,75,75,75],"gold":413,"neow_bonus":"ONE_RARE_RELIC","is_prod":false,"is_daily":false,"chose_seed":false,"campfire_upgraded":2,"win_rate":0,"timestamp":1564790049,"path_taken":["M","M","?","M","$","E","M","?","T","R","?","M","R","E","R","BOSS","M","$","?","M","$","R","E","M","T","?","R","?","M","E","R","BOSS","M","M","$","?","$","E","?","M","T","R","?","R","E","?","R","BOSS"],"build_version":"2019-07-17","purchased_purges":1,"victory":true,"max_hp_per_floor":[75,75,75,75,75,75,75,75,75,75,75,75,75,75,75,75,75,75,75,75,75,75,75,75,75,75,75,75,75,75,75,75,75,75,75,75,75,75,75,75,75,75,75,75,75,75,75,75,75,75],"card_choices":[{"not_picked":["Rebound","Rip and Tear"],"picked":"BootSequence","floor":1.0},{"not_picked":["Rip and Tear","Chaos"],"picked":"Capacitor","floor":2.0},{"not_picked":["Doom and Gloom","Sweeping Beam"],"picked":"Cold Snap","floor":4.0},{"not_picked":["Redo","Scrape"],"picked":"Ball Lightning","floor":6.0},{"not_picked":["Darkness","Steam Power","Blizzard"],"picked":"SKIP","floor":7.0},{"not_picked":["Heatsinks","Hologram"],"picked":"Compile Driver","floor":11.0},{"not_picked":["Barrage","Static Discharge"],"picked":"Coolheaded","floor":12.0},{"not_picked":["Sunder","Heatsinks"],"picked":"Leap","floor":14.0},{"not_picked":["Amplify","Reboot"],"picked":"Creative AI","floor":16.0},{"not_picked":["Compile Driver","Turbo","Rebound+1"],"picked":"SKIP","floor":18.0},{"not_picked":["Coolheaded","Sweeping Beam","Go for the Eyes"],"picked":"SKIP","floor":21.0},{"not_picked":["Cold Snap","Rip and Tear+1"],"picked":"Reinforced Body+1","floor":24.0},{"not_picked":["Lockon","Gash"],"picked":"Consume+1","floor":25.0},{"not_picked":["Rebound+1","Gash"],"picked":"Machine Learning","floor":30.0},{"not_picked":["Ball Lightning","Gash","Compile Driver"],"picked":"SKIP","floor":31.0},{"not_picked":["Rainbow","Meteor Strike"],"picked":"Core Surge","floor":33.0},{"not_picked":["Fusion","Scrape+1","Recycle+1"],"picked":"SKIP","floor":35.0},{"not_picked":["Stack+1","Compile Driver","Rebound+1"],"picked":"SKIP","floor":36.0},{"not_picked":["Ball Lightning","Conserve Battery"],"picked":"Hologram+1","floor":40.0},{"not_picked":["Sweeping Beam+1","Doom and Gloom"],"picked":"Force Field","floor":41.0},{"not_picked":["Coolheaded+1","Double Energy+1","Capacitor+1"],"picked":"SKIP","floor":42},{"not_picked":["Chaos","Doom and Gloom+1"],"picked":"Loop","floor":47},{"not_picked":["Swift Strike","Enlightenment"],"picked":"Panache","floor":48}],"player_experience":575994,"relics_obtained":[{"floor":6.0,"key":"Whetstone"},{"floor":9.0,"key":"Symbiotic Virus"},{"floor":14.0,"key":"Thread and Needle"},{"floor":24.0,"key":"War Paint"},{"floor":26.0,"key":"Torii"},{"floor":29.0,"key":"Gremlin Horn"},{"floor":31.0,"key":"Vajra"},{"floor":40.0,"key":"Bag of Preparation"},{"floor":41.0,"key":"FossilizedHelix"},{"floor":43,"key":"Cables"},{"floor":47,"key":"Pen Nib"}],"event_choices":[{"damage_healed":0.0,"max_hp_gain":0.0,"max_hp_loss":0.0,"gold_gain":0.0,"event_name":"Golden Idol","player_choice":"Take Wound","floor":3.0,"gold_loss":0.0,"damage_taken":0.0,"relics_obtained":["Golden Idol"],"cards_obtained":["Injury"]},{"damage_healed":0.0,"max_hp_gain":0.0,"max_hp_loss":0.0,"gold_gain":0.0,"event_name":"The Woman in Blue","player_choice":"Bought 3 Potions","floor":8.0,"gold_loss":0.0,"damage_taken":0.0},{"damage_healed":0.0,"max_hp_gain":0.0,"max_hp_loss":0.0,"gold_gain":0.0,"event_name":"The Mausoleum","player_choice":"Opened","floor":20.0,"gold_loss":0.0,"damage_taken":0.0,"relics_obtained":["Art of War"]},{"damage_healed":0.0,"max_hp_gain":0.0,"max_hp_loss":0.0,"gold_gain":0.0,"event_name":"Addict","player_choice":"Obtained Relic","floor":27.0,"gold_loss":85.0,"damage_taken":0.0,"relics_obtained":["Blood Vial"]},{"damage_healed":0.0,"max_hp_gain":0.0,"max_hp_loss":0.0,"gold_gain":0.0,"event_name":"Tomb of Lord Red Mask","player_choice":"Ignored","floor":38.0,"gold_loss":0.0,"damage_taken":0.0},{"damage_healed":0.0,"max_hp_gain":0.0,"max_hp_loss":0.0,"gold_gain":0.0,"event_name":"Mysterious Sphere","player_choice":"Fight","floor":41.0,"gold_loss":0.0,"damage_taken":0.0},{"cards_removed":["Hologram"],"damage_healed":0,"gold_gain":0,"player_choice":"Removed Skill","damage_taken":0,"max_hp_gain":0,"max_hp_loss":0,"event_name":"Falling","floor":45,"gold_loss":0},{"damage_healed":0,"gold_gain":0,"player_choice":"Memory 1","damage_taken":0,"max_hp_gain":0,"max_hp_loss":0,"event_name":"SensoryStone","floor":48,"gold_loss":0}],"is_beta":false,"boss_relics":[{"not_picked":["Orrery","Runic Pyramid"],"picked":"Philosopher\u0027s Stone"},{"not_picked":["Calling Bell","Cursed Key"],"picked":"Fusion Hammer"}],"items_purged_floors":[39],"is_endless":false,"potions_floor_spawned":[1,2,4,12,14,16,24,30,36,41,47],"ascension_level":6}