{"gold_per_floor":[117,132,132,147,163,163,182,182,182,215,47,47,47,79,79,157,157,174,189,189,204,216,216],"floor_reached":23,"playtime":925,"items_purged":[],"score":396,"play_id":"62ee7c80-37b4-4879-a205-3fe0b7fbc63e","local_time":"20190129220549","is_ascension_mode":true,"campfire_choices":[{"data":"Conserve Battery","floor":6.0,"key":"SMITH"},{"floor":8.0,"key":"REST"},{"floor":15,"key":"REST"}],"neow_cost":"NONE","seed_source_timestamp":34810460480740,"circlet_count":0,"master_deck":["AscendersBane","Strike_B","Strike_B","Strike_B","Strike_B+1","Defend_B","Defend_B","Defend_B","Defend_B","Zap+1","Dualcast","Sweeping Beam+1","Coolheaded+1","Conserve Battery+1","Capacitor","Recycle","Leap","Electrodynamics","Loop"],"special_seed":0,"relics":["Cracked Core","Dead Branch","FossilizedHelix","Oddly Smooth Stone","Kunai","Black Star","Blood Vial"],"potions_floor_usage":[14,16,21,23],"damage_taken":[{"damage":3.0,"enemies":"Small Slimes","floor":1.0,"turns":3.0},{"damage":7.0,"enemies":"2 Louse","floor":2.0,"turns":3.0},{"damage":0.0,"enemies":"Cultist","floor":4.0,"turns":2.0},{"damage":8.0,"enemies":"Looter","floor":5.0,"turns":3.0},{"damage":4.0,"enemies":"Lots of Slimes","floor":7.0,"turns":2.0},{"damage":9.0,"enemies":"Lagavulin","floor":10.0,"turns":8.0},{"damage":37,"enemies":"Gremlin Nob","floor":14,"turns":5},{"damage":5,"enemies":"Slime Boss","floor":16,"turns":10},{"damage":22,"enemies":"3 Byrds","floor":18,"turns":4},{"damage":4,"enemies":"Shell Parasite","floor":19,"turns":7},{"damage":20,"enemies":"Centurion and Healer","floor":21,"turns":6},{"damage":14,"enemies":"Snecko","floor":22,"turns":6},{"damage":29,"enemies":"Gremlin Leader","floor":23,"turns":6}],"seed_played":"-5258761448000887144","potions_obtained":[{"floor":7.0,"key":"Fruit Juice"},{"floor":10.0,"key":"Strength Potion"},{"floor":14,"key":"Block Potion"},{"floor":16,"key":"SkillPotion"},{"floor":21,"key":"Regen Potion"}],"is_trial":false,"path_per_floor":["M","M","?","M","M","R","M","R","T","E","$","?","$","E","R","B",null,"M","M","?","M","M","E"],"character_chosen":"DEFECT","items_purchased":["Oddly Smooth Stone"],"campfire_rested":2,"item_purchase_floors":[11],"current_hp_per_floor":[61,54,33,33,25,25,21,42,42,38,38,38,38,1,23,18,62,40,36,36,18,6,0],"gold":216,"neow_bonus":"UPGRADE_CARD","is_prod":false,"is_daily":false,"chose_seed":false,"campfire_upgraded":1,"win_rate":0,"timestamp":1548788749,"path_taken":["M","M","?","M","M","R","M","R","T","E","$","?","$","E","R","BOSS","M","?","?","?","?","E"],"build_version":"2019-01-23","purchased_purges":0,"victory":false,"max_hp_per_floor":[71,71,71,71,71,71,71,71,71,76,76,76,76,76,76,76,76,76,76,76,76,76,76],"card_choices":[{"not_picked":["Gash","Compile Driver"],"picked":"Sweeping Beam","floor":1.0},{"not_picked":["Compile Driver","Beam Cell"],"picked":"Coolheaded","floor":2.0},{"not_picked":["Compile Driver","Reinforced Body"],"picked":"Barrage","floor":4.0},{"not_picked":["Leap","Blizzard"],"picked":"Conserve Battery","floor":5.0},{"not_picked":["Chaos","Glacier"],"picked":"Capacitor","floor":7.0},{"not_picked":["Compile Driver","Go for the Eyes"],"picked":"Recycle","floor":10.0},{"not_picked":["Rebound","Hyperbeam"],"picked":"Leap","floor":14},{"not_picked":["Creative AI","Thunder Strike"],"picked":"Electrodynamics","floor":16},{"not_picked":["Rebound","Tempest","Sweeping Beam"],"picked":"SKIP","floor":18},{"not_picked":["Streamline","Redo","Beam Cell"],"picked":"SKIP","floor":19},{"not_picked":["Steam","Compile Driver"],"picked":"Loop","floor":21},{"not_picked":["Scrape+1","Stack+1","Streamline"],"picked":"SKIP","floor":22}],"player_experience":724353,"relics_obtained":[{"floor":9.0,"key":"Dead Branch"},{"floor":10.0,"key":"FossilizedHelix"},{"floor":14,"key":"Kunai"}],"event_choices":[{"damage_healed":0.0,"max_hp_gain":0.0,"max_hp_loss":0.0,"gold_gain":0.0,"event_name":"Shining Light","player_choice":"Entered Light","floor":3.0,"gold_loss":0.0,"damage_taken":21.0,"cards_upgraded":["Strike_B","Sweeping Beam"]},{"damage_healed":0.0,"max_hp_gain":0.0,"max_hp_loss":0.0,"gold_gain":0.0,"event_name":"Accursed Blacksmith","player_choice":"Forge","floor":12.0,"gold_loss":0.0,"damage_taken":0.0,"cards_upgraded":["Coolheaded"]},{"cards_removed":["Barrage"],"damage_healed":0,"gold_gain":0,"player_choice":"Gave Card","damage_taken":0,"relics_obtained":["Blood Vial"],"max_hp_gain":0,"max_hp_loss":0,"event_name":"WeMeetAgain","floor":20,"gold_loss":0}],"is_beta":false,"boss_relics":[{"not_picked":["Lizard Tail","Coffee Dripper"],"picked":"Black Star"}],"items_purged_floors":[],"is_endless":false,"potions_floor_spawned":[7,10,14,16,21],"killed_by":"Gremlin Leader","ascension_level":19}