{"gold_per_floor":[117,117,22,37,37,65,65,95,95,63,89,103,103,121,121,196,196,214,226,141,66,30,30,59,59,59,92,92,112,112,124,124,124],"floor_reached":33,"playtime":1815,"items_purged":[],"score":512,"play_id":"bfc68767-2329-4142-8954-ed0bd1a0f101","local_time":"20190807133045","is_ascension_mode":true,"campfire_choices":[{"floor":7,"key":"REST"},{"floor":13,"key":"REST"},{"data":"Choke","floor":15,"key":"SMITH"},{"data":"Terror","floor":23,"key":"SMITH"},{"data":"Footwork","floor":25,"key":"SMITH"},{"floor":28,"key":"REST"},{"data":"1","floor":30,"key":"LIFT"},{"floor":32,"key":"REST"}],"neow_cost":"NONE","seed_source_timestamp":14784203402759,"circlet_count":0,"master_deck":["AscendersBane","Strike_G","Strike_G","Strike_G","Strike_G","Defend_G","Defend_G","Defend_G","Defend_G","Defend_G","Survivor","Neutralize","Terror+1","Dark Shackles+1","Cloak And Dagger+1","Skewer","Cloak And Dagger+1","Backflip+1","Choke+1","Deflect+1","Blur+1","Footwork+1","Corpse Explosion+1","Cloak And Dagger+1","Blade Dance+1","Noxious Fumes","Corpse Explosion+1","Blade Dance+1","Catalyst+1","Acrobatics+1","Leg Sweep+1"],"relics":["Ring of the Snake","Toxic Egg 2","Dream Catcher","Mummified Hand","Oddly Smooth Stone","Pen Nib","Snecko Eye","Peace Pipe","Letter Opener","Potion Belt","Girya"],"potions_floor_usage":[8,11,16,24,31,33],"damage_taken":[{"damage":4,"enemies":"Small Slimes","floor":1,"turns":5},{"damage":0,"enemies":"Jaw Worm","floor":4,"turns":4},{"damage":25,"enemies":"Lagavulin","floor":6,"turns":10},{"damage":25,"enemies":"Gremlin Nob","floor":8,"turns":4},{"damage":1,"enemies":"3 Sentries","floor":11,"turns":11},{"damage":0,"enemies":"2 Louse","floor":12,"turns":2},{"damage":0,"enemies":"2 Fungi Beasts","floor":14,"turns":4},{"damage":17,"enemies":"Slime Boss","floor":16,"turns":15},{"damage":1,"enemies":"3 Byrds","floor":18,"turns":4},{"damage":15,"enemies":"Spheric Guardian","floor":19,"turns":6},{"damage":12,"enemies":"Slavers","floor":24,"turns":2},{"damage":15,"enemies":"Book of Stabbing","floor":27,"turns":4},{"damage":0,"enemies":"Centurion and Healer","floor":29,"turns":2},{"damage":2,"enemies":"Sentry and Sphere","floor":31,"turns":4},{"damage":71,"enemies":"Automaton","floor":33,"turns":6}],"seed_played":"2468117068374773438","potions_obtained":[{"floor":6,"key":"EssenceOfSteel"},{"floor":8,"key":"Block Potion"},{"floor":12,"key":"SkillPotion"},{"floor":18,"key":"Explosive Potion"},{"floor":27,"key":"GamblersBrew"},{"floor":31,"key":"Block Potion"}],"is_trial":false,"path_per_floor":["M","?","$","M","?","E","R","E","T","?","E","M","R","M","R","B",null,"M","M","?","?","$","R","E","R","T","E","R","M","R","M","R","B"],"character_chosen":"THE_SILENT","items_purchased":["Dark Shackles+1","Noxious Fumes"],"campfire_rested":4,"item_purchase_floors":[3,22],"current_hp_per_floor":[61,43,43,43,43,18,39,14,14,14,13,13,34,34,34,17,58,57,42,42,42,42,42,30,30,30,15,36,36,36,34,55,0],"gold":124,"neow_bonus":"TEN_PERCENT_HP_BONUS","is_prod":false,"is_daily":false,"chose_seed":false,"campfire_upgraded":3,"win_rate":0,"timestamp":1565177445,"path_taken":["M","?","$","M","?","E","R","E","T","?","E","M","R","M","R","BOSS","M","M","?","?","$","R","E","R","T","E","R","M","R","M","R","BOSS"],"build_version":"2019-07-17","purchased_purges":0,"victory":false,"max_hp_per_floor":[72,72,72,72,72,72,72,72,72,72,72,72,72,72,72,72,72,72,72,72,72,72,72,72,72,72,72,72,72,72,72,72,72],"card_choices":[{"not_picked":["Bane","Crippling Poison"],"picked":"Terror","floor":1},{"not_picked":["Setup+1","Outmaneuver+1"],"picked":"Cloak And Dagger+1","floor":4},{"not_picked":["Catalyst+1","Caltrops"],"picked":"Skewer","floor":6},{"not_picked":["Poisoned Stab","All Out Attack"],"picked":"Cloak And Dagger+1","floor":7},{"not_picked":["Choke","Caltrops"],"picked":"Backflip+1","floor":8},{"not_picked":["Dash","Dagger Throw"],"picked":"Choke","floor":11},{"not_picked":["Poisoned Stab","Outmaneuver+1"],"picked":"Deflect+1","floor":12},{"not_picked":["Bane","Caltrops"],"picked":"Blur+1","floor":13},{"not_picked":["Acrobatics+1","Backflip+1"],"picked":"Footwork","floor":14},{"not_picked":["Glass Knife","Doppelganger+1"],"picked":"Corpse Explosion+1","floor":16},{"not_picked":["Outmaneuver+1","Underhanded Strike"],"picked":"Cloak And Dagger+1","floor":18},{"not_picked":["Flying Knee","Dagger Throw"],"picked":"Blade Dance+1","floor":19},{"not_picked":["Concentrate+1","Distraction+1","Dagger Throw"],"picked":"SKIP","floor":24},{"not_picked":["PiercingWail+1","Dagger Throw"],"picked":"Corpse Explosion+1","floor":27},{"not_picked":["Prepared+1","Flechettes"],"picked":"Blade Dance+1","floor":28},{"not_picked":["Dagger Throw","Sucker Punch"],"picked":"Catalyst+1","floor":29},{"not_picked":["Prepared+1","Masterful Stab"],"picked":"Acrobatics+1","floor":31},{"not_picked":["Bane","Cloak And Dagger+1"],"picked":"Leg Sweep+1","floor":32}],"player_experience":743896,"relics_obtained":[{"floor":6,"key":"Dream Catcher"},{"floor":8,"key":"Mummified Hand"},{"floor":9,"key":"Oddly Smooth Stone"},{"floor":11,"key":"Pen Nib"},{"floor":24,"key":"Letter Opener"},{"floor":26,"key":"Potion Belt"},{"floor":27,"key":"Girya"}],"event_choices":[{"damage_healed":0,"gold_gain":0,"player_choice":"Success","damage_taken":18,"relics_obtained":["Toxic Egg 2"],"max_hp_gain":0,"max_hp_loss":0,"event_name":"Scrap Ooze","floor":2,"gold_loss":0},{"damage_healed":0,"gold_gain":0,"player_choice":"Ignored","damage_taken":0,"max_hp_gain":0,"max_hp_loss":0,"event_name":"Liars Game","floor":5,"gold_loss":0},{"damage_healed":0,"gold_gain":0,"player_choice":"Left Gold","damage_taken":0,"max_hp_gain":0,"max_hp_loss":0,"event_name":"World of Goop","floor":10,"gold_loss":32},{"damage_healed":0,"gold_gain":0,"player_choice":"Obtained Relic","damage_taken":0,"relics_obtained":["Peace Pipe"],"max_hp_gain":0,"max_hp_loss":0,"event_name":"Addict","floor":20,"gold_loss":85},{"cards_removed":["Strike_G"],"damage_healed":0,"gold_gain":0,"player_choice":"Gave Gold","damage_taken":0,"max_hp_gain":0,"max_hp_loss":0,"event_name":"Beggar","floor":21,"gold_loss":75}],"is_beta":false,"boss_relics":[{"not_picked":["Tiny House","Calling Bell"],"picked":"Snecko Eye"}],"items_purged_floors":[],"is_endless":false,"potions_floor_spawned":[6,8,12,18,27,31],"killed_by":"Automaton","ascension_level":14}