{"gold_per_floor":[116,116,135,152,77,77,95,129,129,143,171,198,198],"floor_reached":13,"playtime":1358,"items_purged":["Strike_R"],"score":190,"play_id":"9a66d06d-2a59-4efb-939c-bc720bce9eb1","local_time":"20190730175934","is_ascension_mode":true,"campfire_choices":[{"data":"Bash","floor":6,"key":"SMITH"}],"neow_cost":"NONE","seed_source_timestamp":85704573978155,"circlet_count":0,"master_deck":["AscendersBane","Strike_R","Strike_R","Strike_R","Strike_R","Defend_R","Defend_R","Defend_R","Defend_R","Bash+1","Clothesline","Headbutt","Dropkick","Battle Trance","Twin Strike+1","Power Through+1","Flame Barrier+1"],"relics":["Burning Blood","Bronze Scales","Molten Egg 2","Dodecahedron","Toxic Egg 2","Odd Mushroom"],"potions_floor_usage":[11,13,13],"damage_taken":[{"damage":7,"enemies":"Small Slimes","floor":1,"turns":4},{"damage":16,"enemies":"Jaw Worm","floor":3,"turns":4},{"damage":2,"enemies":"2 Louse","floor":4,"turns":3},{"damage":30,"enemies":"Gremlin Gang","floor":7,"turns":4},{"damage":11,"enemies":"Gremlin Nob","floor":8,"turns":3},{"damage":9,"enemies":"Looter","floor":10,"turns":3},{"damage":20,"enemies":"Lagavulin","floor":11,"turns":4},{"damage":15,"enemies":"The Mushroom Lair","floor":12,"turns":5},{"damage":17,"enemies":"Gremlin Nob","floor":13,"turns":3}],"seed_played":"6442194831355429725","potions_obtained":[{"floor":1,"key":"Strength Potion"},{"floor":7,"key":"Weak Potion"},{"floor":11,"key":"FearPotion"},{"floor":12,"key":"PowerPotion"}],"is_trial":false,"path_per_floor":["M","?","M","M","$","R","M","E","T","M","E","?","E"],"character_chosen":"IRONCLAD","items_purchased":[],"campfire_rested":0,"item_purchase_floors":[],"current_hp_per_floor":[67,72,62,66,66,66,42,37,37,34,20,11,0],"gold":198,"neow_bonus":"RANDOM_COMMON_RELIC","is_prod":false,"is_daily":false,"chose_seed":false,"campfire_upgraded":1,"win_rate":0,"timestamp":1564523974,"path_taken":["M","?","M","M","?","R","M","E","T","M","E","?","E"],"build_version":"2019-07-17","purchased_purges":1,"victory":false,"max_hp_per_floor":[75,80,80,80,80,80,80,80,80,80,80,80,80],"card_choices":[{"not_picked":["Second Wind","True Grit"],"picked":"Clothesline","floor":1},{"not_picked":["Seeing Red","Pommel Strike"],"picked":"Headbutt","floor":3},{"not_picked":["Clothesline","Dual Wield"],"picked":"Dropkick","floor":4},{"not_picked":["Thunderclap","Anger"],"picked":"Battle Trance","floor":7},{"not_picked":["Warcry","Dropkick","Clash"],"picked":"SKIP","floor":8},{"not_picked":["Dark Embrace","Pommel Strike+1"],"picked":"Twin Strike+1","floor":10},{"not_picked":["Havoc","Pommel Strike+1"],"picked":"Power Through","floor":11},{"not_picked":["Heavy Blade+1","Burning Pact+1"],"picked":"Flame Barrier+1","floor":12}],"player_experience":2528584,"relics_obtained":[{"floor":8,"key":"Molten Egg 2"},{"floor":9,"key":"Dodecahedron"},{"floor":11,"key":"Toxic Egg 2"},{"floor":12,"key":"Odd Mushroom"}],"event_choices":[{"damage_healed":0,"gold_gain":0,"player_choice":"Donut","damage_taken":0,"max_hp_gain":5,"max_hp_loss":0,"event_name":"Big Fish","floor":2,"gold_loss":0},{"damage_healed":0,"gold_gain":0,"player_choice":"Fought Mushrooms","damage_taken":0,"max_hp_gain":0,"max_hp_loss":0,"event_name":"Mushrooms","floor":12,"gold_loss":0}],"is_beta":false,"boss_relics":[],"items_purged_floors":[5],"is_endless":false,"potions_floor_spawned":[1,7,11,12],"killed_by":"Gremlin Nob","ascension_level":20}