{"gold_per_floor":[112,112,130,55,69,69,97,112,165,191,150,150,179,88,88,190,190,201,216,271,271,286,286,286,316,339,339,339,359,359,385,385,385],"floor_reached":33,"playtime":1997,"items_purged":["Strike_R"],"score":476,"play_id":"343b74cd-40f0-4519-9aeb-c8a158e9be6a","local_time":"20190727230506","is_ascension_mode":true,"campfire_choices":[{"data":"Bash","floor":6,"key":"SMITH"},{"data":"Disarm","floor":12,"key":"SMITH"},{"data":"Spot Weakness","floor":15,"key":"SMITH"},{"data":"J.A.X.","floor":23,"key":"SMITH"},{"data":"Pommel Strike","floor":27,"key":"SMITH"},{"data":"True Grit","floor":32,"key":"SMITH"}],"neow_cost":"NONE","seed_source_timestamp":21464537012730,"circlet_count":0,"master_deck":["Strike_R+1","Strike_R+1","Strike_R+1","Defend_R+1","Defend_R+1","Defend_R+1","Defend_R+1","Bash+1","Iron Wave","Pommel Strike+1","Shockwave","Spot Weakness+1","Disarm+1","Anger+1","Heavy Blade+1","Immolate+1","Headbutt+1","Clumsy","J.A.X.+1","Clumsy","True Grit+1","Ghostly","Ghostly","Ghostly","Ghostly","Ghostly","Disarm"],"relics":["Burning Blood","Pen Nib","Molten Egg 2","Vajra","PreservedInsect","Boot","Gambling Chip","Cursed Key","Potion Belt","Ancient Tea Set","Smiling Mask"],"potions_floor_usage":[8,10,16,33],"damage_taken":[{"damage":3,"enemies":"2 Louse","floor":1,"turns":3},{"damage":7,"enemies":"Small Slimes","floor":3,"turns":3},{"damage":1,"enemies":"Cultist","floor":5,"turns":3},{"damage":21,"enemies":"Gremlin Nob","floor":7,"turns":4},{"damage":20,"enemies":"Exordium Thugs","floor":8,"turns":5},{"damage":10,"enemies":"3 Sentries","floor":10,"turns":7},{"damage":8,"enemies":"Gremlin Nob","floor":13,"turns":3},{"damage":0,"enemies":"Hexaghost","floor":16,"turns":7},{"damage":7,"enemies":"Shell Parasite","floor":18,"turns":2},{"damage":1,"enemies":"Spheric Guardian","floor":19,"turns":3},{"damage":8,"enemies":"Cultist and Chosen","floor":22,"turns":3},{"damage":3,"enemies":"Gremlin Leader","floor":25,"turns":3},{"damage":10,"enemies":"Snake Plant","floor":29,"turns":3},{"damage":2,"enemies":"Slavers","floor":31,"turns":2},{"damage":51,"enemies":"Champ","floor":33,"turns":10}],"seed_played":"-7664552267466900745","potions_obtained":[{"floor":1,"key":"BloodPotion"},{"floor":5,"key":"Explosive Potion"},{"floor":7,"key":"PowerPotion"},{"floor":13,"key":"Block Potion"},{"floor":16,"key":"BloodPotion"},{"floor":25,"key":"SteroidPotion"},{"floor":28,"key":"GamblersBrew"},{"floor":28,"key":"Strength Potion"},{"floor":28,"key":"FearPotion"},{"floor":31,"key":"PowerPotion"}],"is_trial":false,"path_per_floor":["M","?","M","$","M","R","E","M","T","E","?","R","E","?","R","B",null,"M","M","T","?","M","R","?","E","T","R","?","M","?","E","R","B"],"character_chosen":"IRONCLAD","items_purchased":[],"campfire_rested":0,"item_purchase_floors":[],"current_hp_per_floor":[80,73,72,72,77,77,62,48,48,64,64,64,62,62,62,68,80,79,80,80,80,78,78,78,80,80,80,80,76,40,40,40,0],"gold":385,"neow_bonus":"RANDOM_COMMON_RELIC","is_prod":false,"is_daily":false,"chose_seed":false,"campfire_upgraded":6,"win_rate":0,"timestamp":1564261506,"path_taken":["M","?","M","$","M","R","E","M","T","E","?","R","E","?","R","BOSS","M","?","?","?","M","R","?","E","T","R","?","?","?","E","R","BOSS"],"build_version":"2019-07-17","purchased_purges":1,"victory":false,"max_hp_per_floor":[80,80,80,80,80,80,80,80,80,80,80,80,80,80,80,80,80,80,80,80,80,80,80,80,80,80,80,80,80,40,40,40,40],"card_choices":[{"not_picked":["Rage","Thunderclap"],"picked":"Iron Wave","floor":1},{"not_picked":["Intimidate","Thunderclap"],"picked":"Pommel Strike","floor":3},{"not_picked":["Rage","Cleave"],"picked":"Shockwave","floor":5},{"not_picked":["Heavy Blade","Anger"],"picked":"Spot Weakness","floor":7},{"not_picked":["Seeing Red","Ghostly Armor"],"picked":"Disarm","floor":8},{"not_picked":["Reckless Charge+1","Dark Embrace"],"picked":"Anger+1","floor":10},{"not_picked":["Clothesline+1","Armaments"],"picked":"Heavy Blade+1","floor":13},{"not_picked":["Double Tap","Impervious"],"picked":"Immolate+1","floor":16},{"not_picked":["Flex+1","Twin Strike+1","Carnage+1"],"picked":"SKIP","floor":18},{"not_picked":["Thunderclap+1","Clash+1"],"picked":"Headbutt+1","floor":19},{"not_picked":["Iron Wave+1","Heavy Blade+1","Intimidate"],"picked":"SKIP","floor":22},{"not_picked":["Wild Strike+1","Rupture+1","Fire Breathing"],"picked":"SKIP","floor":25},{"not_picked":["Iron Wave+1","Sword Boomerang+1"],"picked":"True Grit","floor":29},{"not_picked":["Sentinel","True Grit"],"picked":"Disarm","floor":31}],"player_experience":609865,"relics_obtained":[{"floor":7,"key":"Molten Egg 2"},{"floor":9,"key":"Vajra"},{"floor":10,"key":"PreservedInsect"},{"floor":13,"key":"Boot"},{"floor":25,"key":"Potion Belt"},{"floor":26,"key":"Ancient Tea Set"},{"floor":31,"key":"Smiling Mask"}],"event_choices":[{"cards_removed":["Strike_R"],"damage_healed":0,"gold_gain":0,"player_choice":"Card Removal","damage_taken":7,"max_hp_gain":0,"max_hp_loss":0,"event_name":"Golden Wing","floor":2,"gold_loss":0},{"damage_healed":0,"gold_gain":0,"player_choice":"Left Gold","damage_taken":0,"max_hp_gain":0,"max_hp_loss":0,"event_name":"World of Goop","floor":11,"gold_loss":41},{"damage_healed":0,"gold_gain":0,"player_choice":"Paid Gold","damage_taken":0,"relics_obtained":["Gambling Chip"],"max_hp_gain":0,"max_hp_loss":0,"event_name":"WeMeetAgain","floor":14,"gold_loss":91},{"damage_healed":0,"gold_gain":0,"player_choice":"Obtain J.A.X.","damage_taken":0,"max_hp_gain":0,"max_hp_loss":0,"event_name":"Drug Dealer","floor":21,"gold_loss":0,"cards_obtained":["J.A.X."]},{"damage_healed":0,"gold_gain":0,"player_choice":"Simplicity","damage_taken":0,"max_hp_gain":0,"max_hp_loss":0,"event_name":"Back to Basics","floor":24,"gold_loss":0,"cards_upgraded":["Strike_R","Strike_R","Strike_R","Defend_R","Defend_R","Defend_R","Defend_R"]},{"damage_healed":0,"gold_gain":0,"player_choice":"Got Potions","damage_taken":0,"max_hp_gain":0,"max_hp_loss":0,"event_name":"Lab","floor":28,"gold_loss":0},{"damage_healed":0,"gold_gain":0,"player_choice":"Became a Ghost","damage_taken":0,"max_hp_gain":0,"max_hp_loss":40,"event_name":"Ghosts","floor":30,"gold_loss":0,"cards_obtained":["Ghostly","Ghostly","Ghostly","Ghostly","Ghostly"]}],"is_beta":false,"boss_relics":[{"not_picked":["Velvet Choker","Lizard Tail"],"picked":"Cursed Key"}],"items_purged_floors":[4],"is_endless":false,"potions_floor_spawned":[1,5,7,13,16,25,31],"killed_by":"Champ","ascension_level":4}