{"gold_per_floor":[109,59,75,0,0,0,33,45,96,109,140,140,140,172,172,268,268,288,288,60,80,91,91,120,71,71,96,112,382,401,412,412,514,514,532,543,543,561,573,603,603,104,104,66,66,66,101,118,118,118],"floor_reached":51,"playtime":4737,"items_purged":["Defend_G"],"score":972,"play_id":"a9d37cd8-c08b-4958-b630-09226bd216b7","local_time":"20180821230218","is_ascension_mode":true,"campfire_choices":[{"data":"Cloak And Dagger","floor":6.0,"key":"SMITH"},{"floor":15.0,"key":"REST"},{"data":"Infinite Blades","floor":23.0,"key":"SMITH"},{"floor":32,"key":"REST"},{"floor":41,"key":"REST"},{"floor":45,"key":"REST"},{"data":"Accuracy","floor":49,"key":"SMITH"}],"neow_cost":"NONE","seed_source_timestamp":38593315288431,"circlet_count":0,"master_deck":["Defend_G+1","Defend_G","Defend_G","Defend_G","Strike_G","Strike_G+1","Survivor","Neutralize+1","Cloak And Dagger+1","Infinite Blades+1","Acrobatics+1","Blade Dance","Envenom","Clumsy","Infinite Blades+1","Leg Sweep+1","Concentrate","Corpse Explosion+1","Cloak And Dagger+1","Bouncing Flask+1","Deflect+1","Impatience+1","Cloak And Dagger+1","Outmaneuver+1","After Image","Cloak And Dagger+1","Blur+1","Terror+1","Tools of the Trade","Metamorphosis+1","Accuracy+1","Master of Strategy+1","Enlightenment+1","Secret Technique+1","Blade Dance+1","Caltrops"],"special_seed":0,"relics":["Ring of the Snake","Centennial Puzzle","Bronze Scales","Omamori","Kunai","Ancient Tea Set","Ornamental Fan","Calling Bell","Lantern","Mummified Hand","Nunchaku","Bag of Preparation","Toxic Egg 2","Darkstone Periapt","Whetstone","Runic Pyramid","Question Card","Ice Cream","Singing Bowl","Art of War"],"potions_floor_usage":[33,33,33,36,36,38,38,38,38,50,50],"damage_taken":[{"damage":8.0,"enemies":"Jaw Worm","floor":1.0,"turns":4.0},{"damage":3.0,"enemies":"2 Louse","floor":3.0,"turns":4.0},{"damage":17.0,"enemies":"3 Sentries","floor":7.0,"turns":14.0},{"damage":0.0,"enemies":"Cultist","floor":8.0,"turns":3.0},{"damage":15.0,"enemies":"Lots of Slimes","floor":10.0,"turns":4.0},{"damage":10.0,"enemies":"Lagavulin","floor":11.0,"turns":8.0},{"damage":1.0,"enemies":"Gremlin Nob","floor":14.0,"turns":5.0},{"damage":0.0,"enemies":"Hexaghost","floor":16.0,"turns":13.0},{"damage":2.0,"enemies":"Spheric Guardian","floor":18.0,"turns":4.0},{"damage":1.0,"enemies":"2 Thieves","floor":21.0,"turns":4.0},{"damage":2.0,"enemies":"Snake Plant","floor":22.0,"turns":4.0},{"damage":12.0,"enemies":"Slavers","floor":24.0,"turns":7.0},{"damage":0,"enemies":"Book of Stabbing","floor":27,"turns":5},{"damage":9,"enemies":"Chosen and Byrds","floor":28,"turns":3},{"damage":4,"enemies":"Sentry and Sphere","floor":30,"turns":4},{"damage":0,"enemies":"Shelled Parasite and Fungi","floor":31,"turns":4},{"damage":3,"enemies":"Collector","floor":33,"turns":6},{"damage":19,"enemies":"3 Darklings","floor":35,"turns":3},{"damage":11,"enemies":"Orb Walker","floor":36,"turns":4},{"damage":14,"enemies":"3 Darklings","floor":38,"turns":2},{"damage":2,"enemies":"Flame Bruiser 2 Orb","floor":39,"turns":4},{"damage":0,"enemies":"Nemesis","floor":40,"turns":7},{"damage":6,"enemies":"2 Orb Walkers","floor":47,"turns":3},{"damage":0,"enemies":"Maw","floor":48,"turns":5},{"damage":19,"enemies":"Awakened One","floor":50,"turns":8}],"seed_played":"-6903792742669279683","potions_obtained":[{"floor":1.0,"key":"Dexterity Potion"},{"floor":7.0,"key":"Fruit Juice"},{"floor":8.0,"key":"Dexterity Potion"},{"floor":18.0,"key":"Poison Potion"},{"floor":24.0,"key":"EntropicBrew"},{"floor":27,"key":"Poison Potion"},{"floor":28,"key":"SkillPotion"},{"floor":33,"key":"EntropicBrew"},{"floor":39,"key":"Dexterity Potion"},{"floor":47,"key":"GamblersBrew"}],"is_trial":false,"path_per_floor":["M","?","M","$","?","R","E","M","T","M","E","?","T","E","R","B",null,"M","?","$","M","M","R","E","$","T","E","M","?","M","M","R","B",null,"M","M","?","M","M","E","R","$","T","$","R","?","E","M","R","B"],"character_chosen":"THE_SILENT","items_purchased":["Infinite Blades","Bag of Preparation","Cloak And Dagger+1","Ice Cream","Metamorphosis+1","Accuracy"],"campfire_rested":4,"item_purchase_floors":[20,20,25,42,42,44],"current_hp_per_floor":[62,62,59,59,59,59,47,47,47,32,22,7,7,6,28,28,75,73,73,73,72,70,70,58,58,58,58,49,14,10,10,32,29,75,56,45,45,31,29,29,51,51,51,51,73,63,57,57,57,38],"gold":118,"neow_bonus":"RANDOM_COMMON_RELIC","is_prod":false,"is_daily":false,"chose_seed":false,"campfire_upgraded":3,"win_rate":0,"timestamp":1534917738,"path_taken":["M","?","M","$","?","R","E","M","T","M","E","?","?","E","R","BOSS","M","?","$","M","M","R","E","?","T","E","M","?","M","?","R","BOSS","M","M","?","?","?","E","R","$","T","$","R","?","E","M","R","BOSS"],"build_version":"2018-08-16","purchased_purges":1,"victory":true,"max_hp_per_floor":[70,70,70,70,70,70,75,75,75,75,75,75,75,75,75,75,75,75,75,75,75,75,75,75,75,75,75,75,75,75,75,75,75,75,75,75,75,75,75,75,75,75,75,75,75,75,75,75,75,75],"card_choices":[{"not_picked":["Caltrops","Bane"],"picked":"Cloak And Dagger","floor":1.0},{"not_picked":["Leg Sweep","Predator","Poisoned Stab"],"picked":"SKIP","floor":3.0},{"not_picked":["Noxious Fumes","Grand Finale"],"picked":"Infinite Blades","floor":7.0},{"not_picked":["Bouncing Flask","Slice"],"picked":"Acrobatics","floor":8.0},{"not_picked":["Catalyst","Slice"],"picked":"Blade Dance","floor":10.0},{"not_picked":["Acrobatics","Bullet Time","Dash"],"picked":"SKIP","floor":11.0},{"not_picked":["Expertise","Outmaneuver","Caltrops"],"picked":"SKIP","floor":14.0},{"not_picked":["Phantasmal Killer","After Image"],"picked":"Envenom","floor":16.0},{"not_picked":["Flying Knee","Bane","Acrobatics"],"picked":"SKIP","floor":18.0},{"not_picked":["Doppelganger","Bouncing Flask"],"picked":"Leg Sweep+1","floor":21.0},{"not_picked":["Flying Knee","Deflect+1"],"picked":"Concentrate","floor":22.0},{"not_picked":["Deadly Poison","Cloak And Dagger"],"picked":"Corpse Explosion","floor":24.0},{"not_picked":["Backflip+1","Caltrops"],"picked":"Bouncing Flask+1","floor":27},{"not_picked":["Dagger Throw","Slice"],"picked":"Deflect+1","floor":28},{"not_picked":["Flying Knee+1","Flechettes+1"],"picked":"Cloak And Dagger+1","floor":30},{"not_picked":["Sucker Punch","Dagger Spray"],"picked":"Outmaneuver+1","floor":31},{"not_picked":["Glass Knife","Bullet Time+1"],"picked":"After Image","floor":33},{"not_picked":["Flechettes+1","Dodge and Roll+1","Dagger Spray"],"picked":"SKIP","floor":35},{"not_picked":["Riddle With Holes+1","Dodge and Roll+1"],"picked":"Cloak And Dagger+1","floor":36},{"not_picked":["Sucker Punch","Acrobatics+1"],"picked":"Blur+1","floor":38},{"not_picked":["Dagger Throw+1","Backstab"],"picked":"Terror+1","floor":39},{"not_picked":["Underhanded Strike+1","Dagger Spray"],"picked":"Tools of the Trade","floor":40},{"not_picked":["PanicButton+1","Thinking Ahead+1","The Bomb+1"],"picked":"Master of Strategy+1","floor":46},{"not_picked":["Violence+1","Master of Strategy+1","Mind Blast"],"picked":"Enlightenment+1","floor":46},{"not_picked":["PanicButton+1","Trip+1","Purity+1"],"picked":"Secret Technique+1","floor":46},{"not_picked":["Blur+1","Caltrops","Outmaneuver+1"],"picked":"Blade Dance+1","floor":47},{"not_picked":["Cloak And Dagger+1","Dagger Throw","Calculated Gamble+1"],"picked":"Caltrops","floor":48}],"player_experience":146026,"relics_obtained":[{"floor":7.0,"key":"Bronze Scales"},{"floor":9.0,"key":"Omamori"},{"floor":11.0,"key":"Kunai"},{"floor":13.0,"key":"Ancient Tea Set"},{"floor":14.0,"key":"Ornamental Fan"},{"floor":17.0,"key":"Lantern"},{"floor":17.0,"key":"Mummified Hand"},{"floor":17.0,"key":"Nunchaku"},{"floor":24.0,"key":"Toxic Egg 2"},{"floor":26,"key":"Darkstone Periapt"},{"floor":27,"key":"Whetstone"},{"floor":40,"key":"Question Card"},{"floor":43,"key":"Singing Bowl"},{"floor":47,"key":"Art of War"}],"event_choices":[{"event_name":"The Cleric","player_choice":"Card Removal","floor":2.0,"damage_taken":0.0},{"event_name":"Purifier","player_choice":"One Purge","floor":5.0,"damage_taken":0.0},{"event_name":"Shining Light","player_choice":"Entered Light","floor":12.0,"damage_taken":0.0},{"event_name":"Accursed Blacksmith","player_choice":"Forge","floor":19.0,"damage_taken":0.0},{"event_name":"Knowing Skull","player_choice":"GOLD GOLD CARD GOLD ","floor":29,"damage_taken":0},{"event_name":"Falling","player_choice":"Removed Attack","floor":37,"damage_taken":0},{"event_name":"SensoryStone","player_choice":"Memory 3","floor":46,"damage_taken":0}],"is_beta":false,"boss_relics":[{"not_picked":["Velvet Choker","WristBlade"],"picked":"Calling Bell"},{"not_picked":["Philosopher\u0027s Stone","Ring of the Serpent"],"picked":"Runic Pyramid"}],"items_purged_floors":[4],"is_endless":false,"potions_floor_spawned":[1,7,8,18,24,27,28,33,39,47],"ascension_level":2}