{"gold_per_floor":[113,113,127,202,202,202,242,242,242,272,293,326,67,67,67,198,198,186,62,62,83,83,83,417,436,436,460,460],"floor_reached":28,"playtime":8048,"items_purged":["Decay"],"score":378,"play_id":"5f658cc3-cc97-4805-a767-907ea1d96337","local_time":"20190803002219","is_ascension_mode":true,"campfire_choices":[{"data":"Pommel Strike","floor":6.0,"key":"SMITH"},{"floor":8.0,"key":"REST"},{"floor":15.0,"key":"REST"},{"floor":23.0,"key":"REST"}],"neow_cost":"CURSE","seed_source_timestamp":31030945226727,"circlet_count":0,"master_deck":["AscendersBane","Strike_R","Strike_R","Strike_R","Strike_R","Strike_R","Defend_R","Defend_R","Defend_R+1","Defend_R","Bash","Pommel Strike+1","Feel No Pain","True Grit+1","Ghostly Armor","Reaper","Warcry+1","Warcry","Second Wind","Warcry+1","Intimidate","Reckless Charge+1"],"special_seed":0,"relics":["Burning Blood","Dead Branch","Regal Pillow","Golden Idol","Centennial Puzzle","Odd Mushroom","War Paint","Paper Frog","Ornamental Fan","Black Star","Nloth\u0027s Gift","Old Coin","Frozen Egg 2","Shuriken"],"potions_floor_usage":[28],"damage_taken":[{"damage":3.0,"enemies":"2 Louse","floor":1.0,"turns":3.0},{"damage":6.0,"enemies":"Small Slimes","floor":3.0,"turns":4.0},{"damage":34.0,"enemies":"Gremlin Nob","floor":7.0,"turns":4.0},{"damage":15.0,"enemies":"The Mushroom Lair","floor":10.0,"turns":4.0},{"damage":10.0,"enemies":"Jaw Worm","floor":11.0,"turns":3.0},{"damage":21.0,"enemies":"3 Sentries","floor":12.0,"turns":6.0},{"damage":31.0,"enemies":"Hexaghost","floor":16.0,"turns":15.0},{"damage":23.0,"enemies":"2 Thieves","floor":18.0,"turns":4.0},{"damage":40.0,"enemies":"Spheric Guardian","floor":21.0,"turns":7.0},{"damage":37,"enemies":"Slavers","floor":24,"turns":5},{"damage":24,"enemies":"Snecko","floor":25,"turns":8},{"damage":12,"enemies":"Snake Plant","floor":27,"turns":6},{"damage":44,"enemies":"Book of Stabbing","floor":28,"turns":4}],"seed_played":"7653711792715181112","potions_obtained":[{"floor":1.0,"key":"FearPotion"},{"floor":7.0,"key":"Strength Potion"},{"floor":16.0,"key":"FearPotion"},{"floor":18.0,"key":"FairyPotion"},{"floor":25,"key":"FearPotion"}],"is_trial":false,"path_per_floor":["M","?","M","?","?","R","E","R","T","?","M","E","$","T","R","B",null,"M","$","?","M","?","R","E","M","T","M","E"],"character_chosen":"IRONCLAD","items_purchased":["Paper Frog","Warcry"],"campfire_rested":3,"item_purchase_floors":[13,19],"current_hp_per_floor":[75,50,50,39,39,39,11,48,48,39,35,20,20,20,57,32,64,53,53,53,19,19,56,37,26,26,25,0],"gold":460,"neow_bonus":"ONE_RARE_RELIC","is_prod":false,"is_daily":false,"chose_seed":false,"campfire_upgraded":1,"win_rate":0,"timestamp":1564816939,"path_taken":["M","?","M","?","?","R","E","R","T","?","M","E","$","?","R","BOSS","M","$","?","M","?","R","E","?","T","M","E"],"build_version":"2019-07-17","purchased_purges":1,"victory":false,"max_hp_per_floor":[80,80,80,80,74,74,74,74,74,74,74,74,74,74,74,74,74,74,74,74,74,74,74,74,74,74,74,74],"card_choices":[{"not_picked":["Uppercut","Twin Strike","Entrench"],"picked":"SKIP","floor":1.0},{"not_picked":["Havoc","Clash"],"picked":"Pommel Strike","floor":3.0},{"not_picked":["Body Slam","Fire Breathing"],"picked":"Feel No Pain","floor":7.0},{"not_picked":["Body Slam","Flex"],"picked":"True Grit","floor":10.0},{"not_picked":["Clothesline","Twin Strike","Cleave"],"picked":"SKIP","floor":11.0},{"not_picked":["Cleave","Sever Soul"],"picked":"Ghostly Armor","floor":12.0},{"not_picked":["Demon Form","Juggernaut"],"picked":"Reaper","floor":16.0},{"not_picked":["Sword Boomerang","Heavy Blade"],"picked":"Warcry+1","floor":18.0},{"not_picked":["Reckless Charge","Cleave"],"picked":"Warcry+1","floor":21.0},{"not_picked":["Shrug It Off+1","Dropkick"],"picked":"Intimidate","floor":24},{"not_picked":["Headbutt+1","Clash+1","Power Through"],"picked":"SKIP","floor":25},{"not_picked":["Demon Form+1","Uppercut"],"picked":"Reckless Charge+1","floor":27}],"player_experience":720608,"relics_obtained":[{"floor":7.0,"key":"Centennial Puzzle"},{"floor":9.0,"key":"Dodecahedron"},{"floor":10.0,"key":"Odd Mushroom"},{"floor":12.0,"key":"War Paint"},{"floor":14.0,"key":"Ornamental Fan"},{"floor":24,"key":"Old Coin"},{"floor":24,"key":"Frozen Egg 2"},{"floor":26,"key":"Shuriken"}],"event_choices":[{"damage_healed":0.0,"max_hp_gain":0.0,"max_hp_loss":0.0,"gold_gain":0.0,"event_name":"Scrap Ooze","player_choice":"Success","floor":2.0,"gold_loss":0.0,"damage_taken":25.0,"relics_obtained":["Regal Pillow"]},{"damage_healed":0.0,"max_hp_gain":0.0,"max_hp_loss":0.0,"gold_gain":75.0,"event_name":"World of Goop","player_choice":"Gather Gold","floor":4.0,"gold_loss":0.0,"damage_taken":11.0},{"damage_healed":0.0,"max_hp_gain":0.0,"max_hp_loss":6.0,"gold_gain":0.0,"event_name":"Golden Idol","player_choice":"Lose Max HP","floor":5.0,"gold_loss":0.0,"damage_taken":0.0,"relics_obtained":["Golden Idol"]},{"damage_healed":0.0,"max_hp_gain":0.0,"max_hp_loss":0.0,"gold_gain":0.0,"event_name":"Mushrooms","player_choice":"Fought Mushrooms","floor":10.0,"gold_loss":0.0,"damage_taken":0.0},{"damage_healed":0.0,"max_hp_gain":0.0,"max_hp_loss":0.0,"gold_gain":0.0,"event_name":"The Library","player_choice":"Read","floor":20.0,"gold_loss":0.0,"damage_taken":0.0,"cards_obtained":["Second Wind"]},{"damage_healed":0.0,"max_hp_gain":0.0,"max_hp_loss":0.0,"gold_gain":0.0,"event_name":"N\u0027loth","player_choice":"Traded Relic","floor":22.0,"relics_lost":["Dodecahedron"],"gold_loss":0.0,"damage_taken":0.0,"relics_obtained":["Nloth\u0027s Gift"]}],"is_beta":false,"boss_relics":[{"not_picked":["Fusion Hammer","Sozu"],"picked":"Black Star"}],"items_purged_floors":[19],"is_endless":false,"potions_floor_spawned":[1,7,16,18,25],"killed_by":"Book of Stabbing","ascension_level":11}