{"gold_per_floor":[368,240,253,253,328,328,328,385,385,412,412,422,434,453,453,558,558,498,498,423,423,423,423],"floor_reached":23,"playtime":4807,"items_purged":["Strike_R"],"score":255,"play_id":"48571221-bcbb-4a9b-9803-c9d641eeaf61","local_time":"20190802000723","is_ascension_mode":true,"campfire_choices":[{"data":"True Grit","floor":7,"key":"SMITH"},{"floor":11,"key":"REST"},{"floor":15,"key":"REST"}],"neow_cost":"TEN_PERCENT_HP_LOSS","seed_source_timestamp":0,"circlet_count":0,"master_deck":["Strike_R","Strike_R","Strike_R+1","Defend_R","Defend_R","Defend_R","Defend_R","Bash","Pommel Strike","True Grit+1","Juggernaut","Clothesline+1","Iron Wave","Rampage","Heavy Blade","Demon Form","Ghostly Armor","Writhe","Metallicize+1"],"special_seed":0,"relics":["Burning Blood","Shuriken","Pen Nib","Ectoplasm","The Courier"],"potions_floor_usage":[16,16,23,23],"damage_taken":[{"damage":8,"enemies":"Jaw Worm","floor":1,"turns":4},{"damage":7,"enemies":"Small Slimes","floor":3,"turns":4},{"damage":37,"enemies":"3 Sentries","floor":10,"turns":9},{"damage":2,"enemies":"2 Louse","floor":12,"turns":2},{"damage":3,"enemies":"Looter","floor":13,"turns":3},{"damage":10,"enemies":"Large Slime","floor":14,"turns":8},{"damage":53,"enemies":"Hexaghost","floor":16,"turns":11},{"damage":30,"enemies":"2 Thieves","floor":18,"turns":4},{"damage":15,"enemies":"Spheric Guardian","floor":22,"turns":5},{"damage":27,"enemies":"Slavers","floor":23,"turns":3}],"seed_played":"-5702546482024514135","potions_obtained":[{"floor":3,"key":"SneckoOil"},{"floor":13,"key":"PowerPotion"},{"floor":16,"key":"Swift Potion"},{"floor":22,"key":"LiquidBronze"}],"is_trial":false,"path_per_floor":["M","$","M","?","?","?","R","?","T","E","R","M","M","M","R","B",null,"M","?","$","?","M","E"],"character_chosen":"IRONCLAD","items_purchased":["True Grit","Juggernaut"],"campfire_rested":2,"item_purchase_floors":[2,2],"current_hp_per_floor":[70,70,69,69,58,44,44,44,44,13,34,38,41,37,58,11,57,33,33,33,33,24,0],"gold":423,"neow_bonus":"TWO_FIFTY_GOLD","is_prod":false,"is_daily":false,"chose_seed":false,"campfire_upgraded":1,"win_rate":0,"timestamp":1564722443,"path_taken":["M","$","M","?","?","?","R","?","T","E","R","M","M","M","R","BOSS","M","?","$","?","M","E"],"build_version":"2019-07-17","purchased_purges":1,"victory":false,"max_hp_per_floor":[72,72,72,72,72,72,72,72,72,72,72,72,72,72,72,72,72,72,72,72,72,72,72],"card_choices":[{"not_picked":["Anger","Iron Wave"],"picked":"Pommel Strike","floor":1},{"not_picked":["Twin Strike","Infernal Blade"],"picked":"Clothesline","floor":3},{"not_picked":["Seeing Red","Battle Trance"],"picked":"Iron Wave","floor":10},{"not_picked":["Double Tap","Havoc"],"picked":"Rampage","floor":12},{"not_picked":["Anger","Spot Weakness"],"picked":"Heavy Blade","floor":13},{"not_picked":["Clothesline","Perfected Strike","Rage"],"picked":"SKIP","floor":14},{"not_picked":["Double Tap","Bludgeon"],"picked":"Demon Form","floor":16},{"not_picked":["Thunderclap","Sever Soul"],"picked":"Ghostly Armor","floor":18},{"not_picked":["Blood for Blood","Searing Blow"],"picked":"Metallicize+1","floor":22}],"player_experience":559284,"relics_obtained":[{"floor":9,"key":"Shuriken"},{"floor":10,"key":"Pen Nib"}],"event_choices":[{"cards_removed":["Strike_R"],"damage_healed":0,"gold_gain":0,"player_choice":"Forget","damage_taken":0,"max_hp_gain":0,"max_hp_loss":0,"event_name":"Living Wall","floor":4,"gold_loss":0},{"damage_healed":0,"gold_gain":75,"player_choice":"Gather Gold","damage_taken":11,"max_hp_gain":0,"max_hp_loss":0,"event_name":"World of Goop","floor":5,"gold_loss":0},{"damage_healed":0,"gold_gain":0,"player_choice":"Entered Light","damage_taken":14,"max_hp_gain":0,"max_hp_loss":0,"event_name":"Shining Light","floor":6,"gold_loss":0,"cards_upgraded":["Clothesline","Strike_R"]},{"damage_healed":0,"gold_gain":57,"player_choice":"Gained Gold","damage_taken":0,"max_hp_gain":0,"max_hp_loss":0,"event_name":"Golden Wing","floor":8,"gold_loss":0},{"damage_healed":0,"gold_gain":0,"player_choice":"Ignored","damage_taken":0,"max_hp_gain":0,"max_hp_loss":0,"event_name":"Ghosts","floor":19,"gold_loss":0},{"damage_healed":0,"gold_gain":0,"player_choice":"Opened","damage_taken":0,"relics_obtained":["The Courier"],"max_hp_gain":0,"max_hp_loss":0,"event_name":"The Mausoleum","floor":21,"gold_loss":0,"cards_obtained":["Writhe"]}],"is_beta":false,"boss_relics":[{"not_picked":["Snecko Eye","Black Blood"],"picked":"Ectoplasm"}],"items_purged_floors":[20],"is_endless":false,"potions_floor_spawned":[3,13,16,22],"killed_by":"Slavers","ascension_level":7}