{"gold_per_floor":[113,123,123,134,134,134,59,93,93,126,138,138,152,170,170,269,269,287,306,380,380,37,37,53,81,81,81,81,101,68,97,97,193,193,210,226,226,66,91,91,391,404,429,441,10,10,24,24,24,24],"floor_reached":51,"playtime":2947,"items_purged":["Strike_B","Defend_B","Shame","Writhe"],"score":670,"play_id":"b99ea55c-064b-4287-82b6-634da5c10748","local_time":"20181012222935","is_ascension_mode":false,"campfire_choices":[{"data":"Self Repair","floor":6.0,"key":"SMITH"},{"data":"Hologram","floor":15,"key":"SMITH"},{"data":"Recycle","floor":23,"key":"SMITH"},{"data":"Leap","floor":28,"key":"SMITH"},{"data":"Sunder","floor":32,"key":"SMITH"},{"data":"Defragment","floor":40,"key":"SMITH"},{"data":"Buffer","floor":46,"key":"SMITH"},{"data":"Dualcast","floor":49,"key":"SMITH"}],"neow_cost":"PERCENT_DAMAGE","seed_source_timestamp":0,"circlet_count":0,"master_deck":["Zap","Dualcast+1","Cold Snap","Lockon","Self Repair+1","Recycle+1","Echo Form","Gash","Hologram+1","Machine Learning","Gash","Leap+1","Undo","Sunder+1","Glacier+1","Rainbow+1","Rebound+1","Reprogram+1","Scrape+1","Leap+1","Defragment+1","Hologram+1","Buffer+1","Consume+1"],"special_seed":0,"relics":["Cracked Core","Turnip","Anchor","Bottled Tornado","Potion Belt","Ginger","Velvet Choker","Bottled Flame","Kunai","Shuriken","Letter Opener","Du-Vu Doll","Toxic Egg 2","Astrolabe","Smiling Mask","Centennial Puzzle","Dodecahedron"],"potions_floor_usage":[16,25,25,31,50,50,50],"damage_taken":[{"damage":0.0,"enemies":"Cultist","floor":1.0,"turns":3.0},{"damage":0.0,"enemies":"2 Louse","floor":2.0,"turns":2.0},{"damage":11.0,"enemies":"Jaw Worm","floor":4.0,"turns":2.0},{"damage":18.0,"enemies":"Gremlin Nob","floor":8.0,"turns":5.0},{"damage":6,"enemies":"Lagavulin","floor":10,"turns":7},{"damage":4,"enemies":"Blue Slaver","floor":11,"turns":4},{"damage":3,"enemies":"Looter","floor":13,"turns":3},{"damage":3,"enemies":"Red Slaver","floor":14,"turns":4},{"damage":49,"enemies":"The Guardian","floor":16,"turns":11},{"damage":4,"enemies":"Shell Parasite","floor":18,"turns":6},{"damage":12,"enemies":"3 Byrds","floor":19,"turns":6},{"damage":10,"enemies":"Snake Plant","floor":24,"turns":4},{"damage":62,"enemies":"Slavers","floor":25,"turns":5},{"damage":7,"enemies":"Centurion and Healer","floor":29,"turns":5},{"damage":2,"enemies":"Book of Stabbing","floor":31,"turns":8},{"damage":5,"enemies":"Champ","floor":33,"turns":10},{"damage":0,"enemies":"Orb Walker","floor":35,"turns":2},{"damage":15,"enemies":"3 Darklings","floor":36,"turns":6},{"damage":6,"enemies":"Spire Growth","floor":42,"turns":5},{"damage":0,"enemies":"Maw","floor":44,"turns":7},{"damage":0,"enemies":"Transient","floor":47,"turns":5},{"damage":75,"enemies":"Awakened One","floor":50,"turns":13}],"seed_played":"-8420219104261536468","potions_obtained":[{"floor":1.0,"key":"Weak Potion"},{"floor":4.0,"key":"SteroidPotion"},{"floor":13,"key":"Poison Potion"},{"floor":16,"key":"Regen Potion"},{"floor":19,"key":"Fruit Juice"},{"floor":24,"key":"SneckoOil"},{"floor":25,"key":"Dexterity Potion"},{"floor":31,"key":"Block Potion"},{"floor":36,"key":"Ancient Potion"},{"floor":42,"key":"SpeedPotion"},{"floor":44,"key":"Regen Potion"}],"is_trial":false,"path_per_floor":["M","M","?","M","?","R","$","E","T","E","M","T","M","M","R","B",null,"M","M","T","?","$","R","M","E","T","?","R","M","$","E","R","B",null,"M","M","?","$","T","R","?","M","T","M","$","R","M","$","R","B"],"character_chosen":"DEFECT","items_purchased":["Kunai","Sunder","Defragment","Buffer","Dodecahedron"],"campfire_rested":0,"item_purchase_floors":[22,30,38,45,45],"current_hp_per_floor":[54,54,51,47,47,47,47,39,39,53,69,69,75,75,75,26,75,75,75,75,75,75,75,75,37,37,37,37,30,30,48,48,53,80,80,80,80,80,80,80,80,80,80,80,80,80,80,80,80,20],"gold":24,"neow_bonus":"TRANSFORM_TWO_CARDS","is_prod":false,"is_daily":false,"chose_seed":false,"campfire_upgraded":8,"win_rate":0,"timestamp":1539408575,"path_taken":["M","?","?","M","?","R","$","E","T","E","M","?","?","M","R","BOSS","M","M","?","?","$","R","M","E","T","?","R","M","?","E","R","BOSS","M","M","?","?","?","R","?","M","T","?","$","R","M","$","R","BOSS"],"build_version":"2018-10-11","purchased_purges":4,"victory":true,"max_hp_per_floor":[75,75,75,75,75,75,75,75,75,75,75,75,75,75,75,75,75,75,75,75,75,75,75,75,80,80,80,80,80,80,80,80,80,80,80,80,80,80,80,80,80,80,80,80,80,80,80,80,80,80],"card_choices":[{"not_picked":["Blizzard","Cold Snap","Turbo"],"picked":"SKIP","floor":1.0},{"not_picked":["Turbo","Stack"],"picked":"Self Repair","floor":2.0},{"not_picked":["Sweeping Beam","Redo","Undo"],"picked":"SKIP","floor":4.0},{"not_picked":["BootSequence","Streamline"],"picked":"Echo Form","floor":8.0},{"not_picked":["Self Repair","Turbo"],"picked":"Gash","floor":10},{"not_picked":["Compile Driver","Recycle","Loop"],"picked":"SKIP","floor":11},{"not_picked":["Force Field","Loop"],"picked":"Hologram","floor":13},{"not_picked":["Undo","Heatsinks","Force Field"],"picked":"SKIP","floor":14},{"not_picked":["Hyperbeam","Multi-Cast"],"picked":"Machine Learning","floor":16},{"not_picked":["Undo","Streamline"],"picked":"Gash","floor":18},{"not_picked":["Cold Snap+1","Rebound","Chill"],"picked":"SKIP","floor":19},{"not_picked":["Hello World","Amplify","FTL"],"picked":"SKIP","floor":24},{"not_picked":["Leap","Beam Cell","Melter"],"picked":"SKIP","floor":25},{"not_picked":["Beam Cell","Melter"],"picked":"Leap","floor":25},{"not_picked":["Melter","Storm"],"picked":"Undo","floor":29},{"not_picked":["Loop","Go for the Eyes"],"picked":"Glacier","floor":31},{"not_picked":["All For One","Thunder Strike"],"picked":"Rainbow+1","floor":33},{"not_picked":["FTL+1","Sweeping Beam+1","Recycle+1"],"picked":"SKIP","floor":35},{"not_picked":["FTL+1","Heatsinks"],"picked":"Leap+1","floor":36},{"not_picked":["Ball Lightning+1","Turbo+1"],"picked":"Hologram+1","floor":42},{"not_picked":["Melter+1","Barrage+1","Blizzard+1"],"picked":"SKIP","floor":44},{"not_picked":["Go for the Eyes+1","Gash"],"picked":"Consume+1","floor":47}],"player_experience":365838,"relics_obtained":[{"floor":8.0,"key":"Anchor"},{"floor":9,"key":"Bottled Tornado"},{"floor":10,"key":"Potion Belt"},{"floor":12,"key":"Ginger"},{"floor":20,"key":"Bottled Flame"},{"floor":25,"key":"Shuriken"},{"floor":26,"key":"Letter Opener"},{"floor":31,"key":"Toxic Egg 2"},{"floor":39,"key":"Smiling Mask"},{"floor":43,"key":"Centennial Puzzle"}],"event_choices":[{"event_name":"Scrap Ooze","player_choice":"success","floor":3.0,"damage_taken":3.0},{"event_name":"Transmorgrifier","player_choice":"Transform","floor":5.0,"damage_taken":0.0},{"event_name":"Ghosts","player_choice":"Ignored","floor":21,"damage_taken":0},{"event_name":"Addict","player_choice":"Stole Relic","floor":27,"damage_taken":0},{"event_name":"Winding Halls","player_choice":"Writhe","floor":37,"damage_taken":0},{"event_name":"Wheel of Change","player_choice":"Gold","floor":41,"damage_taken":0}],"is_beta":false,"boss_relics":[{"not_picked":["Black Star","Pandora\u0027s Box"],"picked":"Velvet Choker"},{"not_picked":["Nuclear Battery","FrozenCore"],"picked":"Astrolabe"}],"items_purged_floors":[7,22,38,45],"is_endless":false,"potions_floor_spawned":[1,4,13,16,19,24,25,31,36,42,44],"ascension_level":0}