{"gold_per_floor":[110,121,196,146,69,99,99,118,167,201,221,231,231,244,244,347,347,363,37,51,51],"floor_reached":21,"playtime":2497,"items_purged":["Strike_G"],"score":281,"play_id":"b8268013-7383-4894-b35c-50acd278dbb6","local_time":"20190626194104","is_ascension_mode":true,"campfire_choices":[{"data":"Backflip","floor":7,"key":"SMITH"},{"data":"Footwork","floor":13,"key":"SMITH"},{"data":"Dash","floor":15,"key":"SMITH"}],"neow_cost":"NONE","seed_source_timestamp":1127779469679600,"circlet_count":0,"master_deck":["Defend_G","Defend_G","Defend_G","Defend_G","Defend_G","Strike_G","Strike_G","Strike_G","Survivor","Neutralize","Backflip+1","Footwork+1","Riddle With Holes","Dagger Spray","A Thousand Cuts","Slice","Flying Knee","Dagger Spray","Dash+1","Unload","Leg Sweep","PiercingWail","PiercingWail"],"relics":["Ring of the Snake","NeowsBlessing","Art of War","Boot","Bottled Lightning","Philosopher\u0027s Stone","HandDrill"],"potions_floor_usage":[16,16,21,21],"damage_taken":[{"damage":0,"enemies":"Jaw Worm","floor":1,"turns":1},{"damage":0,"enemies":"2 Louse","floor":2,"turns":1},{"damage":0,"enemies":"Gremlin Nob","floor":6,"turns":1},{"damage":0,"enemies":"Small Slimes","floor":8,"turns":3},{"damage":6,"enemies":"Lagavulin","floor":10,"turns":7},{"damage":3,"enemies":"Looter","floor":11,"turns":3},{"damage":0,"enemies":"Blue Slaver","floor":12,"turns":4},{"damage":0,"enemies":"2 Fungi Beasts","floor":14,"turns":2},{"damage":35,"enemies":"Hexaghost","floor":16,"turns":12},{"damage":16,"enemies":"3 Byrds","floor":18,"turns":3},{"damage":14,"enemies":"Chosen","floor":20,"turns":5},{"damage":9,"enemies":"Colosseum Slavers","floor":21,"turns":5},{"damage":21,"enemies":"Colosseum Nobs","floor":21,"turns":5}],"seed_played":"-8856815263641752470","potions_obtained":[{"floor":2,"key":"Swift Potion"},{"floor":6,"key":"SmokeBomb"},{"floor":11,"key":"EssenceOfSteel"},{"floor":12,"key":"Strength Potion"},{"floor":18,"key":"SkillPotion"}],"is_trial":false,"path_per_floor":["M","M","?","?","$","E","R","M","T","E","M","M","R","M","R","B",null,"M","$","M","?"],"character_chosen":"THE_SILENT","items_purchased":["Riddle With Holes","PiercingWail","HandDrill"],"campfire_rested":0,"item_purchase_floors":[5,19,19],"current_hp_per_floor":[63,63,52,52,52,52,52,52,52,46,43,43,43,43,43,8,55,39,39,25,0],"gold":51,"neow_bonus":"THREE_ENEMY_KILL","is_prod":false,"is_daily":false,"chose_seed":false,"campfire_upgraded":3,"win_rate":0,"timestamp":1561592464,"path_taken":["M","M","?","?","$","E","R","M","T","E","M","M","R","M","R","BOSS","M","$","M","?"],"build_version":"2019-01-23","purchased_purges":1,"victory":false,"max_hp_per_floor":[70,70,70,70,70,70,70,70,70,70,70,70,70,70,70,70,70,70,70,70,70],"card_choices":[{"not_picked":["Quick Slash","Prepared"],"picked":"Backflip","floor":1},{"not_picked":["Tactician","Slice"],"picked":"Footwork","floor":2},{"not_picked":["Blur","Riddle With Holes"],"picked":"Dagger Spray","floor":6},{"not_picked":["Flying Knee","Reflex"],"picked":"A Thousand Cuts","floor":8},{"not_picked":["Bane","Prepared"],"picked":"Slice","floor":10},{"not_picked":["Outmaneuver","Endless Agony"],"picked":"Flying Knee","floor":11},{"not_picked":["Heel Hook","Masterful Stab"],"picked":"Dagger Spray","floor":12},{"not_picked":["Masterful Stab","Flying Knee"],"picked":"Dash","floor":14},{"not_picked":["A Thousand Cuts","Doppelganger"],"picked":"Unload","floor":16},{"not_picked":["Poisoned Stab","Prepared+1"],"picked":"Leg Sweep","floor":18},{"not_picked":["Underhanded Strike","Slice+1"],"picked":"PiercingWail","floor":20}],"player_experience":426501,"relics_obtained":[{"floor":6,"key":"Art of War"},{"floor":9,"key":"Boot"},{"floor":10,"key":"Bottled Lightning"}],"event_choices":[{"damage_healed":0,"gold_gain":75,"player_choice":"Gather Gold","damage_taken":11,"max_hp_gain":0,"max_hp_loss":0,"event_name":"World of Goop","floor":3,"gold_loss":0},{"cards_removed":["Strike_G"],"damage_healed":0,"gold_gain":0,"player_choice":"Card Removal","damage_taken":0,"max_hp_gain":0,"max_hp_loss":0,"event_name":"The Cleric","floor":4,"gold_loss":50},{"damage_healed":0,"gold_gain":0,"player_choice":"Fight","damage_taken":0,"max_hp_gain":0,"max_hp_loss":0,"event_name":"Colosseum","floor":21,"gold_loss":0},{"damage_healed":0,"gold_gain":0,"player_choice":"Fought Nobs","damage_taken":0,"max_hp_gain":0,"max_hp_loss":0,"event_name":"Colosseum","floor":21,"gold_loss":0}],"is_beta":false,"boss_relics":[{"not_picked":["Cursed Key","Busted Crown"],"picked":"Philosopher\u0027s Stone"}],"items_purged_floors":[19],"is_endless":false,"potions_floor_spawned":[2,6,11,12,18],"killed_by":"Colosseum Nobs","ascension_level":6}