{"gold_per_floor":[116,116,131,11,11,11,30,74,74,35,51,51,51,87,87,207,207,226,226,148,148,163,196,217,260,260,260,278,278,302,343,343,471,471,492,508,228,243,606,606,625,958,958,497,514,548,566,580,580,580,580,580,49,83,83],"floor_reached":56,"playtime":2582,"items_purged":["Strike_R","Shame","Clumsy","Strike_R+1"],"score":1394,"play_id":"d83307c8-fb6b-4f26-b606-f137d81584a2","local_time":"20190623232604","is_ascension_mode":true,"campfire_choices":[{"data":"Shrug It Off","floor":6,"key":"SMITH"},{"data":"Shrug It Off","floor":12,"key":"SMITH"},{"data":"Inflame","floor":15,"key":"SMITH"},{"data":"Shockwave","floor":27,"key":"SMITH"},{"data":"Immolate","floor":32,"key":"SMITH"},{"data":"Limit Break","floor":40,"key":"SMITH"},{"floor":49,"key":"RECALL"},{"data":"Double Tap","floor":52,"key":"SMITH"}],"neow_cost":"NONE","seed_source_timestamp":0,"circlet_count":0,"master_deck":["Strike_R+1","Strike_R+1","Defend_R+1","Defend_R+1","Defend_R+1","Defend_R+1","Bash+1","Shrug It Off+1","Dropkick","Shrug It Off+1","Corruption","Inflame+1","Shrug It Off+1","Shockwave+1","Sentinel+1","Perfected Strike","Ghostly Armor+1","Perfected Strike","Clothesline+1","Shrug It Off","Immolate+1","Limit Break+1","Perfected Strike","Flame Barrier","The Bomb","Offering","Perfected Strike+1","Flame Barrier+1","Sentinel","Double Tap+1","Feel No Pain+1","Flame Barrier","Perfected Strike+1","Fiend Fire","Perfected Strike","Feel No Pain","Perfected Strike"],"special_seed":0,"relics":["Burning Blood","Pantograph","Pocketwatch","Calipers","Snecko Eye","Ornamental Fan","Art of War","Sundial","Prayer Wheel","Question Card","Cursed Key","Old Coin","Paper Frog","Anchor","Red Skull","Oddly Smooth Stone","Lantern"],"potions_floor_usage":[16,55,55,55],"damage_taken":[{"damage":6.0,"enemies":"Jaw Worm","floor":1.0,"turns":3.0},{"damage":5.0,"enemies":"2 Louse","floor":3.0,"turns":2.0},{"damage":0,"enemies":"Cultist","floor":7,"turns":3},{"damage":35,"enemies":"3 Sentries","floor":8,"turns":13},{"damage":10,"enemies":"Lots of Slimes","floor":11,"turns":6},{"damage":28,"enemies":"Gremlin Nob","floor":14,"turns":4},{"damage":35,"enemies":"Hexaghost","floor":16,"turns":8},{"damage":0,"enemies":"Chosen","floor":18,"turns":3},{"damage":0,"enemies":"2 Thieves","floor":22,"turns":3},{"damage":48,"enemies":"Gremlin Leader","floor":23,"turns":8},{"damage":0,"enemies":"Snake Plant","floor":24,"turns":4},{"damage":9,"enemies":"Slavers","floor":25,"turns":5},{"damage":3,"enemies":"Snecko","floor":28,"turns":3},{"damage":0,"enemies":"Chosen and Byrds","floor":30,"turns":4},{"damage":0,"enemies":"Book of Stabbing","floor":31,"turns":4},{"damage":57,"enemies":"Champ","floor":33,"turns":12},{"damage":0,"enemies":"3 Darklings","floor":35,"turns":3},{"damage":1,"enemies":"3 Shapes","floor":36,"turns":2},{"damage":0,"enemies":"Transient","floor":38,"turns":5},{"damage":0,"enemies":"2 Orb Walkers","floor":39,"turns":4},{"damage":0,"enemies":"4 Shapes","floor":41,"turns":1},{"damage":0,"enemies":"Spire Growth","floor":45,"turns":3},{"damage":32,"enemies":"Nemesis","floor":46,"turns":5},{"damage":0,"enemies":"3 Darklings","floor":47,"turns":4},{"damage":6,"enemies":"Writhing Mass","floor":48,"turns":5},{"damage":33,"enemies":"Time Eater","floor":50,"turns":9},{"damage":48,"enemies":"Shield and Spear","floor":54,"turns":7},{"damage":23,"enemies":"The Heart","floor":55,"turns":9}],"seed_played":"-1579465902402500401","potions_obtained":[{"floor":7,"key":"SpeedPotion"},{"floor":8,"key":"AttackPotion"},{"floor":11,"key":"Strength Potion"},{"floor":22,"key":"Dexterity Potion"},{"floor":28,"key":"PowerPotion"},{"floor":48,"key":"PowerPotion"}],"is_trial":false,"path_per_floor":["M","?","M","$","?","R","M","E","T","$","M","R","$","E","R","B",null,"M","?","$","?","M","E","M","E","T","R","M","?","M","E","R","B",null,"M","M","$","M","?","R","M","?","T","$","M","E","M","M","R","B",null,"R","$","E","B",null],"character_chosen":"IRONCLAD","items_purchased":["Shrug It Off","Corruption","Shockwave","The Bomb","Paper Frog","Sentinel","Perfected Strike","Red Skull","Oddly Smooth Stone","Feel No Pain"],"campfire_rested":0,"item_purchase_floors":[4,10,20,37,44,44,53,53,53,53],"current_hp_per_floor":[80,74,74,74,74,74,74,45,45,45,41,41,41,19,19,15,74,74,74,74,74,74,32,38,35,35,35,38,38,44,50,50,23,74,74,74,74,74,74,74,74,74,74,74,74,48,54,54,54,47,74,74,74,32,40],"gold":83,"neow_bonus":"UPGRADE_CARD","is_prod":false,"is_daily":false,"chose_seed":false,"campfire_upgraded":7,"win_rate":0,"timestamp":1561321564,"path_taken":["M","?","M","$","?","R","M","E","T","$","?","R","?","E","R","BOSS","M","?","$","?","M","E","M","E","T","R","M","?","?","E","R","BOSS","M","M","$","M","?","R","M","?","T","?","M","E","M","M","R","BOSS","R","$","E","BOSS"],"build_version":"2019-01-23","purchased_purges":4,"victory":true,"max_hp_per_floor":[80,74,74,74,74,74,74,74,74,74,74,74,74,74,74,74,74,74,74,74,74,74,74,74,74,74,74,74,74,74,74,74,74,74,74,74,74,74,74,74,74,74,74,74,74,74,74,74,74,74,74,74,74,74,74],"card_choices":[{"not_picked":["Flex","Perfected Strike"],"picked":"Shrug It Off","floor":1.0},{"not_picked":["Sword Boomerang","Perfected Strike"],"picked":"Dropkick","floor":3.0},{"not_picked":["Anger","Heavy Blade","Intimidate"],"picked":"SKIP","floor":7},{"not_picked":["Twin Strike","Anger","Body Slam"],"picked":"SKIP","floor":8},{"not_picked":["Fire Breathing","Iron Wave","Wild Strike"],"picked":"SKIP","floor":11},{"not_picked":["Bludgeon","Sword Boomerang"],"picked":"Inflame","floor":14},{"not_picked":["Bloodletting","Fire Breathing"],"picked":"Shrug It Off+1","floor":18},{"not_picked":["Clash","Perfected Strike"],"picked":"Sentinel+1","floor":22},{"not_picked":["Perfected Strike","Havoc","Headbutt"],"picked":"SKIP","floor":23},{"not_picked":["Havoc","Headbutt"],"picked":"Perfected Strike","floor":23},{"not_picked":["Anger","Rupture"],"picked":"Ghostly Armor+1","floor":24},{"not_picked":["Sword Boomerang","Warcry"],"picked":"Perfected Strike","floor":25},{"not_picked":["Wild Strike","Searing Blow"],"picked":"Clothesline+1","floor":28},{"not_picked":["Second Wind","Cleave+1"],"picked":"Shrug It Off","floor":28},{"not_picked":["Armaments+1","Combust"],"picked":"Immolate","floor":30},{"not_picked":["Thunderclap","Warcry","Anger"],"picked":"SKIP","floor":30},{"not_picked":["Wild Strike","Entrench","Flex+1"],"picked":"SKIP","floor":31},{"not_picked":["Barricade","Offering","Berserk"],"picked":"Limit Break","floor":33},{"not_picked":["Warcry","Seeing Red+1","True Grit+1"],"picked":"Perfected Strike","floor":35},{"not_picked":["Pummel","Thunderclap","Flex+1","Clothesline+1"],"picked":"SKIP","floor":35},{"not_picked":["Warcry+1","Clash","Ghostly Armor+1"],"picked":"Flame Barrier","floor":36},{"not_picked":["Reckless Charge+1","Infernal Blade+1","Clothesline+1","Pommel Strike+1"],"picked":"SKIP","floor":36},{"not_picked":["Body Slam","Shrug It Off+1","Battle Trance+1"],"picked":"Offering","floor":38},{"not_picked":["Iron Wave","Anger+1","Clash","Berserk"],"picked":"SKIP","floor":38},{"not_picked":["Dual Wield","Wild Strike+1","Anger"],"picked":"Perfected Strike+1","floor":41},{"not_picked":["Rampage+1","Second Wind","Flex"],"picked":"Flame Barrier+1","floor":41},{"not_picked":["Blood for Blood+1","Metallicize+1","Twin Strike+1"],"picked":"Double Tap","floor":45},{"not_picked":["Cleave+1","Twin Strike+1","Iron Wave"],"picked":"Feel No Pain+1","floor":45},{"not_picked":["Sword Boomerang","Fire Breathing","Iron Wave+1"],"picked":"Flame Barrier","floor":46},{"not_picked":["Rage+1","Entrench+1","Havoc+1","Evolve+1"],"picked":"SKIP","floor":47},{"not_picked":["Body Slam+1","Cleave+1","Sentinel+1","Reckless Charge+1"],"picked":"SKIP","floor":47},{"not_picked":["Intimidate+1","Body Slam+1","Clothesline"],"picked":"Perfected Strike+1","floor":48},{"not_picked":["Power Through+1","Sword Boomerang+1","Feel No Pain"],"picked":"Fiend Fire","floor":48},{"not_picked":["Warcry","Whirlwind+1","Rupture"],"picked":"Perfected Strike","floor":54}],"player_experience":1003141,"relics_obtained":[{"floor":8,"key":"Pantograph"},{"floor":9,"key":"Pocketwatch"},{"floor":14,"key":"Calipers"},{"floor":23,"key":"Art of War"},{"floor":25,"key":"Sundial"},{"floor":26,"key":"Prayer Wheel"},{"floor":31,"key":"Question Card"},{"floor":39,"key":"Old Coin"},{"floor":46,"key":"Anchor"},{"floor":54,"key":"Lantern"}],"event_choices":[{"damage_healed":0.0,"max_hp_gain":0.0,"max_hp_loss":6.0,"gold_gain":0.0,"event_name":"Golden Idol","player_choice":"Lose Max HP","floor":2.0,"gold_loss":0.0,"damage_taken":0.0,"relics_obtained":["Golden Idol"]},{"cards_removed":["Strike_R"],"damage_healed":0,"gold_gain":0,"player_choice":"Purged","damage_taken":0,"max_hp_gain":0,"max_hp_loss":0,"event_name":"Purifier","floor":5,"gold_loss":0},{"damage_healed":0,"gold_gain":0,"player_choice":"Simplicity","damage_taken":0,"max_hp_gain":0,"max_hp_loss":0,"event_name":"Back to Basics","floor":19,"gold_loss":0,"cards_upgraded":["Strike_R","Strike_R","Strike_R","Defend_R","Defend_R","Defend_R","Defend_R"]},{"damage_healed":0,"gold_gain":0,"player_choice":"Stole Relic","damage_taken":0,"relics_obtained":["Ornamental Fan"],"max_hp_gain":0,"max_hp_loss":0,"event_name":"Addict","floor":21,"gold_loss":0,"cards_obtained":["Shame"]},{"damage_healed":0,"gold_gain":0,"player_choice":"Ignored","damage_taken":0,"max_hp_gain":0,"max_hp_loss":0,"event_name":"Ghosts","floor":29,"gold_loss":0},{"damage_healed":0,"gold_gain":0,"player_choice":"Fight","damage_taken":0,"max_hp_gain":0,"max_hp_loss":0,"event_name":"Mysterious Sphere","floor":39,"gold_loss":0},{"damage_healed":0,"gold_gain":333,"player_choice":"Gave Idol","damage_taken":0,"max_hp_gain":0,"max_hp_loss":0,"event_name":"The Moai Head","floor":42,"relics_lost":["Golden Idol"],"gold_loss":0}],"is_beta":false,"boss_relics":[{"not_picked":["Eternal Feather","Runic Cube"],"picked":"Snecko Eye"},{"not_picked":["Calling Bell","Mark of Pain"],"picked":"Cursed Key"}],"items_purged_floors":[4,37,44,53],"is_endless":false,"potions_floor_spawned":[7,8,11,22,24,28,31,33,38,41,45,46,48,54],"ascension_level":1}