{"gold_per_floor":[109,126,201,201,54,84,99,126,153,180,180,196,14,32,32,128,128,143,68,68,83,13,30,62,62,86,86,10,10,28,58,58,160,160,173,183,183,72,0,31,31,50,50,83,83,108,120,147,147,147,147,147,51,86,86],"floor_reached":55,"playtime":3950,"items_purged":["Strike_G","Strike_G"],"score":1595,"play_id":"5b2e0bf5-aa04-4492-ad39-3f389a8a24d4","local_time":"20190717002607","is_ascension_mode":true,"campfire_choices":[{"floor":11.0,"key":"REST"},{"data":"Adrenaline","floor":15.0,"key":"SMITH"},{"data":"Noxious Fumes","floor":25.0,"key":"SMITH"},{"data":"Adrenaline","floor":27.0,"key":"SMITH"},{"data":"Prepared","floor":29.0,"key":"SMITH"},{"data":"Leg Sweep","floor":32.0,"key":"SMITH"},{"data":"Neutralize","floor":41.0,"key":"SMITH"},{"floor":49.0,"key":"RECALL"},{"data":"Well Laid Plans","floor":52.0,"key":"SMITH"}],"neow_cost":"NONE","seed_source_timestamp":0,"circlet_count":0,"master_deck":["AscendersBane","Survivor","Neutralize+1","Prepared+1","Heel Hook","Leg Sweep+1","Escape Plan","Deflect","Adrenaline+1","Flash of Steel","Heel Hook","Adrenaline+1","Quick Slash","Noxious Fumes+1","Blur+1","Heel Hook","Unload","Quick Slash","Grand Finale+1","Bouncing Flask","Caltrops","Well Laid Plans","Riddle With Holes","Backstab","Acrobatics+1","Well Laid Plans+1","Heel Hook","Prepared+1","Escape Plan","Corpse Explosion","Impatience"],"special_seed":0,"relics":["Ring of the Snake","NeowsBlessing","Omamori","Bag of Marbles","Bronze Scales","Meat on the Bone","Coffee Dripper","Enchiridion","War Paint","Pen Nib","Boot","Pandora\u0027s Box","Red Mask","Lantern","Orichalcum","The Specimen","PreservedInsect","Ninja Scroll"],"potions_floor_usage":[55,55],"damage_taken":[{"damage":0.0,"enemies":"Jaw Worm","floor":1.0,"turns":1.0},{"damage":0.0,"enemies":"Cultist","floor":2.0,"turns":1.0},{"damage":0.0,"enemies":"Gremlin Nob","floor":6.0,"turns":1.0},{"damage":0.0,"enemies":"Small Slimes","floor":7.0,"turns":5.0},{"damage":46.0,"enemies":"3 Sentries","floor":10.0,"turns":13.0},{"damage":6.0,"enemies":"Exordium Wildlife","floor":12.0,"turns":9.0},{"damage":3.0,"enemies":"3 Louse","floor":14.0,"turns":3.0},{"damage":30.0,"enemies":"The Guardian","floor":16.0,"turns":21.0},{"damage":11.0,"enemies":"Spheric Guardian","floor":18.0,"turns":7.0},{"damage":0.0,"enemies":"3 Byrds","floor":21.0,"turns":6.0},{"damage":9.0,"enemies":"Snake Plant","floor":23.0,"turns":4.0},{"damage":16.0,"enemies":"Slavers","floor":24.0,"turns":9.0},{"damage":0.0,"enemies":"Centurion and Healer","floor":30.0,"turns":4.0},{"damage":9.0,"enemies":"Book of Stabbing","floor":31.0,"turns":5.0},{"damage":3.0,"enemies":"Champ","floor":33.0,"turns":14.0},{"damage":0.0,"enemies":"3 Darklings","floor":35.0,"turns":3.0},{"damage":1.0,"enemies":"3 Shapes","floor":36.0,"turns":3.0},{"damage":0.0,"enemies":"Reptomancer","floor":40.0,"turns":3.0},{"damage":0.0,"enemies":"Transient","floor":42.0,"turns":5.0},{"damage":0.0,"enemies":"Giant Head","floor":44.0,"turns":4.0},{"damage":0.0,"enemies":"Reptomancer","floor":46.0,"turns":3.0},{"damage":0.0,"enemies":"Jaw Worm Horde","floor":47.0,"turns":3.0},{"damage":0.0,"enemies":"Giant Head","floor":48.0,"turns":6.0},{"damage":14.0,"enemies":"Donu and Deca","floor":50.0,"turns":5.0},{"damage":0.0,"enemies":"Shield and Spear","floor":54.0,"turns":2.0},{"damage":88,"enemies":"The Heart","floor":55,"turns":5}],"seed_played":"5276187880448011844","potions_obtained":[{"floor":2.0,"key":"Ancient Potion"},{"floor":6.0,"key":"Block Potion"},{"floor":7.0,"key":"GhostInAJar"},{"floor":10.0,"key":"GhostInAJar"},{"floor":16.0,"key":"Dexterity Potion"},{"floor":18.0,"key":"Fire Potion"},{"floor":24.0,"key":"EssenceOfSteel"},{"floor":35.0,"key":"Weak Potion"},{"floor":54.0,"key":"GamblersBrew"}],"is_trial":false,"path_per_floor":["M","M","?","?","$","E","M","T","T","E","R","M","$","M","R","B",null,"M","?","?","M","$","M","E","R","T","R","$","R","M","E","R","B",null,"M","M","?","$","?","E","R","M","T","E","?","E","M","E","R","B",null,"R","$","E","B"],"character_chosen":"THE_SILENT","items_purchased":["Heel Hook","Flash of Steel","Blur","GhostInAJar","Well Laid Plans","Heel Hook","Impatience"],"campfire_rested":1,"item_purchase_floors":[5,13,22,28,38,38,53],"current_hp_per_floor":[63,63,52,52,52,52,52,52,52,6,27,33,33,42,42,24,59,48,48,32,44,44,47,43,43,43,43,43,43,43,46,46,43,63,63,62,62,62,62,62,62,62,62,62,62,62,62,62,62,48,65,65,65,65,0],"gold":86,"neow_bonus":"THREE_ENEMY_KILL","is_prod":false,"is_daily":false,"chose_seed":false,"campfire_upgraded":7,"win_rate":0,"timestamp":1563348367,"path_taken":["M","M","?","?","?","E","M","?","T","E","R","M","$","?","R","BOSS","M","?","?","M","$","M","E","R","T","R","?","R","M","E","R","BOSS","M","M","?","$","?","E","R","M","T","E","?","E","?","E","R","BOSS","R","$","E","BOSS"],"build_version":"2019-07-05","purchased_purges":2,"victory":false,"max_hp_per_floor":[70,70,70,70,70,70,70,70,70,70,70,70,70,70,70,70,70,70,70,70,70,70,70,70,70,70,70,70,70,70,70,70,70,70,70,70,70,70,70,70,70,70,70,70,70,70,70,70,70,70,70,70,70,70,70],"card_choices":[{"not_picked":["Bane","Dodge and Roll","Expertise"],"picked":"SKIP","floor":1.0},{"not_picked":["Bouncing Flask","Poisoned Stab"],"picked":"Prepared","floor":2.0},{"not_picked":["Prepared","Slice"],"picked":"Leg Sweep","floor":6.0},{"not_picked":["Outmaneuver","Prepared"],"picked":"Escape Plan","floor":7.0},{"not_picked":["Backflip","Well Laid Plans"],"picked":"Deflect","floor":10.0},{"not_picked":["Backflip","Acrobatics"],"picked":"Adrenaline","floor":12.0},{"not_picked":["Caltrops","Endless Agony"],"picked":"Heel Hook","floor":14.0},{"not_picked":["A Thousand Cuts","Night Terror"],"picked":"Adrenaline","floor":16.0},{"not_picked":["Slice","Outmaneuver"],"picked":"Quick Slash","floor":18.0},{"not_picked":["PiercingWail+1","Poisoned Stab"],"picked":"Noxious Fumes","floor":21.0},{"not_picked":["Flying Knee","Footwork"],"picked":"Heel Hook","floor":23.0},{"not_picked":["Outmaneuver","Riddle With Holes"],"picked":"Unload","floor":24.0},{"not_picked":["Slice","Flying Knee"],"picked":"Quick Slash","floor":30.0},{"not_picked":["Underhanded Strike","Bane","Dagger Spray"],"picked":"SKIP","floor":31.0},{"not_picked":["A Thousand Cuts","Unload"],"picked":"Grand Finale","floor":33.0},{"not_picked":["Dagger Spray","Poisoned Stab","Flechettes"],"picked":"SKIP","floor":35.0},{"not_picked":["PiercingWail+1","Noxious Fumes+1"],"picked":"Acrobatics+1","floor":36.0},{"not_picked":["Skewer+1","Deadly Poison+1"],"picked":"Prepared+1","floor":40.0},{"not_picked":["Outmaneuver","Calculated Gamble","Dagger Spray"],"picked":"SKIP","floor":42.0},{"not_picked":["Dagger Throw","Tools of the Trade"],"picked":"Escape Plan","floor":44.0},{"not_picked":["Leg Sweep","Cloak And Dagger"],"picked":"Corpse Explosion","floor":46.0},{"not_picked":["Backflip","Poisoned Stab+1","Dagger Throw"],"picked":"SKIP","floor":47.0},{"not_picked":["Poisoned Stab","Catalyst","Die Die Die"],"picked":"SKIP","floor":48.0},{"not_picked":["PiercingWail","Glass Knife","Choke"],"picked":"SKIP","floor":54.0},{"not_picked":["PiercingWail","Glass Knife","Choke"],"picked":"SKIP","floor":54.0}],"player_experience":609230,"relics_obtained":[{"floor":6.0,"key":"Omamori"},{"floor":8.0,"key":"Bag of Marbles"},{"floor":9.0,"key":"Bronze Scales"},{"floor":10.0,"key":"Meat on the Bone"},{"floor":20.0,"key":"Enchiridion"},{"floor":24.0,"key":"War Paint"},{"floor":26.0,"key":"Pen Nib"},{"floor":31.0,"key":"Boot"},{"floor":40.0,"key":"Lantern"},{"floor":44.0,"key":"Orichalcum"},{"floor":46.0,"key":"The Specimen"},{"floor":48.0,"key":"PreservedInsect"},{"floor":54.0,"key":"Ninja Scroll"}],"event_choices":[{"damage_healed":0.0,"max_hp_gain":0.0,"max_hp_loss":0.0,"gold_gain":75.0,"event_name":"World of Goop","player_choice":"Gather Gold","floor":3.0,"gold_loss":0.0,"damage_taken":11.0},{"cards_removed":["Defend_G"],"damage_healed":0.0,"max_hp_gain":0.0,"max_hp_loss":0.0,"gold_gain":0.0,"event_name":"Living Wall","player_choice":"Forget","floor":4.0,"gold_loss":0.0,"damage_taken":0.0},{"cards_removed":["Strike_G"],"damage_healed":0.0,"max_hp_gain":0.0,"max_hp_loss":0.0,"gold_gain":0.0,"event_name":"Beggar","player_choice":"Gave Gold","floor":19.0,"gold_loss":75.0,"damage_taken":0.0},{"damage_healed":0.0,"max_hp_gain":0.0,"max_hp_loss":0.0,"gold_gain":0.0,"event_name":"Cursed Tome","player_choice":"Obtained Book","floor":20.0,"gold_loss":0.0,"damage_taken":16.0},{"cards_removed":["Leg Sweep"],"damage_healed":0.0,"max_hp_gain":0.0,"max_hp_loss":0.0,"gold_gain":0.0,"event_name":"Falling","player_choice":"Removed Skill","floor":37.0,"gold_loss":0.0,"damage_taken":0.0},{"damage_healed":0.0,"max_hp_gain":0.0,"max_hp_loss":0.0,"gold_gain":0.0,"event_name":"Tomb of Lord Red Mask","player_choice":"Paid","floor":39.0,"gold_loss":72.0,"damage_taken":0.0,"relics_obtained":["Red Mask"]},{"damage_healed":0.0,"max_hp_gain":0.0,"max_hp_loss":0.0,"gold_gain":0.0,"event_name":"Upgrade Shrine","player_choice":"Upgraded","floor":45.0,"gold_loss":0.0,"damage_taken":0.0,"cards_upgraded":["Grand Finale"]}],"is_beta":false,"boss_relics":[{"not_picked":["Lizard Tail","Black Star"],"picked":"Coffee Dripper"},{"not_picked":["Busted Crown","Astrolabe"],"picked":"Pandora\u0027s Box"}],"items_purged_floors":[5,13],"is_endless":false,"potions_floor_spawned":[2,6,7,10,16,18,23,24,35,42,44,48,54],"killed_by":"The Heart","ascension_level":12}