{"gold_per_floor":[117,5,5,22,33,65,65,11,11,45,45,65,65,85,85,180,180,199,218,229,94,64,64,74,74,147,147],"floor_reached":27,"playtime":4161,"items_purged":["Strike_R","Strike_R"],"score":234,"play_id":"989d6a9b-9627-4c3c-8684-ca146308d98c","local_time":"20190714124439","is_ascension_mode":true,"campfire_choices":[{"floor":11,"key":"REST"},{"data":"Body Slam","floor":13,"key":"SMITH"},{"data":"Uppercut","floor":15,"key":"SMITH"},{"floor":23,"key":"REST"},{"data":"Barricade","floor":25,"key":"SMITH"}],"neow_cost":"NONE","seed_source_timestamp":2898508992983,"circlet_count":0,"master_deck":["Strike_R","Strike_R","Strike_R","Defend_R","Defend_R","Defend_R","Defend_R","Bash","Hemokinesis","Evolve","Uppercut+1","Headbutt","Ghostly Armor","Shrug It Off","Body Slam+1","Corruption","Metallicize","Barricade+1","Metallicize","Feel No Pain","Spot Weakness"],"relics":["Burning Blood","Calipers","Unceasing Top","Potion Belt","Runic Pyramid","Shuriken"],"potions_floor_usage":[6,12,24,24,27,27,27],"damage_taken":[{"damage":9,"enemies":"Jaw Worm","floor":1,"turns":4},{"damage":0,"enemies":"2 Louse","floor":4,"turns":3},{"damage":4,"enemies":"Cultist","floor":5,"turns":3},{"damage":28,"enemies":"Lagavulin","floor":6,"turns":6},{"damage":35,"enemies":"Gremlin Nob","floor":10,"turns":5},{"damage":12,"enemies":"Large Slime","floor":12,"turns":4},{"damage":9,"enemies":"Lots of Slimes","floor":14,"turns":6},{"damage":41,"enemies":"Hexaghost","floor":16,"turns":15},{"damage":4,"enemies":"Chosen","floor":18,"turns":7},{"damage":43,"enemies":"Spheric Guardian","floor":19,"turns":9},{"damage":25,"enemies":"Snecko","floor":20,"turns":9},{"damage":16,"enemies":"Shelled Parasite and Fungi","floor":24,"turns":12},{"damage":61,"enemies":"3 Cultists","floor":27,"turns":6}],"seed_played":"4733581110642403663","potions_obtained":[{"floor":5,"key":"Energy Potion"},{"floor":6,"key":"SpeedPotion"},{"floor":10,"key":"GamblersBrew"},{"floor":12,"key":"Swift Potion"},{"floor":18,"key":"Poison Potion"},{"floor":22,"key":"SkillPotion"},{"floor":22,"key":"FairyPotion"},{"floor":24,"key":"SpeedPotion"}],"is_trial":false,"path_per_floor":["M","$","?","M","M","E","?","$","T","E","R","M","R","M","R","B",null,"M","M","M","$","?","R","M","R","T","M"],"character_chosen":"IRONCLAD","items_purchased":["Uppercut","Body Slam","Feel No Pain"],"campfire_rested":2,"item_purchase_floors":[2,8,21],"current_hp_per_floor":[77,77,77,80,80,58,58,58,58,29,53,47,47,44,44,9,80,80,43,24,24,24,48,38,38,38,0],"gold":147,"neow_bonus":"THREE_CARDS","is_prod":false,"is_daily":false,"chose_seed":false,"campfire_upgraded":3,"win_rate":0,"timestamp":1563101079,"path_taken":["M","$","?","M","M","E","?","$","T","E","R","M","R","?","R","BOSS","M","M","M","$","?","R","?","R","T","M"],"build_version":"2019-07-05","purchased_purges":2,"victory":false,"max_hp_per_floor":[80,80,80,80,80,80,80,80,80,80,80,80,80,80,80,80,80,80,80,80,80,80,80,80,80,80,80],"card_choices":[{"not_picked":["Cleave","Flex"],"picked":"Hemokinesis","floor":0},{"not_picked":["Armaments","Perfected Strike"],"picked":"Evolve","floor":1},{"not_picked":["Clothesline","Perfected Strike"],"picked":"Headbutt","floor":4},{"not_picked":["Warcry","Clash"],"picked":"Ghostly Armor","floor":5},{"not_picked":["Body Slam","Heavy Blade"],"picked":"Shrug It Off","floor":6},{"not_picked":["Whirlwind","Wild Strike"],"picked":"Corruption","floor":10},{"not_picked":["Clash","Seeing Red","Heavy Blade"],"picked":"SKIP","floor":12},{"not_picked":["Sever Soul","Hemokinesis"],"picked":"Metallicize","floor":14},{"not_picked":["Exhume","Reaper"],"picked":"Barricade","floor":16},{"not_picked":["Thunderclap","Seeing Red","Twin Strike"],"picked":"SKIP","floor":18},{"not_picked":["Bloodletting","Flex"],"picked":"Metallicize","floor":19},{"not_picked":["Flex","Heavy Blade","Bloodletting"],"picked":"SKIP","floor":20},{"not_picked":["Flex","Heavy Blade","Bloodletting"],"picked":"SKIP","floor":20},{"not_picked":["Flex","Dark Embrace"],"picked":"Spot Weakness","floor":24}],"player_experience":461034,"relics_obtained":[{"floor":6,"key":"Calipers"},{"floor":9,"key":"Unceasing Top"},{"floor":10,"key":"Potion Belt"},{"floor":26,"key":"Shuriken"}],"event_choices":[{"damage_healed":0,"gold_gain":0,"player_choice":"Ignored","damage_taken":0,"max_hp_gain":0,"max_hp_loss":0,"event_name":"Liars Game","floor":3,"gold_loss":0},{"damage_healed":0,"gold_gain":0,"player_choice":"0 cards matched","damage_taken":0,"max_hp_gain":0,"max_hp_loss":0,"event_name":"Match and Keep!","floor":7,"gold_loss":0,"cards_obtained":[]},{"damage_healed":0,"gold_gain":0,"player_choice":"Bought 2 Potions","damage_taken":0,"max_hp_gain":0,"max_hp_loss":0,"event_name":"The Woman in Blue","floor":22,"gold_loss":0}],"is_beta":false,"boss_relics":[{"not_picked":["Sozu","Coffee Dripper"],"picked":"Runic Pyramid"}],"items_purged_floors":[2,21],"is_endless":false,"potions_floor_spawned":[5,6,10,12,18,24],"killed_by":"3 Cultists","ascension_level":1}