{"gold_per_floor":[119,119,137,212,236,236,252,276,276,276,290,308,308,308,308,429,429,454,498,413,438,451,451,68,107,107,122,45,66,85,98,98,219,219,239,44,44,64,89,123,143,143],"floor_reached":42,"playtime":2727,"items_purged":["Strike_B","Strike_B"],"score":615,"play_id":"890e3f1b-4608-4841-aaf3-8cb4f2347ece","local_time":"20180908141631","is_ascension_mode":true,"campfire_choices":[{"data":"Zap","floor":6.0,"key":"SMITH"},{"data":"Dualcast","floor":13.0,"key":"SMITH"},{"data":"Streamline","floor":15.0,"key":"SMITH"},{"data":"Fusion","floor":23.0,"key":"SMITH"},{"floor":32.0,"key":"REST"}],"neow_cost":"TEN_PERCENT_HP_LOSS","seed_source_timestamp":0,"circlet_count":0,"master_deck":["Strike_B","Strike_B","Defend_B","Defend_B","Defend_B","Defend_B","Zap+1","Dualcast+1","Streamline+1","Conserve Battery","Go for the Eyes","Glacier","Gash","Go for the Eyes","Electrodynamics","Fusion+1","Steam","Conserve Battery","Conserve Battery+1","Chaos+1","Undo+1","All For One","Conserve Battery+1","FTL+1","Turbo+1","Heatsinks","Sweeping Beam","Beam Cell+1","Loop","Darkness+1","Defragment","Go for the Eyes+1","Buffer"],"special_seed":0,"relics":["Cracked Core","Prayer Wheel","Golden Idol","Toxic Egg 2","Singing Bowl","Busted Crown","Red Mask","FossilizedHelix","Runic Capacitor","Molten Egg 2","The Courier","Sozu","Regal Pillow","CultistMask","Kunai"],"potions_floor_usage":[],"damage_taken":[{"damage":1.0,"enemies":"2 Louse","floor":1.0,"turns":2.0},{"damage":0.0,"enemies":"Cultist","floor":3.0,"turns":3.0},{"damage":0.0,"enemies":"Small Slimes","floor":5.0,"turns":4.0},{"damage":13.0,"enemies":"Exordium Wildlife","floor":7.0,"turns":4.0},{"damage":7.0,"enemies":"Gremlin Gang","floor":8.0,"turns":4.0},{"damage":4.0,"enemies":"Blue Slaver","floor":11.0,"turns":4.0},{"damage":0.0,"enemies":"2 Fungi Beasts","floor":12.0,"turns":3.0},{"damage":16.0,"enemies":"The Guardian","floor":16.0,"turns":15.0},{"damage":0.0,"enemies":"Spheric Guardian","floor":18.0,"turns":3.0},{"damage":18.0,"enemies":"Masked Bandits","floor":19.0,"turns":5.0},{"damage":6.0,"enemies":"2 Thieves","floor":21.0,"turns":4.0},{"damage":6.0,"enemies":"Snake Plant","floor":22.0,"turns":4.0},{"damage":0.0,"enemies":"Book of Stabbing","floor":25.0,"turns":7.0},{"damage":10.0,"enemies":"Centurion and Healer","floor":27.0,"turns":4.0},{"damage":8.0,"enemies":"Snecko","floor":29.0,"turns":6.0},{"damage":16.0,"enemies":"Sentry and Sphere","floor":30.0,"turns":5.0},{"damage":0.0,"enemies":"Snake Plant","floor":31.0,"turns":5.0},{"damage":41.0,"enemies":"Automaton","floor":33.0,"turns":11.0},{"damage":19.0,"enemies":"3 Shapes","floor":35.0,"turns":6.0},{"damage":59.0,"enemies":"3 Darklings","floor":38.0,"turns":7.0},{"damage":7.0,"enemies":"Transient","floor":39.0,"turns":5.0},{"damage":3,"enemies":"2 Orb Walkers","floor":40,"turns":4},{"damage":9,"enemies":"Maw","floor":41,"turns":9},{"damage":48,"enemies":"Sphere and 2 Shapes","floor":42,"turns":3}],"seed_played":"6185602858500769637","potions_obtained":[{"floor":1.0,"key":"Explosive Potion"},{"floor":8.0,"key":"SkillPotion"},{"floor":11.0,"key":"FocusPotion"},{"floor":12.0,"key":"SkillPotion"},{"floor":14.0,"key":"FairyPotion"},{"floor":18.0,"key":"Swift Potion"},{"floor":21.0,"key":"Swift Potion"},{"floor":25.0,"key":"LiquidBronze"},{"floor":31.0,"key":"GamblersBrew"}],"is_trial":false,"path_per_floor":["M","?","M","?","M","R","M","M","T","T","M","M","R","?","R","B",null,"M","?","?","M","M","R","$","E","T","M","$","M","M","M","R","B",null,"M","$","?","M","M","E","M"],"character_chosen":"DEFECT","items_purchased":["Runic Capacitor","Heatsinks","Sweeping Beam","Defragment","Go for the Eyes+1","Regal Pillow"],"campfire_rested":1,"item_purchase_floors":[24,24,24,28,28,36],"current_hp_per_floor":[67,63,63,52,52,52,39,32,32,32,30,30,30,30,30,14,65,67,51,51,47,43,43,43,43,43,33,33,29,17,21,46,7,87,72,72,72,17,12,11,6,0],"gold":143,"neow_bonus":"ONE_RARE_RELIC","is_prod":false,"is_daily":false,"chose_seed":false,"campfire_upgraded":4,"win_rate":0,"timestamp":1536441391,"path_taken":["M","?","?","?","M","R","M","?","T","?","M","M","R","?","R","BOSS","M","?","?","M","?","R","?","E","T","M","?","M","M","?","R","BOSS","M","$","?","M","?","E","M","M"],"build_version":"2018-09-06","purchased_purges":2,"victory":false,"max_hp_per_floor":[68,63,63,63,63,63,63,63,63,63,65,65,65,65,65,65,65,67,69,69,71,73,73,73,73,73,73,73,77,81,85,85,87,87,91,91,91,95,97,99,103,103],"card_choices":[{"not_picked":["Auto Shields","Rip and Tear"],"picked":"Streamline","floor":1.0},{"not_picked":["Sunder","Leap"],"picked":"Conserve Battery","floor":1.0},{"not_picked":["Ball Lightning","Undo"],"picked":"Go for the Eyes","floor":3.0},{"not_picked":["FTL","Conserve Battery"],"picked":"Glacier","floor":3.0},{"not_picked":["Recycle","Force Field"],"picked":"Gash","floor":5.0},{"not_picked":["Stack","Cold Snap"],"picked":"Go for the Eyes","floor":5.0},{"not_picked":["Glacier","FTL"],"picked":"Electrodynamics","floor":7.0},{"not_picked":["Cold Snap","Steam"],"picked":"Fusion","floor":7.0},{"not_picked":["Redo","Ball Lightning"],"picked":"Steam","floor":8.0},{"not_picked":["Cold Snap","Sweeping Beam"],"picked":"Conserve Battery","floor":8.0},{"not_picked":["Compile Driver","Sweeping Beam","Conserve Battery+1"],"picked":"Singing Bowl","floor":11.0},{"not_picked":["Beam Cell","Loop"],"picked":"Conserve Battery+1","floor":11.0},{"not_picked":["Defragment","Conserve Battery+1"],"picked":"Chaos+1","floor":12.0},{"not_picked":["Doom and Gloom","Turbo+1"],"picked":"Undo+1","floor":12.0},{"not_picked":["Reboot+1","Machine Learning"],"picked":"All For One","floor":16.0},{"not_picked":[],"picked":"Conserve Battery+1","floor":18.0},{"not_picked":["Rebound"],"picked":"Singing Bowl","floor":18.0},{"not_picked":["Doom and Gloom"],"picked":"Singing Bowl","floor":19.0},{"not_picked":[],"picked":"FTL+1","floor":21.0},{"not_picked":["Aggregate+1"],"picked":"Singing Bowl","floor":21.0},{"not_picked":["Consume+1"],"picked":"Singing Bowl","floor":22.0},{"not_picked":[],"picked":"Turbo+1","floor":22.0},{"not_picked":[],"picked":"Beam Cell+1","floor":25.0},{"not_picked":[],"picked":"Loop","floor":27.0},{"not_picked":[],"picked":"Darkness+1","floor":27.0},{"not_picked":["Recycle+1"],"picked":"Singing Bowl","floor":29.0},{"not_picked":["Conserve Battery+1"],"picked":"Singing Bowl","floor":29.0},{"not_picked":["Cold Snap+1"],"picked":"Singing Bowl","floor":30.0},{"not_picked":["Barrage+1"],"picked":"Singing Bowl","floor":30.0},{"not_picked":["Go for the Eyes+1"],"picked":"Singing Bowl","floor":31.0},{"not_picked":["Streamline+1"],"picked":"Singing Bowl","floor":31.0},{"not_picked":["Hyperbeam+1"],"picked":"Singing Bowl","floor":33.0},{"not_picked":["Streamline+1"],"picked":"Singing Bowl","floor":35.0},{"not_picked":["Conserve Battery+1"],"picked":"Singing Bowl","floor":35.0},{"not_picked":["Coolheaded+1"],"picked":"Singing Bowl","floor":38.0},{"not_picked":["Ball Lightning+1"],"picked":"Singing Bowl","floor":38.0},{"not_picked":["Steam Power+1"],"picked":"Singing Bowl","floor":39.0},{"not_picked":[],"picked":"Buffer","floor":39.0},{"not_picked":["Darkness+1"],"picked":"Singing Bowl","floor":40},{"not_picked":["Turbo+1"],"picked":"Singing Bowl","floor":41},{"not_picked":["Beam Cell+1"],"picked":"Singing Bowl","floor":41}],"player_experience":272774,"relics_obtained":[{"floor":9.0,"key":"Toxic Egg 2"},{"floor":10.0,"key":"Singing Bowl"},{"floor":19.0,"key":"Red Mask"},{"floor":25.0,"key":"Molten Egg 2"},{"floor":26.0,"key":"The Courier"},{"floor":40,"key":"Kunai"}],"event_choices":[{"event_name":"Golden Idol","player_choice":"Lose Max HP","floor":2.0,"damage_taken":0.0},{"event_name":"World of Goop","player_choice":"Gather Gold","floor":4.0,"damage_taken":0.0},{"event_name":"The Lab","player_choice":"Got Potions","floor":14.0,"damage_taken":0.0},{"event_name":"Masked Bandits","player_choice":"Fought Bandits","floor":19.0,"damage_taken":0.0},{"event_name":"Addict","player_choice":"Obtained Relic","floor":20.0,"damage_taken":0.0},{"event_name":"FaceTrader","player_choice":"Trade","floor":37.0,"damage_taken":0.0}],"is_beta":false,"boss_relics":[{"not_picked":["Lizard Tail","White Beast Statue"],"picked":"Busted Crown"},{"not_picked":["Snecko Eye","Coffee Dripper"],"picked":"Sozu"}],"items_purged_floors":[24,36],"is_endless":false,"potions_floor_spawned":[1,8,11,12,18,21,25,31,38,39],"killed_by":"Sphere and 2 Shapes","ascension_level":4}