{"gold_per_floor":[114,24,199,199,199,227,246,258,258,258,258,289,313,336,336,466,466,487,427,427,442,215,215],"floor_reached":23,"playtime":1859,"items_purged":["Injury"],"score":269,"play_id":"9ca46d15-51b7-43ff-bdbf-b94ba4508e1e","local_time":"20190803101127","is_ascension_mode":true,"campfire_choices":[{"floor":10,"key":"REST"},{"floor":15,"key":"REST"}],"neow_cost":"TEN_PERCENT_HP_LOSS","seed_source_timestamp":125828810018683,"circlet_count":0,"master_deck":["Strike_B","Defend_B","Defend_B","Defend_B","Defend_B","Zap","Dualcast","Reinforced Body","Fission","Compile Driver","Bandage Up","Ball Lightning","Glacier","Buffer","Capacitor","Machine Learning","Chill","Loop+1","Writhe","Loop"],"relics":["Cracked Core","Thread and Needle","Dodecahedron","Golden Idol","Shuriken","Philosopher\u0027s Stone","The Courier","Membership Card","Tiny Chest"],"potions_floor_usage":[12,14,18,19,21],"damage_taken":[{"damage":3,"enemies":"2 Louse","floor":1,"turns":3},{"damage":61,"enemies":"3 Sentries","floor":6,"turns":17},{"damage":0,"enemies":"Small Slimes","floor":7,"turns":3},{"damage":0,"enemies":"Jaw Worm","floor":8,"turns":3},{"damage":5,"enemies":"Gremlin Nob","floor":12,"turns":5},{"damage":0,"enemies":"Looter","floor":13,"turns":4},{"damage":0,"enemies":"Exordium Wildlife","floor":14,"turns":4},{"damage":2,"enemies":"The Guardian","floor":16,"turns":16},{"damage":0,"enemies":"Chosen","floor":18,"turns":7},{"damage":0,"enemies":"2 Thieves","floor":19,"turns":4},{"damage":19,"enemies":"Snake Plant","floor":21,"turns":9},{"damage":58,"enemies":"Book of Stabbing","floor":23,"turns":10}],"seed_played":"6192586287744335283","potions_obtained":[{"floor":7,"key":"Weak Potion"},{"floor":8,"key":"SpeedPotion"},{"floor":14,"key":"Dexterity Potion"},{"floor":16,"key":"Weak Potion"},{"floor":18,"key":"Weak Potion"}],"is_trial":false,"path_per_floor":["M","$","?","?","?","E","M","M","T","R","?","E","M","M","R","B",null,"M","M","?","M","$","E"],"character_chosen":"DEFECT","items_purchased":["Bandage Up","Membership Card","Tiny Chest"],"campfire_rested":2,"item_purchase_floors":[2,22,22],"current_hp_per_floor":[65,65,65,65,58,1,5,9,9,29,29,28,32,36,56,58,66,68,68,68,49,49,0],"gold":215,"neow_bonus":"TRANSFORM_TWO_CARDS","is_prod":false,"is_daily":false,"chose_seed":false,"campfire_upgraded":0,"win_rate":0,"timestamp":1564845087,"path_taken":["M","$","?","?","?","E","M","M","T","R","?","E","M","M","R","BOSS","M","M","?","M","$","E"],"build_version":"2019-07-17","purchased_purges":1,"victory":false,"max_hp_per_floor":[68,68,68,68,68,68,68,68,68,68,68,68,68,68,68,68,68,68,68,68,68,68,68],"card_choices":[{"not_picked":["Sweeping Beam","Undo"],"picked":"Compile Driver","floor":1},{"not_picked":["Redo","Reprogram"],"picked":"Ball Lightning","floor":6},{"not_picked":["Redo","Ball Lightning","Sweeping Beam"],"picked":"SKIP","floor":7},{"not_picked":["Hologram","Self Repair"],"picked":"Glacier","floor":8},{"not_picked":["Skim","Cold Snap"],"picked":"Buffer","floor":12},{"not_picked":["Turbo","Redo","Double Energy"],"picked":"SKIP","floor":13},{"not_picked":["Scrape","Go for the Eyes"],"picked":"Capacitor","floor":14},{"not_picked":["Core Surge","Amplify"],"picked":"Machine Learning","floor":16},{"not_picked":["Gash+1","Sunder"],"picked":"Chill","floor":18},{"not_picked":["Streamline","Genetic Algorithm"],"picked":"Loop+1","floor":19},{"not_picked":["Reinforced Body+1","Beam Cell"],"picked":"Loop","floor":21}],"player_experience":598634,"relics_obtained":[{"floor":6,"key":"Thread and Needle"},{"floor":9,"key":"Dodecahedron"},{"floor":12,"key":"Shuriken"}],"event_choices":[{"damage_healed":0,"gold_gain":175,"player_choice":"AGREE","damage_taken":0,"max_hp_gain":0,"max_hp_loss":0,"event_name":"Liars Game","floor":3,"gold_loss":0,"cards_obtained":["Doubt"]},{"cards_removed":["Doubt"],"damage_healed":0,"gold_gain":0,"player_choice":"Forget","damage_taken":0,"max_hp_gain":0,"max_hp_loss":0,"event_name":"Living Wall","floor":4,"gold_loss":0},{"cards_removed":["Strike_B"],"damage_healed":0,"gold_gain":0,"player_choice":"Card Removal","damage_taken":7,"max_hp_gain":0,"max_hp_loss":0,"event_name":"Golden Wing","floor":5,"gold_loss":0},{"damage_healed":0,"gold_gain":0,"player_choice":"Take Wound","damage_taken":0,"relics_obtained":["Golden Idol"],"max_hp_gain":0,"max_hp_loss":0,"event_name":"Golden Idol","floor":11,"gold_loss":0,"cards_obtained":["Injury"]},{"damage_healed":0,"gold_gain":0,"player_choice":"Opened","damage_taken":0,"relics_obtained":["The Courier"],"max_hp_gain":0,"max_hp_loss":0,"event_name":"The Mausoleum","floor":20,"gold_loss":0,"cards_obtained":["Writhe"]}],"is_beta":false,"boss_relics":[{"not_picked":["Pandora\u0027s Box","Busted Crown"],"picked":"Philosopher\u0027s Stone"}],"items_purged_floors":[22],"is_endless":false,"potions_floor_spawned":[7,8,14,16,18],"killed_by":"Book of Stabbing","ascension_level":7}