{"gold_per_floor":[112,61,61,236,42,42,73,98,125,139,139,149,162,192,192,290,290,302,321,335,82,94,94,119,119,144,155,155,181,210,230,230,331,331,351,45,267,287,305,305,321,28,55,85,96,106,106,120,120,120],"floor_reached":51,"playtime":2551,"items_purged":["Strike_B","Doubt"],"score":992,"play_id":"26f8b84b-9c3e-4688-b231-e894cc62d129","local_time":"20190112163040","is_ascension_mode":true,"campfire_choices":[{"data":"Zap","floor":6.0,"key":"SMITH"},{"floor":11.0,"key":"REST"},{"data":"1","floor":15.0,"key":"LIFT"},{"data":"2","floor":23.0,"key":"LIFT"},{"data":"3","floor":25.0,"key":"LIFT"},{"floor":28.0,"key":"REST"},{"floor":32.0,"key":"REST"},{"floor":40,"key":"REST"},{"floor":47,"key":"REST"},{"data":"Blizzard","floor":49,"key":"SMITH"}],"neow_cost":"PERCENT_DAMAGE","seed_source_timestamp":11075632903033,"circlet_count":0,"master_deck":["Strike_B","Strike_B","Strike_B","Defend_B","Defend_B+1","Defend_B","Defend_B","Zap+1","Dualcast","Ball Lightning","Coolheaded+1","BootSequence","FTL","Coolheaded","Recycle","Barrage","Glacier","All For One","Creative AI","Conserve Battery+1","Biased Cognition","Blizzard+1","Fission+1","Loop","Glacier+1","Capacitor+1","Force Field+1","Consume+1"],"special_seed":0,"relics":["Cracked Core","Girya","Thread and Needle","Strawberry","Odd Mushroom","War Paint","Torii","Philosopher\u0027s Stone","Happy Flower","Lantern","PreservedInsect","Red Mask","Toxic Egg 2","Lizard Tail","Incense Burner","DataDisk","Regal Pillow"],"potions_floor_usage":[33,33,33,50,50,50],"damage_taken":[{"damage":4.0,"enemies":"Jaw Worm","floor":1.0,"turns":4.0},{"damage":17.0,"enemies":"3 Sentries","floor":7.0,"turns":9.0},{"damage":2.0,"enemies":"The Mushroom Lair","floor":8.0,"turns":5.0},{"damage":0.0,"enemies":"Small Slimes","floor":10.0,"turns":3.0},{"damage":2.0,"enemies":"2 Louse","floor":12.0,"turns":3.0},{"damage":0.0,"enemies":"Exordium Wildlife","floor":13.0,"turns":2.0},{"damage":13.0,"enemies":"Gremlin Nob","floor":14.0,"turns":4.0},{"damage":4.0,"enemies":"The Guardian","floor":16.0,"turns":12.0},{"damage":0.0,"enemies":"Chosen","floor":18.0,"turns":4.0},{"damage":5.0,"enemies":"3 Byrds","floor":19.0,"turns":5.0},{"damage":16.0,"enemies":"Snake Plant","floor":20.0,"turns":4.0},{"damage":2.0,"enemies":"Sentry and Sphere","floor":22.0,"turns":7.0},{"damage":11.0,"enemies":"Book of Stabbing","floor":24.0,"turns":7.0},{"damage":7.0,"enemies":"Cultist and Chosen","floor":27.0,"turns":6.0},{"damage":14.0,"enemies":"Masked Bandits","floor":29.0,"turns":4.0},{"damage":9.0,"enemies":"Slavers","floor":30.0,"turns":4.0},{"damage":0.0,"enemies":"Snecko","floor":31.0,"turns":5.0},{"damage":43,"enemies":"Automaton","floor":33,"turns":9},{"damage":0,"enemies":"Orb Walker","floor":35,"turns":4},{"damage":0,"enemies":"3 Shapes","floor":38,"turns":5},{"damage":30,"enemies":"Maw","floor":39,"turns":10},{"damage":9,"enemies":"Transient","floor":41,"turns":5},{"damage":21,"enemies":"Reptomancer","floor":44,"turns":6},{"damage":1,"enemies":"Writhing Mass","floor":45,"turns":10},{"damage":12,"enemies":"Maw","floor":46,"turns":8},{"damage":1,"enemies":"Spire Growth","floor":48,"turns":9},{"damage":52,"enemies":"Time Eater","floor":50,"turns":13}],"seed_played":"2923110614719204088","potions_obtained":[{"floor":1.0,"key":"Swift Potion"},{"floor":8.0,"key":"SkillPotion"},{"floor":13.0,"key":"SpeedPotion"},{"floor":16.0,"key":"GamblersBrew"},{"floor":22.0,"key":"AttackPotion"},{"floor":29.0,"key":"EssenceOfSteel"},{"floor":41,"key":"EssenceOfSteel"},{"floor":46,"key":"Poison Potion"},{"floor":48,"key":"PowerPotion"}],"is_trial":false,"path_per_floor":["M","$","?","?","$","R","E","?","T","M","R","M","M","E","R","B",null,"M","M","M","$","M","R","E","R","T","M","R","?","E","M","R","B",null,"M","$","?","M","M","R","M","$","T","E","M","M","R","M","R","B",null],"character_chosen":"DEFECT","items_purchased":["Coolheaded","BootSequence","FTL","Happy Flower","Blizzard","Fission+1","Loop","Incense Burner"],"campfire_rested":5,"item_purchase_floors":[2,5,5,21,36,36,36,42],"current_hp_per_floor":[46,46,43,43,43,43,33,31,31,31,55,53,53,40,40,36,71,71,66,50,50,48,48,37,37,37,30,54,40,31,31,55,12,65,65,65,65,65,35,59,50,50,50,29,28,16,55,54,54,2],"gold":120,"neow_bonus":"ONE_RARE_RELIC","is_prod":false,"is_daily":false,"chose_seed":false,"campfire_upgraded":2,"win_rate":0,"timestamp":1547299840,"path_taken":["M","$","?","?","$","R","E","?","T","?","R","M","M","E","R","BOSS","M","M","M","$","M","R","E","R","T","M","R","?","E","M","R","BOSS","M","$","?","M","M","R","M","$","T","E","M","M","R","M","R","BOSS"],"build_version":"2019-01-10","purchased_purges":2,"victory":true,"max_hp_per_floor":[75,75,75,75,75,75,82,82,82,82,82,82,82,82,82,82,82,82,82,82,82,82,82,82,82,82,82,82,82,82,82,82,82,82,82,82,82,82,82,82,82,82,82,82,82,82,82,82,82,82],"card_choices":[{"not_picked":["Sunder","FTL"],"picked":"Ball Lightning","floor":1.0},{"not_picked":["Recycle","Compile Driver"],"picked":"Coolheaded","floor":7.0},{"not_picked":["Skim","Redo"],"picked":"Recycle","floor":8.0},{"not_picked":["Hologram","Beam Cell","Coolheaded"],"picked":"SKIP","floor":10.0},{"not_picked":["Turbo","Heatsinks"],"picked":"Barrage","floor":12.0},{"not_picked":["Sweeping Beam","Gash"],"picked":"Glacier","floor":13.0},{"not_picked":["Static Discharge","Conserve Battery"],"picked":"All For One","floor":14.0},{"not_picked":["Machine Learning","Seek"],"picked":"Creative AI","floor":16.0},{"not_picked":["Streamline","Cold Snap","Redo"],"picked":"SKIP","floor":18.0},{"not_picked":["Barrage","Ball Lightning","Gash+1"],"picked":"SKIP","floor":19.0},{"not_picked":["BootSequence","Turbo","Rebound"],"picked":"SKIP","floor":20.0},{"not_picked":["Conserve Battery","Redo","Barrage+1"],"picked":"SKIP","floor":22.0},{"not_picked":["Sweeping Beam+1","Coolheaded","Multi-Cast"],"picked":"SKIP","floor":24.0},{"not_picked":["Doom and Gloom","Undo","Rebound"],"picked":"SKIP","floor":27.0},{"not_picked":["Heatsinks","Beam Cell+1","Coolheaded"],"picked":"SKIP","floor":30.0},{"not_picked":["Undo+1","Leap+1"],"picked":"Conserve Battery+1","floor":31.0},{"not_picked":["Core Surge","All For One"],"picked":"Biased Cognition","floor":33},{"not_picked":["Reprogram+1","Go for the Eyes","Beam Cell"],"picked":"SKIP","floor":35},{"not_picked":["Static Discharge+1","Barrage"],"picked":"Glacier+1","floor":38},{"not_picked":["Tempest+1","Gash+1","Darkness+1"],"picked":"SKIP","floor":39},{"not_picked":["Cold Snap+1","Go for the Eyes+1"],"picked":"Capacitor+1","floor":41},{"not_picked":["Cold Snap+1","Streamline+1","Steam+1"],"picked":"SKIP","floor":44},{"not_picked":["Hologram+1","Self Repair"],"picked":"Force Field+1","floor":45},{"not_picked":["White Noise+1","Creative AI"],"picked":"Consume+1","floor":46},{"not_picked":["Conserve Battery+1","Cold Snap","Compile Driver"],"picked":"SKIP","floor":48}],"player_experience":681041,"relics_obtained":[{"floor":7.0,"key":"Strawberry"},{"floor":8.0,"key":"Odd Mushroom"},{"floor":9.0,"key":"War Paint"},{"floor":14.0,"key":"Torii"},{"floor":24.0,"key":"Lantern"},{"floor":26.0,"key":"PreservedInsect"},{"floor":29.0,"key":"Red Mask"},{"floor":30.0,"key":"Toxic Egg 2"},{"floor":43,"key":"DataDisk"},{"floor":44,"key":"Regal Pillow"}],"event_choices":[{"damage_healed":0.0,"max_hp_gain":0.0,"max_hp_loss":0.0,"gold_gain":0.0,"event_name":"Scrap Ooze","player_choice":"Success","floor":3.0,"gold_loss":0.0,"damage_taken":3.0,"relics_obtained":["Thread and Needle"]},{"damage_healed":0.0,"max_hp_gain":0.0,"max_hp_loss":0.0,"gold_gain":175.0,"event_name":"Liars Game","player_choice":"AGREE","floor":4.0,"gold_loss":0.0,"damage_taken":0.0,"cards_obtained":["Doubt"]},{"damage_healed":0.0,"max_hp_gain":0.0,"max_hp_loss":0.0,"gold_gain":0.0,"event_name":"Mushrooms","player_choice":"Fought Mushrooms","floor":8.0,"gold_loss":0.0,"damage_taken":0.0},{"damage_healed":0.0,"max_hp_gain":0.0,"max_hp_loss":0.0,"gold_gain":0.0,"event_name":"Masked Bandits","player_choice":"Fought Bandits","floor":29.0,"gold_loss":0.0,"damage_taken":0.0},{"damage_healed":0,"gold_gain":222,"player_choice":"Wore Mask","damage_taken":0,"max_hp_gain":0,"max_hp_loss":0,"event_name":"Tomb of Lord Red Mask","floor":37,"gold_loss":0}],"is_beta":false,"boss_relics":[{"not_picked":["Orrery","White Beast Statue"],"picked":"Philosopher\u0027s Stone"},{"not_picked":["Calling Bell","Coffee Dripper"],"picked":"Lizard Tail"}],"items_purged_floors":[5,21],"is_endless":false,"potions_floor_spawned":[1,8,13,16,18,22,27,29,41,46,48],"ascension_level":7}