{"gold_per_floor":[109,125,136,33,33,67,67,101,126,142,177,177,235,266,266,367,367,384,309,309,321,321,321,338,338,387,416,448,448,483,582,582,679,679,696,696,716,729,742,773,265,265,288,288,288,316,316,349,349,349],"floor_reached":51,"playtime":3622,"items_purged":["Strike_G"],"score":1246,"play_id":"1e8f2246-3b99-420a-8906-dfc2e4166a5b","local_time":"20190804205600","is_ascension_mode":true,"campfire_choices":[{"data":"Neutralize","floor":7,"key":"SMITH"},{"floor":12,"key":"REST"},{"data":"Cloak And Dagger","floor":15,"key":"SMITH"},{"data":"Deadly Poison","floor":23,"key":"SMITH"},{"data":"Dagger Spray","floor":25,"key":"SMITH"},{"data":"Blade Dance","floor":29,"key":"SMITH"},{"floor":32,"key":"REST"},{"data":"Blade Dance","floor":42,"key":"SMITH"},{"data":"Malaise","floor":44,"key":"SMITH"},{"floor":49,"key":"REST"}],"neow_cost":"NONE","seed_source_timestamp":8866453495704,"circlet_count":0,"master_deck":["AscendersBane","Strike_G","Strike_G","Defend_G","Defend_G","Defend_G","Defend_G","Defend_G","Survivor","Neutralize+1","Dagger Spray+1","Poisoned Stab","Heel Hook","Poisoned Stab","Dash","Deadly Poison+1","Footwork+1","Cloak And Dagger+1","Malaise+1","Dagger Throw","Riddle With Holes+1","Caltrops","Blade Dance+1","Backstab+1","Wraith Form v2+1","Backflip+1","Escape Plan+1","Acrobatics+1","Blade Dance+1","PiercingWail+1","Infinite Blades","Crippling Poison","Decay","Pain","Glass Knife+1"],"relics":["Ring of the Snake","Vajra","Bag of Preparation","PreservedInsect","Shuriken","Lantern","Snecko Eye","MutagenicStrength","Art of War","Anchor","Red Mask","Dodecahedron","Cursed Key","Molten Egg 2","Membership Card","Pantograph","Bag of Marbles","Dream Catcher","Girya","Pen Nib","Toxic Egg 2"],"potions_floor_usage":[6,8,11,24,33,33,50,50,50],"damage_taken":[{"damage":0,"enemies":"2 Louse","floor":1,"turns":4},{"damage":4,"enemies":"Jaw Worm","floor":2,"turns":5},{"damage":0,"enemies":"Small Slimes","floor":3,"turns":5},{"damage":37,"enemies":"3 Sentries","floor":6,"turns":8},{"damage":6,"enemies":"Gremlin Nob","floor":8,"turns":3},{"damage":1,"enemies":"Looter","floor":10,"turns":3},{"damage":4,"enemies":"3 Sentries","floor":11,"turns":5},{"damage":12,"enemies":"Gremlin Nob","floor":14,"turns":3},{"damage":2,"enemies":"Hexaghost","floor":16,"turns":8},{"damage":7,"enemies":"2 Thieves","floor":18,"turns":4},{"damage":0,"enemies":"Shell Parasite","floor":21,"turns":1},{"damage":0,"enemies":"Snecko","floor":24,"turns":3},{"damage":16,"enemies":"Book of Stabbing","floor":27,"turns":6},{"damage":0,"enemies":"Masked Bandits","floor":28,"turns":2},{"damage":13,"enemies":"Gremlin Leader","floor":30,"turns":5},{"damage":17,"enemies":"Champ","floor":33,"turns":9},{"damage":0,"enemies":"Orb Walker","floor":35,"turns":3},{"damage":0,"enemies":"3 Darklings","floor":37,"turns":3},{"damage":0,"enemies":"Maw","floor":38,"turns":6},{"damage":1,"enemies":"Jaw Worm Horde","floor":39,"turns":3},{"damage":0,"enemies":"Giant Head","floor":40,"turns":5},{"damage":9,"enemies":"Nemesis","floor":46,"turns":7},{"damage":10,"enemies":"Reptomancer","floor":48,"turns":2},{"damage":46,"enemies":"Awakened One","floor":50,"turns":10}],"seed_played":"1592310723630493319","potions_obtained":[{"floor":2,"key":"SkillPotion"},{"floor":8,"key":"GhostInAJar"},{"floor":10,"key":"Energy Potion"},{"floor":24,"key":"Dexterity Potion"},{"floor":28,"key":"Dexterity Potion"},{"floor":38,"key":"SkillPotion"},{"floor":39,"key":"Block Potion"}],"is_trial":false,"path_per_floor":["M","M","M","$","?","E","R","E","T","M","E","R","?","E","R","B",null,"M","?","?","M","?","R","M","R","T","E","?","R","E","?","R","B",null,"M","?","M","M","M","E","$","R","T","R","T","E","?","E","R","B",null],"character_chosen":"THE_SILENT","items_purchased":["Fire Potion","Strength Potion","Membership Card","Pantograph","Bag of Marbles","Infinite Blades","Crippling Poison"],"campfire_rested":3,"item_purchase_floors":[4,4,41,41,41,41,41],"current_hp_per_floor":[70,66,66,66,66,29,29,23,23,22,18,41,41,29,29,27,65,58,58,58,58,58,58,58,58,58,42,42,42,29,29,52,35,67,67,67,67,67,66,66,66,66,66,66,66,57,57,47,70,31],"gold":349,"neow_bonus":"TEN_PERCENT_HP_BONUS","is_prod":false,"is_daily":false,"chose_seed":false,"campfire_upgraded":7,"win_rate":0,"timestamp":1564944960,"path_taken":["M","M","M","$","?","E","R","E","T","M","E","R","?","E","R","BOSS","M","?","?","M","?","R","?","R","T","E","?","R","E","?","R","BOSS","M","?","M","M","?","E","$","R","T","R","?","E","?","E","R","BOSS"],"build_version":"2019-07-17","purchased_purges":1,"victory":true,"max_hp_per_floor":[77,77,77,77,77,77,77,77,77,77,77,77,77,77,77,77,77,77,77,77,77,77,77,77,77,77,77,77,77,77,77,77,77,77,77,77,77,77,77,77,77,77,77,77,77,77,77,77,77,77],"card_choices":[{"not_picked":["Dodge and Roll","Deflect"],"picked":"Dagger Spray","floor":1},{"not_picked":["Heel Hook","PiercingWail"],"picked":"Poisoned Stab","floor":2},{"not_picked":["Dagger Spray","Deflect"],"picked":"Heel Hook","floor":3},{"not_picked":["Venomology","Bane"],"picked":"Poisoned Stab","floor":6},{"not_picked":["Infinite Blades","Endless Agony"],"picked":"Dash","floor":8},{"not_picked":["Expertise","Dagger Throw"],"picked":"Deadly Poison","floor":10},{"not_picked":["Blur","Cloak And Dagger"],"picked":"Footwork","floor":11},{"not_picked":["Flechettes","Dagger Throw"],"picked":"Cloak And Dagger","floor":14},{"not_picked":["Venomology","Corpse Explosion"],"picked":"Malaise","floor":16},{"not_picked":["Deadly Poison","Flying Knee"],"picked":"Dagger Throw","floor":18},{"not_picked":["Prepared+1","Cloak And Dagger"],"picked":"Riddle With Holes+1","floor":21},{"not_picked":["All Out Attack+1","Dash"],"picked":"Caltrops","floor":24},{"not_picked":["Dagger Throw+1","Flechettes"],"picked":"Blade Dance","floor":27},{"not_picked":["Flechettes+1","Tactician"],"picked":"Backstab+1","floor":30},{"not_picked":["Envenom","Malaise"],"picked":"Wraith Form v2","floor":33},{"not_picked":["Dagger Throw","Escape Plan"],"picked":"Backflip+1","floor":35},{"not_picked":["Well Laid Plans+1","Dodge and Roll"],"picked":"Escape Plan+1","floor":37},{"not_picked":["Backflip","Corpse Explosion"],"picked":"Acrobatics+1","floor":38},{"not_picked":["Dagger Spray+1","Poisoned Stab+1"],"picked":"Blade Dance","floor":39},{"not_picked":["Cloak And Dagger","Well Laid Plans+1"],"picked":"PiercingWail+1","floor":40},{"not_picked":["Bane+1","Crippling Poison","Deadly Poison"],"picked":"SKIP","floor":46},{"not_picked":["Die Die Die+1","Crippling Poison+1"],"picked":"Glass Knife+1","floor":48}],"player_experience":711042,"relics_obtained":[{"floor":6,"key":"Vajra"},{"floor":8,"key":"Bag of Preparation"},{"floor":9,"key":"PreservedInsect"},{"floor":11,"key":"Shuriken"},{"floor":14,"key":"Lantern"},{"floor":26,"key":"Art of War"},{"floor":27,"key":"Anchor"},{"floor":28,"key":"Red Mask"},{"floor":30,"key":"Dodecahedron"},{"floor":40,"key":"Molten Egg 2"},{"floor":43,"key":"Dream Catcher"},{"floor":45,"key":"Girya"},{"floor":46,"key":"Pen Nib"},{"floor":48,"key":"Toxic Egg 2"}],"event_choices":[{"damage_healed":0,"gold_gain":0,"player_choice":"Ignored","damage_taken":0,"max_hp_gain":0,"max_hp_loss":0,"event_name":"Golden Idol","floor":5,"gold_loss":0},{"damage_healed":0,"gold_gain":58,"player_choice":"Gained Gold","damage_taken":0,"max_hp_gain":0,"max_hp_loss":0,"event_name":"Golden Wing","floor":13,"gold_loss":0},{"cards_removed":["Strike_G"],"damage_healed":0,"gold_gain":0,"player_choice":"Gave Gold","damage_taken":0,"max_hp_gain":0,"max_hp_loss":0,"event_name":"Beggar","floor":19,"gold_loss":75},{"damage_healed":0,"gold_gain":0,"player_choice":"Inject Mutagens","damage_taken":0,"relics_obtained":["MutagenicStrength"],"max_hp_gain":0,"max_hp_loss":0,"event_name":"Drug Dealer","floor":20,"gold_loss":0},{"damage_healed":0,"gold_gain":0,"player_choice":"Upgraded","damage_taken":0,"max_hp_gain":0,"max_hp_loss":0,"event_name":"Upgrade Shrine","floor":22,"gold_loss":0,"cards_upgraded":["Footwork"]},{"damage_healed":0,"gold_gain":0,"player_choice":"Fought Bandits","damage_taken":0,"max_hp_gain":0,"max_hp_loss":0,"event_name":"Masked Bandits","floor":28,"gold_loss":0},{"damage_healed":0,"gold_gain":99,"player_choice":"Stole From Cult","damage_taken":0,"max_hp_gain":0,"max_hp_loss":0,"event_name":"Nest","floor":31,"gold_loss":0},{"damage_healed":0,"gold_gain":0,"player_choice":"Upgraded","damage_taken":0,"max_hp_gain":0,"max_hp_loss":0,"event_name":"Upgrade Shrine","floor":36,"gold_loss":0,"cards_upgraded":["Wraith Form v2"]},{"cards_removed":["Strike_G"],"damage_healed":0,"gold_gain":0,"player_choice":"Removed Attack","damage_taken":0,"max_hp_gain":0,"max_hp_loss":0,"event_name":"Falling","floor":47,"gold_loss":0}],"is_beta":false,"boss_relics":[{"not_picked":["Runic Dome","HoveringKite"],"picked":"Snecko Eye"},{"not_picked":["Black Star","Astrolabe"],"picked":"Cursed Key"}],"items_purged_floors":[41],"is_endless":false,"potions_floor_spawned":[2,8,10,24,28,30,38,39,40,48],"ascension_level":10}