{"gold_per_floor":[116,131,151,165,165,165,196,211,290,306,340,352,302,178,178,178],"floor_reached":16,"playtime":1657,"items_purged":["Strike_G"],"score":148,"play_id":"57afa585-cfb5-4688-b80c-5f6117ba7472","local_time":"20190605210501","is_ascension_mode":true,"campfire_choices":[{"data":"Leg Sweep","floor":6,"key":"SMITH"},{"floor":15,"key":"REST"}],"neow_cost":"NONE","seed_source_timestamp":0,"circlet_count":0,"master_deck":["Defend_G","Defend_G","Defend_G","Defend_G","Defend_G","Strike_G","Strike_G","Strike_G","Survivor","Neutralize","Doppelganger","Terror","Leg Sweep+1","Deadly Poison","Dodge and Roll","Crippling Poison","Deadly Poison","Flying Knee","PiercingWail","Poisoned Stab"],"special_seed":0,"relics":["Ring of the Snake","Unceasing Top","Singing Bowl","Girya"],"potions_floor_usage":[12,16],"damage_taken":[{"damage":1,"enemies":"Jaw Worm","floor":1,"turns":4},{"damage":0,"enemies":"2 Louse","floor":2,"turns":3},{"damage":0,"enemies":"Cultist","floor":3,"turns":4},{"damage":8,"enemies":"Blue Slaver","floor":4,"turns":4},{"damage":14,"enemies":"Lagavulin","floor":7,"turns":9},{"damage":4,"enemies":"Looter","floor":8,"turns":4},{"damage":10,"enemies":"3 Louse","floor":10,"turns":3},{"damage":23,"enemies":"3 Sentries","floor":11,"turns":12},{"damage":4,"enemies":"Blue Slaver","floor":12,"turns":5},{"damage":44,"enemies":"Slime Boss","floor":16,"turns":11}],"seed_played":"1928494402786864357","potions_obtained":[{"floor":1,"key":"SpeedPotion"},{"floor":3,"key":"SneckoOil"},{"floor":11,"key":"Ancient Potion"}],"is_trial":false,"path_per_floor":["M","M","M","M","?","R","E","M","T","M","E","M","?","$","R","B"],"character_chosen":"THE_SILENT","items_purchased":["Poisoned Stab"],"campfire_rested":1,"item_purchase_floors":[14],"current_hp_per_floor":[62,62,62,54,59,59,45,41,41,33,10,6,6,6,29,0],"gold":178,"neow_bonus":"ONE_RANDOM_RARE_CARD","is_prod":false,"is_daily":false,"chose_seed":false,"campfire_upgraded":1,"win_rate":0,"timestamp":1559783101,"path_taken":["M","M","M","M","?","R","E","M","T","M","E","M","?","$","R","BOSS"],"build_version":"2019-01-23","purchased_purges":1,"victory":false,"max_hp_per_floor":[70,70,70,70,75,75,75,75,75,77,77,77,77,77,77,77],"card_choices":[{"not_picked":["Choke","Blade Dance"],"picked":"Terror","floor":1},{"not_picked":["Dagger Throw","Outmaneuver"],"picked":"Leg Sweep","floor":2},{"not_picked":["Dagger Throw","Caltrops"],"picked":"Deadly Poison","floor":3},{"not_picked":["Cloak And Dagger","Choke"],"picked":"Dodge and Roll","floor":4},{"not_picked":["Deadly Poison","Doppelganger"],"picked":"Crippling Poison","floor":7},{"not_picked":["Bane","Underhanded Strike"],"picked":"Deadly Poison","floor":8},{"not_picked":["Bouncing Flask","Dodge and Roll","Envenom"],"picked":"Singing Bowl","floor":10},{"not_picked":["Bane","Terror"],"picked":"Flying Knee","floor":11},{"not_picked":["Outmaneuver","Bouncing Flask"],"picked":"PiercingWail","floor":12}],"player_experience":420108,"relics_obtained":[{"floor":7,"key":"Unceasing Top"},{"floor":9,"key":"Singing Bowl"},{"floor":11,"key":"Girya"}],"event_choices":[{"damage_healed":0,"gold_gain":0,"player_choice":"Donut","damage_taken":0,"max_hp_gain":5,"max_hp_loss":0,"event_name":"Big Fish","floor":5,"gold_loss":0},{"cards_removed":["Strike_G"],"damage_healed":0,"gold_gain":0,"player_choice":"Card Removal","damage_taken":0,"max_hp_gain":0,"max_hp_loss":0,"event_name":"The Cleric","floor":13,"gold_loss":50}],"is_beta":false,"boss_relics":[],"items_purged_floors":[14],"is_endless":false,"potions_floor_spawned":[1,3,11],"killed_by":"Slime Boss","ascension_level":6}