{"gold_per_floor":[118,128,128,203,128,157,157,191,191,42,53,64,80,94,94,94],"floor_reached":16,"playtime":1348,"items_purged":["Strike_B","Strike_B"],"score":171,"play_id":"e5bbaf4e-deb1-42ce-b1ca-9d23bf3cb86f","local_time":"20190605214651","is_ascension_mode":true,"campfire_choices":[{"data":"Coolheaded","floor":7,"key":"SMITH"},{"floor":15,"key":"REST"}],"neow_cost":"NONE","seed_source_timestamp":1396176043124000,"circlet_count":0,"master_deck":["Strike_B","Strike_B","Defend_B","Defend_B","Defend_B","Defend_B","Zap","Dualcast","Cold Snap","Coolheaded+1","Compile Driver","Gash","Sweeping Beam","Leap","Defragment"],"relics":["Cracked Core","NeowsBlessing","Gambling Chip","WingedGreaves","Kunai","Emotion Chip"],"potions_floor_usage":[14,14,16],"damage_taken":[{"damage":0,"enemies":"2 Louse","floor":1,"turns":1},{"damage":0,"enemies":"Small Slimes","floor":2,"turns":1},{"damage":0,"enemies":"3 Sentries","floor":6,"turns":1},{"damage":36,"enemies":"Lagavulin","floor":8,"turns":8},{"damage":2,"enemies":"Jaw Worm","floor":11,"turns":3},{"damage":0,"enemies":"2 Fungi Beasts","floor":12,"turns":2},{"damage":10,"enemies":"3 Louse","floor":13,"turns":3},{"damage":0,"enemies":"Gremlin Gang","floor":14,"turns":2},{"damage":32,"enemies":"Hexaghost","floor":16,"turns":12}],"seed_played":"8195666451265832079","potions_obtained":[{"floor":1,"key":"SkillPotion"},{"floor":6,"key":"SpeedPotion"},{"floor":11,"key":"AttackPotion"},{"floor":14,"key":"GamblersBrew"}],"is_trial":false,"path_per_floor":["M","M","?","?","$","E","R","E","T","$","M","M","M","M","R","B"],"character_chosen":"DEFECT","items_purchased":["Sweeping Beam"],"campfire_rested":1,"item_purchase_floors":[10],"current_hp_per_floor":[75,75,68,57,57,57,57,21,21,21,19,19,9,9,31,0],"gold":94,"neow_bonus":"THREE_ENEMY_KILL","is_prod":false,"is_daily":false,"chose_seed":false,"campfire_upgraded":1,"win_rate":0,"timestamp":1559785611,"path_taken":["M","M","?","?","$","E","R","E","T","$","M","M","M","M","R","BOSS"],"build_version":"2019-01-23","purchased_purges":2,"victory":false,"max_hp_per_floor":[75,75,75,75,75,75,75,75,75,75,75,75,75,75,75,75],"card_choices":[{"not_picked":["Skim","Barrage"],"picked":"Cold Snap","floor":1},{"not_picked":["Ball Lightning","Scrape"],"picked":"Coolheaded","floor":2},{"not_picked":["Ball Lightning","Static Discharge"],"picked":"Compile Driver","floor":6},{"not_picked":["Leap","Steam Power"],"picked":"Gash","floor":8},{"not_picked":["Heatsinks","Compile Driver","Double Energy"],"picked":"SKIP","floor":11},{"not_picked":["Aggregate","Compile Driver","Reprogram"],"picked":"SKIP","floor":12},{"not_picked":["Go for the Eyes","Reboot"],"picked":"Leap","floor":13},{"not_picked":["Glacier","Rip and Tear"],"picked":"Defragment","floor":14}],"player_experience":422618,"relics_obtained":[{"floor":6,"key":"WingedGreaves"},{"floor":8,"key":"Kunai"},{"floor":9,"key":"Emotion Chip"}],"event_choices":[{"damage_healed":0,"gold_gain":0,"player_choice":"Success","damage_taken":7,"relics_obtained":["Gambling Chip"],"max_hp_gain":0,"max_hp_loss":0,"event_name":"Scrap Ooze","floor":3,"gold_loss":0},{"damage_healed":0,"gold_gain":75,"player_choice":"Gather Gold","damage_taken":11,"max_hp_gain":0,"max_hp_loss":0,"event_name":"World of Goop","floor":4,"gold_loss":0}],"is_beta":false,"boss_relics":[],"items_purged_floors":[5,10],"is_endless":false,"potions_floor_spawned":[1,6,11,14],"killed_by":"Hexaghost","ascension_level":5}