{"gold_per_floor":[115,115,129,142,14,45,71,71,122,122,122,2,37,51,51,149,149,164,164,0,0,0,35,35,59,83,118,133,133,156,169,169,258,258,272,397,457,47,0,38,38,71,71,71,86,119,146,171,171,171],"floor_reached":51,"playtime":4195,"items_purged":["Shame"],"score":1643,"play_id":"7a450e5f-6875-434b-a91d-ead233c6d00c","local_time":"20190730002205","is_ascension_mode":true,"campfire_choices":[{"data":"Neutralize","floor":8.0,"key":"SMITH"},{"data":"After Image","floor":11.0,"key":"SMITH"},{"floor":15.0,"key":"REST"},{"data":"Noxious Fumes","floor":24.0,"key":"SMITH"},{"floor":29.0,"key":"REST"},{"floor":32.0,"key":"REST"},{"data":"Wraith Form v2","floor":41.0,"key":"SMITH"},{"data":"Well Laid Plans","floor":44.0,"key":"SMITH"},{"floor":49,"key":"REST"}],"neow_cost":"NONE","seed_source_timestamp":69573039408785,"circlet_count":0,"master_deck":["AscendersBane","Survivor","Neutralize+1","Backstab","Quick Slash+1","Escape Plan","Well Laid Plans+1","After Image+1","Finisher+1","Calculated Gamble+1","Deflect","PiercingWail","Corpse Explosion","Blur+1","Outmaneuver","Deflect","Dagger Throw","PiercingWail","Die Die Die","Noxious Fumes+1","Blur+1","Bouncing Flask+1","Outmaneuver+1","Prepared+1","Distraction+1","PiercingWail+1","Blur+1","Prepared+1","Burst+1","A Thousand Cuts+1","Predator+1","Escape Plan+1","Deflect+1","Distraction+1","Wraith Form v2+1","Acrobatics+1","Master of Strategy+1","Dramatic Entrance","PiercingWail+1","Catalyst+1","Outmaneuver+1","Wraith Form v2","Infinite Blades+1"],"special_seed":0,"relics":["Ring of the Snake","NeowsBlessing","Golden Idol","Blood Vial","Art of War","Boot","Question Card","Pandora\u0027s Box","Oddly Smooth Stone","Toxic Egg 2","Whetstone","Bronze Scales","Bottled Tornado","Astrolabe","Dead Branch","Ginger","Red Mask","Lantern","Orichalcum","Bag of Preparation","War Paint","Bag of Marbles"],"potions_floor_usage":[],"damage_taken":[{"damage":0.0,"enemies":"Small Slimes","floor":1.0,"turns":1.0},{"damage":0.0,"enemies":"Jaw Worm","floor":3.0,"turns":1.0},{"damage":0.0,"enemies":"Cultist","floor":4.0,"turns":1.0},{"damage":6.0,"enemies":"Gremlin Nob","floor":6.0,"turns":3.0},{"damage":17.0,"enemies":"3 Sentries","floor":13.0,"turns":9.0},{"damage":3.0,"enemies":"Looter","floor":14.0,"turns":3.0},{"damage":29.0,"enemies":"The Guardian","floor":16.0,"turns":11.0},{"damage":0.0,"enemies":"Chosen","floor":18.0,"turns":5.0},{"damage":32.0,"enemies":"Slavers","floor":23.0,"turns":4.0},{"damage":1.0,"enemies":"2 Thieves","floor":25.0,"turns":2.0},{"damage":36.0,"enemies":"Book of Stabbing","floor":27.0,"turns":5.0},{"damage":5.0,"enemies":"Shelled Parasite and Fungi","floor":28.0,"turns":5.0},{"damage":9.0,"enemies":"Snake Plant","floor":30.0,"turns":4.0},{"damage":4.0,"enemies":"Centurion and Healer","floor":31.0,"turns":6.0},{"damage":18.0,"enemies":"Automaton","floor":33.0,"turns":11.0},{"damage":13.0,"enemies":"3 Shapes","floor":35.0,"turns":3.0},{"damage":0.0,"enemies":"Mind Bloom Boss Battle","floor":36.0,"turns":7.0},{"damage":2.0,"enemies":"2 Orb Walkers","floor":37.0,"turns":3.0},{"damage":5.0,"enemies":"Nemesis","floor":40.0,"turns":7.0},{"damage":0.0,"enemies":"Giant Head","floor":42.0,"turns":8.0},{"damage":5.0,"enemies":"3 Darklings","floor":45.0,"turns":3.0},{"damage":0.0,"enemies":"Reptomancer","floor":46.0,"turns":7.0},{"damage":0,"enemies":"Maw","floor":48,"turns":6},{"damage":12,"enemies":"Time Eater","floor":50,"turns":18}],"seed_played":"3588231603168530504","potions_obtained":[{"floor":1.0,"key":"Energy Potion"},{"floor":3.0,"key":"Strength Potion"},{"floor":10.0,"key":"Ancient Potion"},{"floor":10.0,"key":"FearPotion"},{"floor":25.0,"key":"Regen Potion"},{"floor":27.0,"key":"Swift Potion"},{"floor":28.0,"key":"FairyPotion"},{"floor":33.0,"key":"GhostInAJar"},{"floor":36.0,"key":"GhostInAJar"}],"is_trial":false,"path_per_floor":["M","?","M","M","$","E","T","R","T","?","R","$","E","M","R","B",null,"M","$","$","?","?","E","R","M","T","E","M","R","M","M","R","B",null,"M","?","?","$","?","E","R","E","T","R","M","E","T","M","R","B",null],"character_chosen":"THE_SILENT","items_purchased":["Escape Plan","Well Laid Plans","Finisher","Calculated Gamble","Oddly Smooth Stone","Acrobatics+1","Master of Strategy+1","Dramatic Entrance"],"campfire_rested":4,"item_purchase_floors":[5,5,12,12,20,38,38,38],"current_hp_per_floor":[59,36,36,36,36,30,30,30,30,30,30,30,15,14,33,6,51,53,53,53,53,53,23,23,24,24,5,2,21,14,12,31,15,53,42,44,44,44,44,41,41,43,43,43,40,42,42,44,63,53],"gold":171,"neow_bonus":"THREE_ENEMY_KILL","is_prod":false,"is_daily":false,"chose_seed":false,"campfire_upgraded":5,"win_rate":0,"timestamp":1564471325,"path_taken":["M","?","M","M","$","E","?","R","T","?","R","$","E","M","R","BOSS","M","?","$","?","?","E","R","M","T","E","M","R","M","M","R","BOSS","M","?","?","$","?","E","R","E","T","R","M","E","?","M","R","BOSS"],"build_version":"2019-07-17","purchased_purges":1,"victory":true,"max_hp_per_floor":[66,66,66,66,66,66,66,66,66,66,66,66,66,66,66,66,66,66,66,66,66,66,66,66,66,66,66,66,66,66,66,66,66,66,66,66,66,66,66,66,66,66,66,66,66,66,66,66,66,66],"card_choices":[{"not_picked":["Calculated Gamble","Dodge and Roll"],"picked":"Backstab","floor":1.0},{"not_picked":["Cloak And Dagger","Poisoned Stab"],"picked":"Bouncing Flask","floor":3.0},{"not_picked":["Blade Dance","Sucker Punch"],"picked":"Quick Slash","floor":4.0},{"not_picked":["Bane","Crippling Poison"],"picked":"After Image","floor":6.0},{"not_picked":["Sucker Punch","Riddle With Holes"],"picked":"Deflect","floor":13.0},{"not_picked":["Prepared","Outmaneuver","Quick Slash"],"picked":"PiercingWail","floor":14.0},{"not_picked":["Night Terror","Venomology","Storm of Steel"],"picked":"Corpse Explosion","floor":16.0},{"not_picked":["Bouncing Flask","Cloak And Dagger","Underhanded Strike"],"picked":"Noxious Fumes","floor":18.0},{"not_picked":["Sucker Punch","Dagger Spray","Dagger Throw"],"picked":"Outmaneuver+1","floor":23.0},{"not_picked":["Storm of Steel+1","Heel Hook+1","Endless Agony"],"picked":"Prepared+1","floor":25.0},{"not_picked":["Eviscerate","Crippling Poison+1","Cloak And Dagger+1"],"picked":"Distraction+1","floor":27.0},{"not_picked":["Slice","Bane","Poisoned Stab+1"],"picked":"PiercingWail+1","floor":28.0},{"not_picked":["Cloak And Dagger+1","Backflip+1","Poisoned Stab"],"picked":"Blur+1","floor":30.0},{"not_picked":["Heel Hook","Blade Dance+1","Setup+1"],"picked":"Prepared+1","floor":31.0},{"not_picked":["Storm of Steel+1","Unload","Phantasmal Killer+1"],"picked":"Burst+1","floor":33.0},{"not_picked":["Cloak And Dagger+1","Finisher","Caltrops"],"picked":"Deflect+1","floor":35.0},{"not_picked":["Backflip+1","Endless Agony","Skewer"],"picked":"Distraction+1","floor":36.0},{"not_picked":["Slice","Deadly Poison+1","Poisoned Stab"],"picked":"Wraith Form v2","floor":37.0},{"not_picked":["Slice","Calculated Gamble+1","Caltrops"],"picked":"PiercingWail+1","floor":40.0},{"not_picked":["Backstab+1","Dash+1","Expertise+1"],"picked":"Catalyst+1","floor":42.0},{"not_picked":["Slice","Quick Slash","Sucker Punch"],"picked":"Outmaneuver+1","floor":45.0},{"not_picked":["Acrobatics+1","Outmaneuver+1","Underhanded Strike"],"picked":"Wraith Form v2","floor":46.0},{"not_picked":["Slice","Quick Slash","Dodge and Roll+1"],"picked":"Infinite Blades+1","floor":48}],"player_experience":688382,"relics_obtained":[{"floor":6.0,"key":"Blood Vial"},{"floor":7.0,"key":"Art of War"},{"floor":9.0,"key":"Boot"},{"floor":13.0,"key":"Question Card"},{"floor":23.0,"key":"Whetstone"},{"floor":26.0,"key":"Bronze Scales"},{"floor":27.0,"key":"Bottled Tornado"},{"floor":36.0,"key":"Dead Branch"},{"floor":37.0,"key":"Ginger"},{"floor":40.0,"key":"Lantern"},{"floor":42.0,"key":"Orichalcum"},{"floor":43.0,"key":"Bag of Preparation"},{"floor":46.0,"key":"War Paint"},{"floor":47.0,"key":"Bag of Marbles"}],"event_choices":[{"damage_healed":0.0,"max_hp_gain":0.0,"max_hp_loss":0.0,"gold_gain":0.0,"event_name":"Golden Idol","player_choice":"Take Damage","floor":2.0,"gold_loss":0.0,"damage_taken":23.0,"relics_obtained":["Golden Idol"]},{"damage_healed":0.0,"max_hp_gain":0.0,"max_hp_loss":0.0,"gold_gain":0.0,"event_name":"Lab","player_choice":"Got Potions","floor":10.0,"gold_loss":0.0,"damage_taken":0.0},{"damage_healed":0.0,"max_hp_gain":0.0,"max_hp_loss":0.0,"gold_gain":0.0,"event_name":"Addict","player_choice":"Stole Relic","floor":21.0,"gold_loss":0.0,"damage_taken":0.0,"relics_obtained":["Toxic Egg 2"],"cards_obtained":["Shame"]},{"damage_healed":0.0,"max_hp_gain":0.0,"max_hp_loss":0.0,"gold_gain":0.0,"cards_transformed":["Eviscerate","Calculated Gamble"],"event_name":"Drug Dealer","player_choice":"Became Test Subject","floor":22.0,"gold_loss":0.0,"damage_taken":0.0,"cards_obtained":["Blur","Bouncing Flask"]},{"damage_healed":0.0,"max_hp_gain":0.0,"max_hp_loss":0.0,"gold_gain":0.0,"event_name":"MindBloom","player_choice":"Fight","floor":36.0,"gold_loss":0.0,"damage_taken":0.0},{"damage_healed":0.0,"max_hp_gain":0.0,"max_hp_loss":0.0,"gold_gain":0.0,"event_name":"Mysterious Sphere","player_choice":"Fight","floor":37.0,"gold_loss":0.0,"damage_taken":0.0},{"damage_healed":0.0,"max_hp_gain":0.0,"max_hp_loss":0.0,"gold_gain":0.0,"event_name":"Tomb of Lord Red Mask","player_choice":"Paid","floor":39.0,"gold_loss":47.0,"damage_taken":0.0,"relics_obtained":["Red Mask"]}],"is_beta":false,"boss_relics":[{"not_picked":["Ring of the Serpent","Cursed Key"],"picked":"Pandora\u0027s Box"},{"not_picked":["Orrery","WristBlade"],"picked":"Astrolabe"}],"items_purged_floors":[38],"is_endless":false,"potions_floor_spawned":[1,3,14,25,27,28,33,36,40,46,48],"ascension_level":19}