{"gold_per_floor":[116,65,140,156,156,181,195,215,238,273,284,284,314,314,314,417,417,434,454,100,118,118,150,162,190,217,217,279,279,279,388,388,488,488,578,112,112,147,208,241,281,376,376,408,408,461,461,661,661,711,711,711,36,95,120],"floor_reached":56,"playtime":3282,"items_purged":["Strike_R","Strike_R","Strike_R+1"],"score":1415,"play_id":"7a5c1ff4-8375-469c-85fe-ccae9c84b71a","local_time":"20190513025935","is_ascension_mode":false,"campfire_choices":[{"data":"Bash","floor":12.0,"key":"SMITH"},{"data":"Disarm","floor":15.0,"key":"SMITH"},{"data":"HandOfGreed","floor":27.0,"key":"SMITH"},{"data":"Dash","floor":29.0,"key":"SMITH"},{"data":"Corruption","floor":32.0,"key":"SMITH"},{"floor":47.0,"key":"RECALL"},{"data":"Juggernaut","floor":49.0,"key":"SMITH"},{"data":"Shrug It Off","floor":52.0,"key":"SMITH"}],"neow_cost":"NONE","seed_source_timestamp":44287492938243,"circlet_count":0,"master_deck":["Strike_R+1","Defend_R+1","Defend_R","Defend_R","Defend_R","Bash+1","Headbutt","Shrug It Off","Disarm+1","Shrug It Off+1","Pommel Strike","Warcry","Flame Barrier+1","Immolate+1","Shrug It Off+1","Corruption+1","Skewer+1","Chill+1","HandOfGreed+1","Dash+1","Seek+1","Thinking Ahead+1","Finesse+1","Evolve","Disarm+1","Backstab","Leap+1","Juggernaut+1","Battle Trance+1","Adrenaline+1","Inflame","Battle Trance+1","Armaments+1","Noxious Fumes+1"],"special_seed":0,"relics":["Burning Blood","NeowsBlessing","PreservedInsect","Regal Pillow","Anchor","Pantograph","Philosopher\u0027s Stone","PrismaticShard","Red Skull","Whetstone","Bag of Marbles","Toxic Egg 2","Black Star","Blue Candle","Ancient Tea Set","Gremlin Horn","The Courier","War Paint","Lantern","Prayer Wheel","Vajra","Lee\u0027s Waffle","Pen Nib","Bag of Preparation","Strawberry"],"potions_floor_usage":[55,55,55],"damage_taken":[{"damage":0.0,"enemies":"2 Louse","floor":1.0,"turns":1.0},{"damage":0.0,"enemies":"Small Slimes","floor":4.0,"turns":1.0},{"damage":0.0,"enemies":"Lagavulin","floor":6.0,"turns":1.0},{"damage":4.0,"enemies":"Cultist","floor":7.0,"turns":4.0},{"damage":4.0,"enemies":"Looter","floor":8.0,"turns":4.0},{"damage":19.0,"enemies":"3 Sentries","floor":10.0,"turns":8.0},{"damage":3.0,"enemies":"Exordium Thugs","floor":11.0,"turns":4.0},{"damage":14.0,"enemies":"Gremlin Nob","floor":13.0,"turns":3.0},{"damage":5.0,"enemies":"The Guardian","floor":16.0,"turns":17.0},{"damage":19.0,"enemies":"Spheric Guardian","floor":18.0,"turns":4.0},{"damage":8.0,"enemies":"Chosen","floor":19.0,"turns":5.0},{"damage":2.0,"enemies":"Centurion and Healer","floor":21.0,"turns":6.0},{"damage":49.0,"enemies":"Slavers","floor":23.0,"turns":6.0},{"damage":14.0,"enemies":"Snake Plant","floor":24.0,"turns":3.0},{"damage":0.0,"enemies":"Gremlin Leader","floor":25.0,"turns":7.0},{"damage":9.0,"enemies":"Chosen and Byrds","floor":28.0,"turns":6.0},{"damage":14.0,"enemies":"Slavers","floor":31.0,"turns":8.0},{"damage":24.0,"enemies":"Automaton","floor":33.0,"turns":10.0},{"damage":8.0,"enemies":"3 Shapes","floor":35.0,"turns":13.0},{"damage":0.0,"enemies":"Orb Walker","floor":38.0,"turns":2.0},{"damage":11.0,"enemies":"Sphere and 2 Shapes","floor":39.0,"turns":7.0},{"damage":66.0,"enemies":"Giant Head","floor":40.0,"turns":10.0},{"damage":0.0,"enemies":"Spire Growth","floor":41.0,"turns":4.0},{"damage":13.0,"enemies":"Jaw Worm Horde","floor":42.0,"turns":5.0},{"damage":0.0,"enemies":"Nemesis","floor":44.0,"turns":6.0},{"damage":4.0,"enemies":"Reptomancer","floor":46.0,"turns":4.0},{"damage":0.0,"enemies":"Mind Bloom Boss Battle","floor":48.0,"turns":10.0},{"damage":55.0,"enemies":"Awakened One","floor":50.0,"turns":22.0},{"damage":22.0,"enemies":"Shield and Spear","floor":54.0,"turns":5.0},{"damage":84,"enemies":"The Heart","floor":55,"turns":9}],"seed_played":"-5074241277007331601","potions_obtained":[{"floor":6.0,"key":"Poison Potion"},{"floor":8.0,"key":"GamblersBrew"},{"floor":11.0,"key":"GamblersBrew"},{"floor":16.0,"key":"Regen Potion"},{"floor":18.0,"key":"Explosive Potion"},{"floor":19.0,"key":"EntropicBrew"},{"floor":25.0,"key":"SpeedPotion"},{"floor":31.0,"key":"PowerPotion"},{"floor":35.0,"key":"Dexterity Potion"},{"floor":39.0,"key":"Regen Potion"},{"floor":42.0,"key":"PowerPotion"}],"is_trial":false,"path_per_floor":["M","$","?","M","?","E","M","M","T","E","M","R","E","?","R","B",null,"M","M","$","M","?","E","M","E","T","R","M","R","?","E","R","B",null,"M","$","?","M","M","E","M","M","T","E","?","E","R","?","R","B",null,"R","$","E","B",null],"character_chosen":"IRONCLAD","items_purchased":["Shrug It Off","Corruption","PrismaticShard","Thinking Ahead+1","Finesse+1","Evolve","Vajra","Inflame","Battle Trance+1","Lee\u0027s Waffle","Pen Nib","Armaments+1","SteroidPotion"],"campfire_rested":0,"item_purchase_floors":[2,20,20,36,36,36,53,53,53,53,53,53,53],"current_hp_per_floor":[80,80,69,75,68,74,76,78,78,65,68,68,60,60,60,80,80,67,65,65,69,69,26,18,39,39,39,36,36,36,28,28,35,80,78,78,70,76,71,11,29,22,22,28,28,30,30,61,61,31,80,80,87,78,16],"gold":120,"neow_bonus":"THREE_ENEMY_KILL","is_prod":false,"is_daily":false,"chose_seed":false,"campfire_upgraded":7,"win_rate":0,"timestamp":1557705575,"path_taken":["M","$","?","M","?","E","M","M","T","E","M","R","E","?","R","BOSS","M","M","$","M","?","E","?","E","T","R","M","R","?","E","R","BOSS","M","$","?","?","M","E","M","?","T","E","?","E","R","?","R","BOSS","R","$","E","BOSS"],"build_version":"2019-01-23","purchased_purges":3,"victory":true,"max_hp_per_floor":[80,80,80,80,80,80,80,80,80,80,80,80,80,80,80,80,80,80,80,80,80,80,80,80,80,80,80,80,80,80,80,80,80,80,80,80,80,80,80,80,80,80,80,80,80,80,80,80,80,80,80,80,87,94,94],"card_choices":[{"not_picked":["Shrug It Off","Clash"],"picked":"Headbutt","floor":1.0},{"not_picked":["Perfected Strike","Wild Strike"],"picked":"Disarm","floor":4.0},{"not_picked":["Body Slam","Twin Strike"],"picked":"Shrug It Off","floor":6.0},{"not_picked":["Perfected Strike","Anger","Heavy Blade"],"picked":"SKIP","floor":7.0},{"not_picked":["Evolve","Heavy Blade"],"picked":"Pommel Strike","floor":8.0},{"not_picked":["Dark Embrace","Perfected Strike"],"picked":"Warcry","floor":10.0},{"not_picked":["Shrug It Off","Sentinel","Pommel Strike"],"picked":"SKIP","floor":11.0},{"not_picked":["Heavy Blade","Shrug It Off"],"picked":"Flame Barrier","floor":13.0},{"not_picked":["Brutality","Limit Break"],"picked":"Immolate","floor":16.0},{"not_picked":["Havoc","Wild Strike"],"picked":"Shrug It Off+1","floor":18.0},{"not_picked":["Twin Strike","Armaments","Reckless Charge"],"picked":"SKIP","floor":19.0},{"not_picked":["Barrage","Clash","Slice"],"picked":"SKIP","floor":21.0},{"not_picked":["Genetic Algorithm","Beam Cell+1"],"picked":"Skewer+1","floor":23.0},{"not_picked":["Setup","Shrug It Off"],"picked":"Chill","floor":24.0},{"not_picked":["Redo","Pommel Strike"],"picked":"HandOfGreed","floor":25.0},{"not_picked":["Sucker Punch+1","Pommel Strike"],"picked":"Dash","floor":28.0},{"not_picked":["Wild Strike","Stack","Compile Driver"],"picked":"SKIP","floor":31.0},{"not_picked":["A Thousand Cuts","Brutality"],"picked":"Seek+1","floor":33.0},{"not_picked":["Blade Dance+1","Concentrate+1","Twin Strike"],"picked":"SKIP","floor":35.0},{"not_picked":["Blur+1","Sunder"],"picked":"Disarm+1","floor":38.0},{"not_picked":["Dagger Throw","Flex+1"],"picked":"Backstab","floor":39.0},{"not_picked":["Underhanded Strike+1","Corruption"],"picked":"Leap+1","floor":40.0},{"not_picked":["Pummel","Ball Lightning+1"],"picked":"Juggernaut","floor":41.0},{"not_picked":["Underhanded Strike+1","Armaments+1","Outmaneuver+1"],"picked":"SKIP","floor":42.0},{"not_picked":["Twin Strike","Infernal Blade+1"],"picked":"Battle Trance+1","floor":44.0},{"not_picked":["Heatsinks+1","Leap+1"],"picked":"Adrenaline+1","floor":46.0},{"not_picked":["Flex+1","Blizzard+1"],"picked":"Noxious Fumes+1","floor":54.0}],"player_experience":885868,"relics_obtained":[{"floor":6.0,"key":"PreservedInsect"},{"floor":9.0,"key":"Regal Pillow"},{"floor":10.0,"key":"Anchor"},{"floor":13.0,"key":"Pantograph"},{"floor":23.0,"key":"Red Skull"},{"floor":25.0,"key":"Whetstone"},{"floor":26.0,"key":"Bag of Marbles"},{"floor":31.0,"key":"Toxic Egg 2"},{"floor":40.0,"key":"Blue Candle"},{"floor":40.0,"key":"Ancient Tea Set"},{"floor":44.0,"key":"Gremlin Horn"},{"floor":44.0,"key":"The Courier"},{"floor":46.0,"key":"War Paint"},{"floor":46.0,"key":"Lantern"},{"floor":48.0,"key":"Prayer Wheel"},{"floor":54.0,"key":"Bag of Preparation"},{"floor":54.0,"key":"Strawberry"}],"event_choices":[{"damage_healed":0.0,"max_hp_gain":0.0,"max_hp_loss":0.0,"gold_gain":75.0,"event_name":"World of Goop","player_choice":"Gather Gold","floor":3.0,"gold_loss":0.0,"damage_taken":11.0},{"cards_removed":["Strike_R"],"damage_healed":0.0,"max_hp_gain":0.0,"max_hp_loss":0.0,"gold_gain":0.0,"event_name":"Golden Wing","player_choice":"Card Removal","floor":5.0,"gold_loss":0.0,"damage_taken":7.0},{"damage_healed":0.0,"max_hp_gain":0.0,"max_hp_loss":0.0,"gold_gain":0.0,"event_name":"Living Wall","player_choice":"Grow","floor":14.0,"gold_loss":0.0,"damage_taken":0.0,"cards_upgraded":["Flame Barrier"]},{"damage_healed":0.0,"max_hp_gain":0.0,"max_hp_loss":0.0,"gold_gain":0.0,"event_name":"Accursed Blacksmith","player_choice":"Forge","floor":22.0,"gold_loss":0.0,"damage_taken":0.0,"cards_upgraded":["Immolate"]},{"damage_healed":0.0,"max_hp_gain":0.0,"max_hp_loss":0.0,"gold_gain":0.0,"event_name":"Ghosts","player_choice":"Ignored","floor":30.0,"gold_loss":0.0,"damage_taken":0.0},{"damage_healed":0.0,"max_hp_gain":0.0,"max_hp_loss":0.0,"gold_gain":0.0,"event_name":"Wheel of Change","player_choice":"Damaged","floor":37.0,"gold_loss":0.0,"damage_taken":8.0},{"damage_healed":0.0,"max_hp_gain":0.0,"max_hp_loss":0.0,"gold_gain":0.0,"event_name":"Tomb of Lord Red Mask","player_choice":"Ignored","floor":45.0,"gold_loss":0.0,"damage_taken":0.0},{"damage_healed":0.0,"max_hp_gain":0.0,"max_hp_loss":0.0,"gold_gain":0.0,"event_name":"MindBloom","player_choice":"Fight","floor":48.0,"gold_loss":0.0,"damage_taken":0.0}],"is_beta":false,"boss_relics":[{"not_picked":["Orrery","Astrolabe"],"picked":"Philosopher\u0027s Stone"},{"not_picked":["Snecko Eye","Tiny House"],"picked":"Black Star"}],"items_purged_floors":[20,36,53],"is_endless":false,"potions_floor_spawned":[6,8,11,16,18,19,24,25,31,35,39,40,42,46,48],"ascension_level":0}