{"gold_per_floor":[115,130,53,53,53,82,82,93,93,12,12,29,129,106,106,208,208,221,146,161,175,188,188,205,205,228,240,515,529,529,222,222,324,324,343,218,218,149,169,203,203,222,291,291,304,349,375,335,335,335],"floor_reached":51,"playtime":1939,"items_purged":["Strike_B","Regret","Strike_B"],"score":1058,"play_id":"58634952-b911-4e57-a355-3a56187840eb","local_time":"20181229180130","is_ascension_mode":true,"campfire_choices":[{"floor":7.0,"key":"REST"},{"data":"Defragment","floor":15.0,"key":"SMITH"},{"floor":23.0,"key":"REST"},{"floor":25.0,"key":"REST"},{"floor":30.0,"key":"REST"},{"floor":32.0,"key":"REST"},{"floor":41.0,"key":"REST"},{"floor":49,"key":"REST"}],"neow_cost":"NONE","seed_source_timestamp":13862017484555,"circlet_count":0,"master_deck":["AscendersBane","Strike_B+1","Defend_B","Defend_B","Defend_B+1","Defend_B","Zap","Dualcast","Steam","Capacitor","Glacier","Buffer","Defragment+1","Ball Lightning","Cold Snap","Coolheaded","Electrodynamics","Ball Lightning+1","Conserve Battery+1","Seek","Consume+1","Thunder Strike","White Noise+1","Loop","Capacitor","Blizzard"],"special_seed":0,"relics":["Cracked Core","Blood Vial","Bird Faced Urn","Unceasing Top","Fusion Hammer","Happy Flower","Toolbox","Runic Pyramid","Omamori","Pear","Potion Belt","Calipers"],"potions_floor_usage":[50,50],"damage_taken":[{"damage":3.0,"enemies":"2 Louse","floor":1.0,"turns":2.0},{"damage":1.0,"enemies":"Jaw Worm","floor":2.0,"turns":3.0},{"damage":36.0,"enemies":"Gremlin Nob","floor":6.0,"turns":5.0},{"damage":0.0,"enemies":"Cultist","floor":8.0,"turns":5.0},{"damage":1.0,"enemies":"Looter","floor":12.0,"turns":4.0},{"damage":2.0,"enemies":"Hexaghost","floor":16.0,"turns":13.0},{"damage":19.0,"enemies":"3 Byrds","floor":18.0,"turns":4.0},{"damage":0.0,"enemies":"Spheric Guardian","floor":20.0,"turns":3.0},{"damage":17.0,"enemies":"Centurion and Healer","floor":21.0,"turns":6.0},{"damage":10.0,"enemies":"3 Cultists","floor":22.0,"turns":5.0},{"damage":18.0,"enemies":"Sentry and Sphere","floor":24.0,"turns":5.0},{"damage":11.0,"enemies":"Centurion and Healer","floor":27.0,"turns":7.0},{"damage":4.0,"enemies":"Chosen and Byrds","floor":29.0,"turns":5.0},{"damage":20.0,"enemies":"Collector","floor":33.0,"turns":12.0},{"damage":5.0,"enemies":"Orb Walker","floor":35.0,"turns":5.0},{"damage":17.0,"enemies":"3 Darklings","floor":39.0,"turns":6.0},{"damage":14.0,"enemies":"Nemesis","floor":40.0,"turns":7.0},{"damage":2.0,"enemies":"Jaw Worm Horde","floor":42.0,"turns":4.0},{"damage":15.0,"enemies":"Writhing Mass","floor":45.0,"turns":6.0},{"damage":38.0,"enemies":"Reptomancer","floor":47.0,"turns":6.0},{"damage":85,"enemies":"Awakened One","floor":50,"turns":12}],"seed_played":"2282241899118877387","potions_obtained":[{"floor":6.0,"key":"AttackPotion"},{"floor":12.0,"key":"LiquidBronze"},{"floor":20.0,"key":"EssenceOfSteel"},{"floor":22.0,"key":"Explosive Potion"}],"is_trial":false,"path_per_floor":["M","M","$","?","?","E","R","M","T","$","?","M","?","$","R","B",null,"M","$","M","M","M","R","M","R","T","M","?","M","R","$","R","B",null,"M","$","?","$","M","E","R","M","T","?","M","T","E","?","R","B",null],"character_chosen":"DEFECT","items_purchased":["Glacier","Defragment","Coolheaded","Toolbox","Loop"],"campfire_rested":7,"item_purchase_floors":[3,10,14,31,38],"current_hp_per_floor":[67,68,68,53,46,12,34,38,38,38,38,43,43,43,43,49,69,58,58,66,57,57,75,61,75,75,72,72,71,75,75,75,55,70,72,72,71,71,62,61,71,69,79,79,76,76,53,53,77,8],"gold":335,"neow_bonus":"RANDOM_COMMON_RELIC","is_prod":false,"is_daily":false,"chose_seed":false,"campfire_upgraded":1,"win_rate":0,"timestamp":1546095690,"path_taken":["M","M","$","?","?","E","R","M","T","?","?","?","?","$","R","BOSS","M","?","M","?","M","R","M","R","T","M","?","M","R","$","R","BOSS","M","$","?","$","M","E","R","M","T","?","?","?","E","?","R","BOSS"],"build_version":"2018-12-20","purchased_purges":3,"victory":true,"max_hp_per_floor":[75,75,75,75,75,75,75,75,75,75,75,75,75,75,75,75,75,75,75,75,75,75,75,75,75,75,75,75,75,75,75,75,75,75,75,75,71,71,71,71,71,71,81,81,81,81,81,81,81,81],"card_choices":[{"not_picked":["Stack","Turbo"],"picked":"Steam","floor":1.0},{"not_picked":["Recycle","Ball Lightning"],"picked":"Capacitor","floor":2.0},{"not_picked":["Steam","Rip and Tear"],"picked":"Buffer","floor":6.0},{"not_picked":["Tempest","Go for the Eyes","Gash"],"picked":"SKIP","floor":8.0},{"not_picked":["Sweeping Beam","Steam Power"],"picked":"Cold Snap","floor":12.0},{"not_picked":["Core Surge","Multi-Cast"],"picked":"Electrodynamics","floor":16.0},{"not_picked":["Redo","Conserve Battery+1"],"picked":"Ball Lightning+1","floor":18.0},{"not_picked":["Sweeping Beam","Redo","Chill"],"picked":"SKIP","floor":20.0},{"not_picked":["Chaos","Go for the Eyes+1","Static Discharge"],"picked":"SKIP","floor":21.0},{"not_picked":["Compile Driver","Recycle"],"picked":"Conserve Battery+1","floor":22.0},{"not_picked":["Steam Power","Streamline","Compile Driver"],"picked":"SKIP","floor":24.0},{"not_picked":["Cold Snap","Seek","Go for the Eyes"],"picked":"SKIP","floor":27.0},{"not_picked":["Cold Snap","Go for the Eyes"],"picked":"Seek","floor":27.0},{"not_picked":["Conserve Battery","Steam"],"picked":"Consume","floor":29.0},{"not_picked":["Fission","Machine Learning"],"picked":"Thunder Strike","floor":33.0},{"not_picked":["Conserve Battery+1","Sweeping Beam+1"],"picked":"White Noise+1","floor":35.0},{"not_picked":["Leap","Conserve Battery+1","Loop"],"picked":"SKIP","floor":39.0},{"not_picked":["Cold Snap","Steam Power+1","Steam"],"picked":"SKIP","floor":40.0},{"not_picked":["Ball Lightning+1","Turbo","Leap+1"],"picked":"SKIP","floor":42.0},{"not_picked":["Self Repair","White Noise"],"picked":"Blizzard","floor":45.0},{"not_picked":["Skim","Cold Snap","Rebound+1"],"picked":"SKIP","floor":47.0}],"player_experience":621038,"relics_obtained":[{"floor":6.0,"key":"Bird Faced Urn"},{"floor":9.0,"key":"Unceasing Top"},{"floor":26.0,"key":"Happy Flower"},{"floor":40.0,"key":"Omamori"},{"floor":43.0,"key":"Pear"},{"floor":46.0,"key":"Potion Belt"},{"floor":47.0,"key":"Calipers"}],"event_choices":[{"damage_healed":0.0,"max_hp_gain":0.0,"max_hp_loss":0.0,"gold_gain":0.0,"event_name":"Shining Light","player_choice":"Entered Light","floor":4.0,"gold_loss":0.0,"damage_taken":15.0,"cards_upgraded":["Strike_B","Defend_B"]},{"cards_removed":["Strike_B"],"damage_healed":0.0,"max_hp_gain":0.0,"max_hp_loss":0.0,"gold_gain":0.0,"event_name":"Golden Wing","player_choice":"Card Removal","floor":5.0,"gold_loss":0.0,"damage_taken":7.0},{"damage_healed":0.0,"max_hp_gain":0.0,"max_hp_loss":0.0,"gold_gain":0.0,"event_name":"Match and Keep!","player_choice":"1 cards matched","floor":11.0,"gold_loss":0.0,"damage_taken":0.0,"cards_obtained":["Ball Lightning"]},{"damage_healed":0.0,"max_hp_gain":0.0,"max_hp_loss":0.0,"gold_gain":100.0,"event_name":"Wheel of Change","player_choice":"Gold","floor":13.0,"gold_loss":0.0,"damage_taken":0.0},{"damage_healed":0.0,"max_hp_gain":0.0,"max_hp_loss":0.0,"gold_gain":275.0,"event_name":"Golden Shrine","player_choice":"Desecrate","floor":28.0,"gold_loss":0.0,"damage_taken":0.0,"cards_obtained":["Regret"]},{"damage_healed":0.0,"max_hp_gain":0.0,"max_hp_loss":4.0,"gold_gain":0.0,"event_name":"Winding Halls","player_choice":"Max HP","floor":37.0,"gold_loss":0.0,"damage_taken":0.0},{"damage_healed":0.0,"max_hp_gain":0.0,"max_hp_loss":0.0,"gold_gain":0.0,"event_name":"Duplicator","player_choice":"Copied","floor":44.0,"gold_loss":0.0,"damage_taken":0.0,"cards_obtained":["Capacitor"]},{"damage_healed":0,"gold_gain":0,"player_choice":"Upgrade","damage_taken":0,"max_hp_gain":0,"max_hp_loss":0,"event_name":"Designer","floor":48,"gold_loss":40,"cards_upgraded":["Consume"]}],"is_beta":false,"boss_relics":[{"not_picked":["Runic Dome","Pandora\u0027s Box"],"picked":"Fusion Hammer"},{"not_picked":["FrozenCore","Lizard Tail"],"picked":"Runic Pyramid"}],"items_purged_floors":[19,31,36],"is_endless":false,"potions_floor_spawned":[6,12,20,22,24,27,35,40],"ascension_level":10}