{"gold_per_floor":[361,436,449,47,64,64,90,107,107,136,151,151,163,179,179,179],"floor_reached":16,"playtime":638,"items_purged":["Doubt"],"score":194,"play_id":"0b476c70-a4b9-4af2-a4d1-feab7beab743","local_time":"20180804053922","is_ascension_mode":true,"campfire_choices":[{"data":"Carnage","floor":6.0,"key":"SMITH"},{"data":"Whirlwind","floor":12.0,"key":"SMITH"},{"floor":15.0,"key":"REST"}],"neow_cost":"CURSE","seed_source_timestamp":49916035528211,"circlet_count":0,"master_deck":["Strike_R+1","Strike_R+1","Strike_R","Strike_R","Strike_R","Defend_R","Defend_R","Defend_R","Defend_R","Bash","AscendersBane","Shrug It Off","Intimidate","Carnage+1","Shrug It Off","Whirlwind+1","Inflame"],"special_seed":0,"relics":["Burning Blood","Matryoshka","Strawberry","Oddly Smooth Stone","Whetstone","Boot"],"potions_floor_usage":[16,16],"damage_taken":[{"damage":10.0,"enemies":"Small Slimes","floor":1.0,"turns":4.0},{"damage":8.0,"enemies":"Jaw Worm","floor":3.0,"turns":5.0},{"damage":6.0,"enemies":"2 Louse","floor":5.0,"turns":3.0},{"damage":40.0,"enemies":"Lagavulin","floor":7.0,"turns":6.0},{"damage":1.0,"enemies":"Red Slaver","floor":8.0,"turns":4.0},{"damage":6.0,"enemies":"3 Sentries","floor":10.0,"turns":7.0},{"damage":0.0,"enemies":"Blue Slaver","floor":11.0,"turns":2.0},{"damage":3.0,"enemies":"Exordium Wildlife","floor":13.0,"turns":2.0},{"damage":6.0,"enemies":"Exordium Thugs","floor":14.0,"turns":2.0},{"damage":68,"enemies":"Hexaghost","floor":16,"turns":10}],"seed_played":"-6742104062311606796","potions_obtained":[{"floor":7.0,"key":"Swift Potion"},{"floor":10.0,"key":"SkillPotion"}],"is_trial":false,"path_per_floor":["M","?","M","$","M","R","E","M","T","E","M","R","M","M","R"],"character_chosen":"IRONCLAD","items_purchased":["Carnage","Matryoshka"],"campfire_rested":1,"item_purchase_floors":[4,4],"current_hp_per_floor":[64,53,51,51,51,51,24,29,29,29,35,35,38,38,62,0],"gold":179,"neow_bonus":"TWO_FIFTY_GOLD","is_prod":false,"is_daily":false,"chose_seed":false,"campfire_upgraded":2,"win_rate":0,"timestamp":1533350362,"path_taken":["M","?","M","$","M","R","E","?","T","E","M","R","M","M","R","BOSS"],"build_version":"2018-08-02","purchased_purges":1,"victory":false,"max_hp_per_floor":[75,75,75,75,75,75,82,82,82,82,82,82,82,82,82,82],"card_choices":[{"not_picked":["Anger","Warcry"],"picked":"Shrug It Off","floor":1.0},{"not_picked":["Thunderclap","Headbutt"],"picked":"Intimidate","floor":3.0},{"not_picked":["Body Slam","Heavy Blade"],"picked":"Shrug It Off","floor":5.0},{"not_picked":["Power Through","Anger","Headbutt"],"picked":"SKIP","floor":7.0},{"not_picked":["Burning Pact","Perfected Strike","Headbutt"],"picked":"SKIP","floor":8.0},{"not_picked":["Uppercut","Pummel"],"picked":"Whirlwind","floor":10.0},{"not_picked":["Rampage","Combust","Entrench"],"picked":"SKIP","floor":11.0},{"not_picked":["True Grit","Iron Wave"],"picked":"Inflame","floor":13.0},{"not_picked":["Exhume","Sword Boomerang","Shrug It Off"],"picked":"SKIP","floor":14.0}],"player_experience":402794,"relics_obtained":[{"floor":7.0,"key":"Strawberry"},{"floor":9.0,"key":"Oddly Smooth Stone"},{"floor":9.0,"key":"Whetstone"},{"floor":10.0,"key":"Boot"}],"event_choices":[{"event_name":"World of Goop","player_choice":"Gather Gold","floor":2.0,"damage_taken":0.0}],"is_beta":false,"boss_relics":[],"items_purged_floors":[4],"is_endless":false,"potions_floor_spawned":[7,10,11,13],"killed_by":"Hexaghost","ascension_level":14}