{"gold_per_floor":[115,127,127,147,46,74,86,86,113,130,130,156,174,184,184,281,281,296,285,304,304,321,321],"floor_reached":23,"playtime":2378,"items_purged":["Strike_G"],"score":279,"play_id":"bc9f2565-2920-4613-96d3-013afe5ef109","local_time":"20190804232831","is_ascension_mode":true,"campfire_choices":[{"floor":8,"key":"REST"},{"floor":11,"key":"REST"},{"floor":15,"key":"REST"}],"neow_cost":"NONE","seed_source_timestamp":1740554814394000,"circlet_count":0,"master_deck":["Strike_G","Strike_G","Strike_G","Defend_G","Defend_G","Defend_G","Defend_G","Defend_G","Survivor","Neutralize","Sucker Punch","Deadly Poison","Backflip","Cloak And Dagger","Cloak And Dagger","Poisoned Stab","Backstab","Predator","Catalyst","Malaise","Deadly Poison","Skewer+1","Well Laid Plans+1"],"relics":["Fusion Hammer","Ancient Tea Set","Strawberry","Smiling Mask","Black Star"],"potions_floor_usage":[12,12,16,16,22,23,23],"damage_taken":[{"damage":0,"enemies":"Small Slimes","floor":1,"turns":4},{"damage":0,"enemies":"2 Louse","floor":2,"turns":3},{"damage":4,"enemies":"Jaw Worm","floor":4,"turns":3},{"damage":47,"enemies":"3 Sentries","floor":6,"turns":11},{"damage":6,"enemies":"Exordium Thugs","floor":7,"turns":8},{"damage":0,"enemies":"2 Fungi Beasts","floor":10,"turns":3},{"damage":6,"enemies":"Lagavulin","floor":12,"turns":8},{"damage":0,"enemies":"Blue Slaver","floor":13,"turns":3},{"damage":0,"enemies":"Large Slime","floor":14,"turns":5},{"damage":15,"enemies":"Hexaghost","floor":16,"turns":10},{"damage":10,"enemies":"Shell Parasite","floor":18,"turns":7},{"damage":13,"enemies":"2 Thieves","floor":19,"turns":4},{"damage":15,"enemies":"Snecko","floor":20,"turns":5},{"damage":14,"enemies":"Shelled Parasite and Fungi","floor":22,"turns":5},{"damage":7,"enemies":"Book of Stabbing","floor":23,"turns":7}],"seed_played":"8005106410374428236","potions_obtained":[{"floor":4,"key":"Dexterity Potion"},{"floor":6,"key":"Block Potion"},{"floor":10,"key":"GamblersBrew"},{"floor":12,"key":"SteroidPotion"},{"floor":13,"key":"Weak Potion"},{"floor":14,"key":"Swift Potion"},{"floor":19,"key":"Block Potion"},{"floor":22,"key":"Swift Potion"}],"is_trial":false,"path_per_floor":["M","M","?","M","$","E","M","R","T","M","R","E","M","M","R","B",null,"M","M","M","?","M","E"],"character_chosen":"THE_SILENT","items_purchased":["Cloak And Dagger"],"campfire_rested":3,"item_purchase_floors":[5],"current_hp_per_floor":[63,63,63,59,59,12,6,27,34,34,57,51,51,51,74,59,73,63,50,35,21,7,0],"gold":321,"neow_bonus":"BOSS_RELIC","is_prod":false,"is_daily":false,"chose_seed":false,"campfire_upgraded":0,"win_rate":0,"timestamp":1564975711,"path_taken":["M","M","?","M","$","E","M","R","T","M","R","E","M","M","R","BOSS","M","M","M","?","M","E"],"build_version":"2019-07-17","purchased_purges":1,"victory":false,"max_hp_per_floor":[70,70,70,70,70,70,70,70,77,77,77,77,77,77,77,77,77,77,77,77,82,82,82],"card_choices":[{"not_picked":["Outmaneuver","Finisher","Underhanded Strike"],"picked":"SKIP","floor":1},{"not_picked":["Bane","Dodge and Roll"],"picked":"Sucker Punch","floor":2},{"not_picked":["Dagger Spray","Underhanded Strike"],"picked":"Backflip","floor":4},{"not_picked":["Slice","Heel Hook"],"picked":"Cloak And Dagger","floor":6},{"not_picked":["Backflip","Expertise"],"picked":"Poisoned Stab","floor":7},{"not_picked":["Accuracy","Quick Slash","Prepared"],"picked":"SKIP","floor":10},{"not_picked":["Slice","Finisher"],"picked":"Backstab","floor":12},{"not_picked":["Sucker Punch","Quick Slash"],"picked":"Predator","floor":13},{"not_picked":["Dagger Spray","Deadly Poison"],"picked":"Catalyst","floor":14},{"not_picked":["Phantasmal Killer","Venomology"],"picked":"Malaise","floor":16},{"not_picked":["Expertise","Dagger Spray"],"picked":"Deadly Poison","floor":18},{"not_picked":["Footwork","Bane"],"picked":"Skewer+1","floor":19},{"not_picked":["Sucker Punch","Choke"],"picked":"Well Laid Plans+1","floor":20},{"not_picked":["Flying Knee","Tactician","Cloak And Dagger"],"picked":"SKIP","floor":22}],"player_experience":531675,"relics_obtained":[{"floor":6,"key":"Ancient Tea Set"},{"floor":9,"key":"Strawberry"},{"floor":12,"key":"Smiling Mask"}],"event_choices":[{"damage_healed":0,"gold_gain":0,"cards_transformed":["Strike_G"],"player_choice":"Change","damage_taken":0,"max_hp_gain":0,"max_hp_loss":0,"event_name":"Living Wall","floor":3,"gold_loss":0,"cards_obtained":["Deadly Poison"]},{"damage_healed":0,"gold_gain":0,"player_choice":"Shed Blood","damage_taken":19,"max_hp_gain":5,"max_hp_loss":0,"event_name":"Forgotten Altar","floor":21,"gold_loss":0}],"is_beta":false,"boss_relics":[{"not_picked":["Eternal Feather","Empty Cage"],"picked":"Black Star"}],"items_purged_floors":[5],"is_endless":false,"potions_floor_spawned":[4,6,10,12,13,14,19,22],"killed_by":"Book of Stabbing","ascension_level":7}