{"gold_per_floor":[117,127,140,140,90,90,120,120,120,120,137,150,150,150,150,278,278,303,303,402,278,301,341,341,341,341,354,378,54,54,77,77,206,206,227,560,163,163,178,205,216,216,216,216,251,266,266,279,279,279,279,279,7,38,38],"floor_reached":55,"playtime":4508,"items_purged":["Strike_R","Strike_R"],"score":745,"play_id":"f92d6a9e-7021-4c4d-b51f-a1c9f19f8a16","local_time":"20190715181354","is_ascension_mode":false,"campfire_choices":[{"data":"Bash","floor":6,"key":"SMITH"},{"data":"Demon Form","floor":8,"key":"SMITH"},{"data":"Disarm","floor":10,"key":"SMITH"},{"data":"Rampage","floor":13,"key":"SMITH"},{"floor":15,"key":"REST"},{"data":"Limit Break","floor":24,"key":"SMITH"},{"data":"True Grit","floor":30,"key":"SMITH"},{"floor":32,"key":"REST"},{"data":"Clothesline","floor":42,"key":"SMITH"},{"floor":47,"key":"REST"},{"floor":49,"key":"RECALL"},{"data":"Flame Barrier","floor":52,"key":"SMITH"}],"neow_cost":"NONE","seed_source_timestamp":22830991563657,"circlet_count":0,"master_deck":["Strike_R","Defend_R+1","Defend_R+1","Defend_R","Defend_R","Bash+1","Rampage+1","Pommel Strike","Disarm+1","Cleave","Demon Form+1","Clothesline+1","Battle Trance","Limit Break+1","Sword Boomerang","True Grit+1","Flame Barrier+1","Feel No Pain+1","Impervious","Metallicize+1","Heavy Blade","Pummel"],"relics":["Burning Blood","War Paint","Charon\u0027s Ashes","Paper Frog","Busted Crown","MutagenicStrength","Pear","Lantern","Sozu","Shuriken","Bronze Scales","Peace Pipe","Dodecahedron","Darkstone Periapt","Self Forming Clay","Pen Nib"],"potions_floor_usage":[7,7,23,31,48,55],"damage_taken":[{"damage":0,"enemies":"2 Louse","floor":1,"turns":2},{"damage":10,"enemies":"Cultist","floor":2,"turns":4},{"damage":0,"enemies":"Small Slimes","floor":3,"turns":3},{"damage":28,"enemies":"3 Sentries","floor":7,"turns":6},{"damage":1,"enemies":"Blue Slaver","floor":11,"turns":5},{"damage":4,"enemies":"2 Fungi Beasts","floor":12,"turns":3},{"damage":12,"enemies":"Hexaghost","floor":16,"turns":9},{"damage":5,"enemies":"Chosen","floor":18,"turns":4},{"damage":14,"enemies":"3 Byrds","floor":22,"turns":4},{"damage":34,"enemies":"Slavers","floor":23,"turns":5},{"damage":12,"enemies":"Snake Plant","floor":27,"turns":4},{"damage":1,"enemies":"Chosen and Byrds","floor":28,"turns":6},{"damage":9,"enemies":"Centurion and Healer","floor":31,"turns":6},{"damage":2,"enemies":"Automaton","floor":33,"turns":6},{"damage":5,"enemies":"Orb Walker","floor":35,"turns":3},{"damage":7,"enemies":"3 Darklings","floor":39,"turns":5},{"damage":26,"enemies":"Nemesis","floor":40,"turns":7},{"damage":14,"enemies":"4 Shapes","floor":41,"turns":4},{"damage":6,"enemies":"Giant Head","floor":45,"turns":7},{"damage":2,"enemies":"Maw","floor":46,"turns":6},{"damage":30,"enemies":"3 Darklings","floor":48,"turns":5},{"damage":62,"enemies":"Awakened One","floor":50,"turns":9},{"damage":38,"enemies":"Shield and Spear","floor":54,"turns":6},{"damage":75,"enemies":"The Heart","floor":55,"turns":8}],"seed_played":"-7096013815439165307","potions_obtained":[{"floor":2,"key":"FearPotion"},{"floor":3,"key":"Regen Potion"},{"floor":12,"key":"EssenceOfSteel"},{"floor":16,"key":"FairyPotion"},{"floor":18,"key":"Regen Potion"},{"floor":27,"key":"Regen Potion"}],"is_trial":false,"path_per_floor":["M","M","M","?","$","R","E","R","T","R","M","M","R","?","R","B",null,"M","?","?","$","M","E","R","?","T","M","M","$","R","M","R","B",null,"M","?","$","?","M","E","M","R","T","?","E","M","R","M","R","B",null,"R","$","E","B"],"character_chosen":"IRONCLAD","items_purchased":["AttackPotion","True Grit","Flame Barrier","Lantern","Shuriken","Bronze Scales","Self Forming Clay","Heavy Blade"],"campfire_rested":3,"item_purchase_floors":[5,21,29,29,37,37,53,53],"current_hp_per_floor":[80,76,80,80,80,80,58,58,58,58,63,65,65,45,69,63,80,80,80,80,80,72,54,54,54,54,48,53,53,53,62,89,90,90,90,90,90,90,89,69,61,61,61,61,61,65,90,75,75,19,90,90,90,58,0],"gold":38,"neow_bonus":"RANDOM_COMMON_RELIC","is_prod":false,"is_daily":false,"chose_seed":false,"campfire_upgraded":8,"win_rate":0,"timestamp":1563207234,"path_taken":["M","M","M","?","?","R","E","R","T","R","M","M","R","?","R","BOSS","M","?","?","$","M","E","R","?","T","M","M","$","R","M","R","BOSS","M","?","$","?","M","E","M","R","T","?","E","M","R","M","R","BOSS","R","$","E","BOSS"],"build_version":"2019-07-05","purchased_purges":2,"victory":false,"max_hp_per_floor":[80,80,80,80,80,80,80,80,80,80,80,80,80,80,80,80,80,80,80,80,80,80,90,90,90,90,90,90,90,90,90,90,90,90,90,90,90,90,90,90,90,90,90,90,90,90,90,90,90,90,90,90,90,90,90],"card_choices":[{"not_picked":["Wild Strike","Rupture"],"picked":"Rampage","floor":1},{"not_picked":["True Grit","Armaments"],"picked":"Pommel Strike","floor":2},{"not_picked":["Cleave","Havoc"],"picked":"Disarm","floor":3},{"not_picked":["Flex","Warcry"],"picked":"Demon Form","floor":7},{"not_picked":["Pommel Strike","Thunderclap"],"picked":"Clothesline","floor":11},{"not_picked":["Iron Wave","Havoc"],"picked":"Battle Trance","floor":12},{"not_picked":["Demon Form","Brutality"],"picked":"Limit Break","floor":16},{"not_picked":[],"picked":"Sword Boomerang","floor":18},{"not_picked":["Perfected Strike"],"picked":"SKIP","floor":22},{"not_picked":["Demon Form"],"picked":"SKIP","floor":23},{"not_picked":["True Grit"],"picked":"SKIP","floor":27},{"not_picked":["Flex"],"picked":"SKIP","floor":28},{"not_picked":[],"picked":"Feel No Pain+1","floor":31},{"not_picked":[],"picked":"Impervious","floor":33},{"not_picked":["Hemokinesis+1"],"picked":"SKIP","floor":35},{"not_picked":["Perfected Strike"],"picked":"SKIP","floor":39},{"not_picked":["Wild Strike+1"],"picked":"SKIP","floor":40},{"not_picked":["True Grit"],"picked":"SKIP","floor":41},{"not_picked":["Twin Strike"],"picked":"SKIP","floor":45},{"not_picked":["Clash"],"picked":"SKIP","floor":46},{"not_picked":[],"picked":"Metallicize+1","floor":48},{"not_picked":[],"picked":"Pummel","floor":54}],"player_experience":484865,"relics_obtained":[{"floor":7,"key":"Charon\u0027s Ashes"},{"floor":9,"key":"Paper Frog"},{"floor":23,"key":"Pear"},{"floor":40,"key":"Peace Pipe"},{"floor":43,"key":"Dodecahedron"},{"floor":45,"key":"Darkstone Periapt"},{"floor":54,"key":"Pen Nib"}],"event_choices":[{"damage_healed":0,"gold_gain":0,"cards_transformed":["Strike_R"],"player_choice":"Transformed","damage_taken":0,"max_hp_gain":0,"max_hp_loss":0,"event_name":"Transmorgrifier","floor":4,"gold_loss":0,"cards_obtained":["Cleave"]},{"damage_healed":0,"gold_gain":0,"player_choice":"Take Damage","damage_taken":20,"relics_obtained":["Golden Idol"],"max_hp_gain":0,"max_hp_loss":0,"event_name":"Golden Idol","floor":14,"gold_loss":0},{"damage_healed":0,"gold_gain":0,"player_choice":"Inject Mutagens","damage_taken":0,"relics_obtained":["MutagenicStrength"],"max_hp_gain":0,"max_hp_loss":0,"event_name":"Drug Dealer","floor":19,"gold_loss":0},{"damage_healed":0,"gold_gain":99,"player_choice":"Stole From Cult","damage_taken":0,"max_hp_gain":0,"max_hp_loss":0,"event_name":"Nest","floor":20,"gold_loss":0},{"damage_healed":0,"gold_gain":0,"player_choice":"Leave","damage_taken":0,"max_hp_gain":0,"max_hp_loss":0,"event_name":"FaceTrader","floor":25,"gold_loss":0},{"damage_healed":0,"gold_gain":333,"player_choice":"Gave Idol","damage_taken":0,"max_hp_gain":0,"max_hp_loss":0,"event_name":"The Moai Head","floor":36,"relics_lost":["Golden Idol"],"gold_loss":0},{"cards_removed":["Strike_R"],"damage_healed":0,"gold_gain":0,"player_choice":"Removed Attack","damage_taken":0,"max_hp_gain":0,"max_hp_loss":0,"event_name":"Falling","floor":38,"gold_loss":0},{"damage_healed":0,"gold_gain":0,"player_choice":"Ignored","damage_taken":0,"max_hp_gain":0,"max_hp_loss":0,"event_name":"Mysterious Sphere","floor":44,"gold_loss":0}],"is_beta":false,"boss_relics":[{"not_picked":["Astrolabe","Eternal Feather"],"picked":"Busted Crown"},{"not_picked":["Black Star","Snecko Eye"],"picked":"Sozu"}],"items_purged_floors":[21,29],"is_endless":false,"potions_floor_spawned":[2,3,12,16,18,27,39,45,46,54],"killed_by":"The Heart","ascension_level":0}