{"gold_per_floor":[119,119,138,151,251,283,243,276,276,276,288,298,311,326,326,403,403,423,7,7,7,18,18,52,63,63,63,75,92,92,123,123,123],"floor_reached":33,"playtime":2099,"items_purged":[],"score":553,"play_id":"18764ee4-943d-4e9f-b4e2-6e51df02da37","local_time":"20190712103951","is_ascension_mode":true,"campfire_choices":[{"data":"Leg Sweep","floor":10.0,"key":"SMITH"},{"data":"Noxious Fumes","floor":15.0,"key":"SMITH"},{"data":"Neutralize","floor":23.0,"key":"SMITH"},{"floor":30.0,"key":"REST"},{"floor":32,"key":"REST"}],"neow_cost":"NONE","seed_source_timestamp":8413630757330,"circlet_count":0,"master_deck":["AscendersBane","Strike_G","Strike_G","Defend_G","Defend_G","Defend_G","Defend_G","Defend_G","Survivor","Neutralize+1","Footwork","Leg Sweep+1","Dagger Throw","Dash","Sucker Punch","Die Die Die","Backflip+1","Noxious Fumes+1","Dodge and Roll+1","Corpse Explosion+1","Doppelganger+1","Burst+1","Acrobatics+1","PiercingWail+1","Blur+1","Prepared+1","Acrobatics+1","Night Terror+1","Backstab+1","Adrenaline+1"],"special_seed":0,"relics":["Ring of the Snake","Darkstone Periapt","Toxic Egg 2","Meat on the Bone","Astrolabe","Kunai","Bottled Flame","Matryoshka","Ornamental Fan"],"potions_floor_usage":[],"damage_taken":[{"damage":1.0,"enemies":"Jaw Worm","floor":1.0,"turns":5.0},{"damage":2.0,"enemies":"2 Louse","floor":3.0,"turns":3.0},{"damage":6.0,"enemies":"Cultist","floor":4.0,"turns":6.0},{"damage":17.0,"enemies":"3 Sentries","floor":6.0,"turns":14.0},{"damage":0.0,"enemies":"Looter","floor":7.0,"turns":4.0},{"damage":17.0,"enemies":"Gremlin Nob","floor":8.0,"turns":6.0},{"damage":4.0,"enemies":"Blue Slaver","floor":11.0,"turns":4.0},{"damage":2.0,"enemies":"Large Slime","floor":12.0,"turns":9.0},{"damage":0.0,"enemies":"Gremlin Gang","floor":13.0,"turns":1.0},{"damage":5.0,"enemies":"3 Louse","floor":14.0,"turns":5.0},{"damage":18.0,"enemies":"Slime Boss","floor":16.0,"turns":11.0},{"damage":2.0,"enemies":"2 Thieves","floor":18.0,"turns":3.0},{"damage":6.0,"enemies":"Spheric Guardian","floor":22.0,"turns":7.0},{"damage":6.0,"enemies":"Slavers","floor":24.0,"turns":5.0},{"damage":6.0,"enemies":"Snake Plant","floor":25.0,"turns":5.0},{"damage":0.0,"enemies":"Snecko","floor":28.0,"turns":6.0},{"damage":27.0,"enemies":"Shelled Parasite and Fungi","floor":29.0,"turns":10.0},{"damage":15,"enemies":"Gremlin Leader","floor":31,"turns":10},{"damage":86,"enemies":"Champ","floor":33,"turns":15}],"seed_played":"-82165213467105872","potions_obtained":[{"floor":1.0,"key":"Energy Potion"},{"floor":4.0,"key":"GhostInAJar"},{"floor":11.0,"key":"Explosive Potion"},{"floor":13.0,"key":"Regen Potion"},{"floor":14.0,"key":"SkillPotion"},{"floor":16.0,"key":"Energy Potion"},{"floor":18.0,"key":"Explosive Potion"}],"is_trial":false,"path_per_floor":["M","?","M","M","?","E","M","E","T","R","M","M","M","M","R","B",null,"M","$","?","?","M","R","E","M","T","?","M","M","R","E","R","B"],"character_chosen":"THE_SILENT","items_purchased":["Blur+1","Kunai","Prepared+1"],"campfire_rested":2,"item_purchase_floors":[19,19,19],"current_hp_per_floor":[64,69,67,61,61,44,44,27,27,27,35,45,45,55,55,49,70,68,68,68,68,62,62,56,50,50,50,50,35,58,43,66,0],"gold":123,"neow_bonus":"TEN_PERCENT_HP_BONUS","is_prod":false,"is_daily":false,"chose_seed":false,"campfire_upgraded":3,"win_rate":0,"timestamp":1562945991,"path_taken":["M","?","M","M","?","E","M","E","T","R","M","M","?","M","R","BOSS","M","$","?","?","M","R","E","M","T","?","M","M","R","E","R","BOSS"],"build_version":"2019-07-05","purchased_purges":0,"victory":false,"max_hp_per_floor":[72,77,77,77,77,77,77,77,77,77,77,77,77,77,77,77,77,77,77,77,77,77,77,77,77,77,77,77,77,77,77,77,77],"card_choices":[{"not_picked":["All Out Attack","Endless Agony"],"picked":"Footwork","floor":1.0},{"not_picked":["Deflect","Slice"],"picked":"Leg Sweep","floor":3.0},{"not_picked":["Heel Hook","Outmaneuver"],"picked":"Dagger Throw","floor":4.0},{"not_picked":["Bouncing Flask","Grand Finale"],"picked":"Dash","floor":6.0},{"not_picked":["Deflect","Acrobatics"],"picked":"Sucker Punch","floor":7.0},{"not_picked":["Flying Knee","Dagger Spray"],"picked":"Die Die Die","floor":8.0},{"not_picked":["Tactician+1","PiercingWail+1"],"picked":"Backflip+1","floor":11.0},{"not_picked":["Dagger Throw","Accuracy"],"picked":"Noxious Fumes","floor":12.0},{"not_picked":["Sucker Punch","Riddle With Holes","Bane"],"picked":"SKIP","floor":13.0},{"not_picked":["Sucker Punch","Underhanded Strike"],"picked":"Dodge and Roll+1","floor":14.0},{"not_picked":["Die Die Die","Storm of Steel+1"],"picked":"Corpse Explosion+1","floor":16.0},{"not_picked":["Quick Slash","Deadly Poison+1"],"picked":"PiercingWail+1","floor":18.0},{"not_picked":["Dash","Dagger Spray"],"picked":"Acrobatics+1","floor":22.0},{"not_picked":["Bane","Expertise+1","Heel Hook"],"picked":"SKIP","floor":24.0},{"not_picked":["Skewer","Dagger Spray"],"picked":"Night Terror+1","floor":25.0},{"not_picked":["Deflect+1","Escape Plan+1"],"picked":"Backstab+1","floor":28.0},{"not_picked":["Outmaneuver+1","Concentrate+1","Dagger Spray"],"picked":"SKIP","floor":29.0},{"not_picked":["Blade Dance+1","Caltrops"],"picked":"Adrenaline+1","floor":31}],"player_experience":172303,"relics_obtained":[{"floor":6.0,"key":"Darkstone Periapt"},{"floor":8.0,"key":"Toxic Egg 2"},{"floor":9.0,"key":"Meat on the Bone"},{"floor":24.0,"key":"Bottled Flame"},{"floor":26.0,"key":"Matryoshka"},{"floor":31,"key":"Ornamental Fan"}],"event_choices":[{"damage_healed":0.0,"max_hp_gain":5.0,"max_hp_loss":0.0,"gold_gain":0.0,"event_name":"Big Fish","player_choice":"Donut","floor":2.0,"gold_loss":0.0,"damage_taken":0.0},{"damage_healed":0.0,"max_hp_gain":0.0,"max_hp_loss":0.0,"gold_gain":100.0,"event_name":"Wheel of Change","player_choice":"Gold","floor":5.0,"gold_loss":0.0,"damage_taken":0.0},{"damage_healed":0.0,"max_hp_gain":0.0,"max_hp_loss":0.0,"gold_gain":0.0,"event_name":"The Mausoleum","player_choice":"Ignored","floor":20.0,"gold_loss":0.0,"damage_taken":0.0},{"damage_healed":0.0,"max_hp_gain":0.0,"max_hp_loss":0.0,"gold_gain":0.0,"event_name":"Cursed Tome","player_choice":"Ignored","floor":21.0,"gold_loss":0.0,"damage_taken":0.0},{"damage_healed":0.0,"max_hp_gain":0.0,"max_hp_loss":0.0,"gold_gain":0.0,"event_name":"Vampires","player_choice":"Ignored","floor":27.0,"gold_loss":0.0,"damage_taken":0.0}],"is_beta":false,"boss_relics":[{"not_picked":["Eternal Feather","Tiny House"],"picked":"Astrolabe"}],"items_purged_floors":[],"is_endless":false,"potions_floor_spawned":[1,4,11,13,14,16,18,22],"killed_by":"Champ","ascension_level":17}