{"gold_per_floor":[112,112,128,33,47,47,79,79,106,134,145,178,178,196,196,294,294,311,311,329,97,197,197,223,235,247,358,370,414,438,482,494,603,615,637,649,673,736,848,888,900,560,608,636,101,127,181,101,101,101,101,101,49,74,74],"floor_reached":56,"playtime":1554,"items_purged":["Strike_R","Strike_R","Strike_R"],"score":1520,"play_id":"5b35cace-e931-47aa-9b08-7fea45ae533b","local_time":"20181207182340","is_ascension_mode":true,"campfire_choices":[{"data":"True Grit","floor":6.0,"key":"SMITH"},{"data":"Sword Boomerang","floor":8.0,"key":"SMITH"},{"data":"Pommel Strike","floor":13.0,"key":"SMITH"},{"data":"Whirlwind","floor":15.0,"key":"SMITH"},{"data":"Demon Form","floor":23.0,"key":"SMITH"},{"data":"Shrug It Off","floor":25.0,"key":"SMITH"},{"data":"Flex","floor":28.0,"key":"SMITH"},{"data":"Limit Break","floor":32.0,"key":"SMITH"},{"data":"Offering","floor":41.0,"key":"SMITH"},{"floor":49.0,"key":"RECALL"},{"data":"Shockwave","floor":52.0,"key":"SMITH"}],"neow_cost":"NONE","seed_source_timestamp":18662316977700,"circlet_count":0,"master_deck":["Strike_R","Defend_R","Defend_R","Defend_R","Defend_R","Bash","Pommel Strike+1","Cleave","True Grit+1","Dropkick","Sword Boomerang+1","Shrug It Off+1","Whirlwind+1","Demon Form+1","Shockwave+1","Necronomicurse","Flex+1","Limit Break+1","Feed","Shrug It Off+1","Offering+1","Battle Trance+1","Inflame","Disarm+1","Impervious+1"],"special_seed":0,"relics":["Burning Blood","NeowsBlessing","Oddly Smooth Stone","Bronze Scales","PreservedInsect","Ancient Tea Set","Mark of Pain","Necronomicon","Bag of Marbles","Nunchaku","Blue Candle","MawBank","Magic Flower","Red Mask","Self Forming Clay","Philosopher\u0027s Stone","Ice Cream","FossilizedHelix","Lantern","Bottled Lightning","Happy Flower","Toxic Egg 2","Bottled Flame","Omamori","Shuriken"],"potions_floor_usage":[55,55,55],"damage_taken":[{"damage":0.0,"enemies":"Jaw Worm","floor":1.0,"turns":1.0},{"damage":0.0,"enemies":"Cultist","floor":3.0,"turns":1.0},{"damage":0.0,"enemies":"2 Louse","floor":5.0,"turns":1.0},{"damage":21.0,"enemies":"3 Sentries","floor":7.0,"turns":9.0},{"damage":20.0,"enemies":"Lagavulin","floor":10.0,"turns":5.0},{"damage":0.0,"enemies":"2 Fungi Beasts","floor":11.0,"turns":3.0},{"damage":6.0,"enemies":"3 Sentries","floor":12.0,"turns":4.0},{"damage":0.0,"enemies":"Looter","floor":14.0,"turns":2.0},{"damage":35.0,"enemies":"Slime Boss","floor":16.0,"turns":8.0},{"damage":14.0,"enemies":"2 Thieves","floor":18.0,"turns":4.0},{"damage":0.0,"enemies":"Shell Parasite","floor":20.0,"turns":2.0},{"damage":10.0,"enemies":"Colosseum Slavers","floor":22.0,"turns":4.0},{"damage":14.0,"enemies":"Colosseum Nobs","floor":22.0,"turns":3.0},{"damage":2.0,"enemies":"Book of Stabbing","floor":24.0,"turns":2.0},{"damage":0.0,"enemies":"Masked Bandits","floor":29.0,"turns":2.0},{"damage":21.0,"enemies":"Snake Plant","floor":30.0,"turns":3.0},{"damage":12.0,"enemies":"Slavers","floor":31.0,"turns":3.0},{"damage":24.0,"enemies":"Collector","floor":33.0,"turns":5.0},{"damage":15.0,"enemies":"3 Shapes","floor":35.0,"turns":1.0},{"damage":2.0,"enemies":"Orb Walker","floor":37.0,"turns":2.0},{"damage":30.0,"enemies":"2 Orb Walkers","floor":38.0,"turns":5.0},{"damage":0.0,"enemies":"Mind Bloom Boss Battle","floor":39.0,"turns":3.0},{"damage":3.0,"enemies":"Nemesis","floor":40.0,"turns":5.0},{"damage":0.0,"enemies":"Giant Head","floor":44.0,"turns":2.0},{"damage":0.0,"enemies":"Reptomancer","floor":46.0,"turns":1.0},{"damage":41.0,"enemies":"Awakened One","floor":50.0,"turns":6.0},{"damage":0.0,"enemies":"Shield and Spear","floor":54.0,"turns":1.0},{"damage":75,"enemies":"The Heart","floor":55,"turns":6}],"seed_played":"2072883973922184058","potions_obtained":[{"floor":3.0,"key":"GamblersBrew"},{"floor":5.0,"key":"Strength Potion"},{"floor":11.0,"key":"SteroidPotion"},{"floor":35.0,"key":"Regen Potion"},{"floor":40.0,"key":"LiquidBronze"}],"is_trial":false,"path_per_floor":["M","?","M","$","M","R","E","R","T","E","M","E","R","M","R","B",null,"M","?","M","$","?","R","E","R","T","?","R","?","M","E","R","B",null,"M","?","M","?","?","E","R","$","T","E","$","E","T","$","R","B",null,"R","$","E","B",null],"character_chosen":"IRONCLAD","items_purchased":["True Grit","Dropkick","Bag of Marbles","Bottled Lightning","Bottled Flame","Battle Trance+1","Inflame","Disarm+1","Strength Potion"],"campfire_rested":0,"item_purchase_floors":[4,4,21,42,45,45,45,48,53],"current_hp_per_floor":[80,80,80,80,80,80,65,65,65,51,57,57,57,63,63,34,80,72,56,62,62,50,50,54,54,54,54,54,63,51,48,48,33,80,74,74,76,55,64,70,70,70,70,76,76,76,76,76,76,44,76,76,76,76,10],"gold":74,"neow_bonus":"THREE_ENEMY_KILL","is_prod":false,"is_daily":false,"chose_seed":false,"campfire_upgraded":10,"win_rate":0,"timestamp":1544196220,"path_taken":["M","?","M","$","M","R","E","R","T","E","M","E","R","M","R","BOSS","M","?","M","$","?","R","E","R","T","?","R","?","M","E","R","BOSS","M","?","M","?","?","E","R","$","T","E","$","E","?","?","R","BOSS","R","$","E","BOSS"],"build_version":"2018-12-06","purchased_purges":3,"victory":true,"max_hp_per_floor":[80,80,80,80,80,80,80,80,80,80,80,80,80,80,80,80,80,80,80,80,80,80,80,80,80,80,80,80,80,80,80,80,80,80,80,76,76,76,76,76,76,76,76,76,76,76,76,76,76,76,76,76,76,76,76],"card_choices":[{"not_picked":["Wild Strike","Shrug It Off"],"picked":"Pommel Strike","floor":1.0},{"not_picked":["Clash","Pommel Strike"],"picked":"Cleave","floor":3.0},{"not_picked":["Dual Wield","Entrench","Anger"],"picked":"SKIP","floor":5.0},{"not_picked":["Fiend Fire","Perfected Strike"],"picked":"Sword Boomerang","floor":7.0},{"not_picked":["Fire Breathing","Ghostly Armor"],"picked":"Shrug It Off","floor":10.0},{"not_picked":["Sentinel","Headbutt","Perfected Strike"],"picked":"SKIP","floor":11.0},{"not_picked":["Anger","Shrug It Off","Rage"],"picked":"SKIP","floor":12.0},{"not_picked":["Thunderclap","Warcry"],"picked":"Whirlwind","floor":14.0},{"not_picked":["Dark Embrace","Feed"],"picked":"Demon Form","floor":16.0},{"not_picked":["Thunderclap","True Grit"],"picked":"Shockwave","floor":18.0},{"not_picked":["Wild Strike+1","Clash","Twin Strike"],"picked":"SKIP","floor":20.0},{"not_picked":["Armaments","Wild Strike"],"picked":"Flex","floor":22.0},{"not_picked":["Seeing Red+1","Headbutt","Armaments"],"picked":"SKIP","floor":24.0},{"not_picked":["Twin Strike","Armaments"],"picked":"Limit Break","floor":30.0},{"not_picked":["Carnage","Evolve","Dropkick"],"picked":"SKIP","floor":31.0},{"not_picked":["Demon Form","Dark Embrace"],"picked":"Feed","floor":33.0},{"not_picked":["Heavy Blade+1","Uppercut+1","Havoc"],"picked":"SKIP","floor":35.0},{"not_picked":["Burning Pact","Flex+1"],"picked":"Shrug It Off+1","floor":37.0},{"not_picked":["Shrug It Off","Cleave+1"],"picked":"Offering","floor":39.0},{"not_picked":["Hemokinesis+1","Brutality","Shockwave"],"picked":"SKIP","floor":40.0},{"not_picked":["Sentinel+1","Anger","Cleave"],"picked":"SKIP","floor":44.0},{"not_picked":["Entrench+1","Blood for Blood+1","Anger+1"],"picked":"SKIP","floor":46.0},{"not_picked":["Power Through+1","Armaments+1"],"picked":"Impervious+1","floor":54.0}],"player_experience":574207,"relics_obtained":[{"floor":7.0,"key":"Oddly Smooth Stone"},{"floor":9.0,"key":"Bronze Scales"},{"floor":10.0,"key":"PreservedInsect"},{"floor":12.0,"key":"Ancient Tea Set"},{"floor":19.0,"key":"Necronomicon"},{"floor":22.0,"key":"Nunchaku"},{"floor":22.0,"key":"Blue Candle"},{"floor":24.0,"key":"MawBank"},{"floor":26.0,"key":"Magic Flower"},{"floor":29.0,"key":"Red Mask"},{"floor":31.0,"key":"Self Forming Clay"},{"floor":38.0,"key":"Ice Cream"},{"floor":39.0,"key":"FossilizedHelix"},{"floor":40.0,"key":"Lantern"},{"floor":43.0,"key":"Happy Flower"},{"floor":44.0,"key":"Toxic Egg 2"},{"floor":46.0,"key":"Omamori"},{"floor":54.0,"key":"Shuriken"}],"event_choices":[{"cards_removed":["Strike_R"],"damage_healed":0.0,"max_hp_gain":0.0,"max_hp_loss":0.0,"gold_gain":0.0,"event_name":"Bonfire Elementals","player_choice":"Offered Basic","floor":2.0,"gold_loss":0.0,"damage_taken":0.0},{"damage_healed":0.0,"max_hp_gain":0.0,"max_hp_loss":0.0,"gold_gain":0.0,"event_name":"Cursed Tome","player_choice":"Obtained Book","floor":19.0,"gold_loss":0.0,"damage_taken":16.0},{"damage_healed":0.0,"max_hp_gain":0.0,"max_hp_loss":0.0,"gold_gain":0.0,"event_name":"Colosseum","player_choice":"Fight","floor":22.0,"gold_loss":0.0,"damage_taken":0.0},{"damage_healed":0.0,"max_hp_gain":0.0,"max_hp_loss":0.0,"gold_gain":0.0,"event_name":"Colosseum","player_choice":"Fought Nobs","floor":22.0,"gold_loss":0.0,"damage_taken":0.0},{"damage_healed":0.0,"max_hp_gain":0.0,"max_hp_loss":0.0,"gold_gain":99.0,"event_name":"Nest","player_choice":"Stole From Cult","floor":27.0,"gold_loss":0.0,"damage_taken":0.0},{"damage_healed":0.0,"max_hp_gain":0.0,"max_hp_loss":0.0,"gold_gain":0.0,"event_name":"Masked Bandits","player_choice":"Fought Bandits","floor":29.0,"gold_loss":0.0,"damage_taken":0.0},{"damage_healed":0.0,"max_hp_gain":0.0,"max_hp_loss":4.0,"gold_gain":0.0,"event_name":"Winding Halls","player_choice":"Max HP","floor":36.0,"gold_loss":0.0,"damage_taken":0.0},{"damage_healed":0.0,"max_hp_gain":0.0,"max_hp_loss":0.0,"gold_gain":0.0,"event_name":"Mysterious Sphere","player_choice":"Fight","floor":38.0,"gold_loss":0.0,"damage_taken":0.0},{"damage_healed":0.0,"max_hp_gain":0.0,"max_hp_loss":0.0,"gold_gain":0.0,"event_name":"MindBloom","player_choice":"Fight","floor":39.0,"gold_loss":0.0,"damage_taken":0.0}],"is_beta":false,"boss_relics":[{"not_picked":["Black Blood","Calling Bell"],"picked":"Mark of Pain"},{"not_picked":["Coffee Dripper","Runic Pyramid"],"picked":"Philosopher\u0027s Stone"}],"items_purged_floors":[21,42,45],"is_endless":false,"potions_floor_spawned":[3,5,11,14,18,24,30,35,38,40],"ascension_level":1}