{"gold_per_floor":[117,117,127,138,155,182,193,205,205,205,205],"floor_reached":11,"playtime":1017,"items_purged":[],"score":100,"play_id":"0dad46f7-c74a-4a35-8215-b6bc0f258f75","local_time":"20190805204800","is_ascension_mode":true,"campfire_choices":[{"data":"Flame Barrier","floor":10,"key":"SMITH"}],"neow_cost":"NONE","seed_source_timestamp":1818707683221000,"circlet_count":0,"master_deck":["Strike_R","Strike_R","Strike_R","Strike_R","Strike_R","Defend_R","Defend_R","Defend_R","Defend_R","Bash","Flame Barrier+1","Clothesline","Power Through","Limit Break","Inflame","Intimidate"],"relics":["Burning Blood","Bag of Marbles","Nunchaku","Oddly Smooth Stone"],"potions_floor_usage":[7,11,11],"damage_taken":[{"damage":0,"enemies":"Small Slimes","floor":1,"turns":3},{"damage":1,"enemies":"Cultist","floor":3,"turns":3},{"damage":3,"enemies":"2 Louse","floor":4,"turns":3},{"damage":10,"enemies":"Red Slaver","floor":5,"turns":5},{"damage":57,"enemies":"3 Sentries","floor":6,"turns":13},{"damage":0,"enemies":"Exordium Wildlife","floor":7,"turns":5},{"damage":8,"enemies":"3 Louse","floor":8,"turns":5},{"damage":33,"enemies":"Gremlin Nob","floor":11,"turns":4}],"seed_played":"7887274823096853142","potions_obtained":[{"floor":1,"key":"Fire Potion"},{"floor":7,"key":"Regen Potion"},{"floor":8,"key":"FearPotion"}],"is_trial":false,"path_per_floor":["M","?","M","M","M","E","M","M","T","R","E"],"character_chosen":"IRONCLAD","items_purchased":[],"campfire_rested":0,"item_purchase_floors":[],"current_hp_per_floor":[78,70,75,78,74,23,29,27,27,27,0],"gold":205,"neow_bonus":"RANDOM_COMMON_RELIC","is_prod":false,"is_daily":false,"chose_seed":false,"campfire_upgraded":1,"win_rate":0,"timestamp":1565052480,"path_taken":["M","?","M","M","?","E","M","M","T","R","E"],"build_version":"2019-07-17","purchased_purges":0,"victory":false,"max_hp_per_floor":[80,80,80,80,80,80,80,80,80,80,80],"card_choices":[{"not_picked":["Pommel Strike","Iron Wave"],"picked":"Flame Barrier","floor":1},{"not_picked":["Havoc","Clash","Perfected Strike"],"picked":"SKIP","floor":3},{"not_picked":["Warcry","True Grit"],"picked":"Clothesline","floor":4},{"not_picked":["Havoc","Clash"],"picked":"Power Through","floor":5},{"not_picked":["Sever Soul","Heavy Blade"],"picked":"Limit Break","floor":6},{"not_picked":["True Grit","Iron Wave"],"picked":"Inflame","floor":7},{"not_picked":["Thunderclap","Sever Soul"],"picked":"Intimidate","floor":8}],"player_experience":534053,"relics_obtained":[{"floor":6,"key":"Nunchaku"},{"floor":9,"key":"Oddly Smooth Stone"}],"event_choices":[{"damage_healed":0,"gold_gain":0,"player_choice":"Damaged","damage_taken":8,"max_hp_gain":0,"max_hp_loss":0,"event_name":"Wheel of Change","floor":2,"gold_loss":0}],"is_beta":false,"boss_relics":[],"items_purged_floors":[],"is_endless":false,"potions_floor_spawned":[1,7,8],"killed_by":"Gremlin Nob","ascension_level":6}