{"gold_per_floor":[109,109,129,60,74,112,112,187,212,177,191,191,224,254,254,374,374,365,365,365,388,407,407,43,82,82,82],"floor_reached":27,"playtime":1728,"items_purged":["Strike_G"],"score":275,"play_id":"c79ec466-b63e-4657-a05c-26559b351b79","local_time":"20190722170825","is_ascension_mode":true,"campfire_choices":[{"data":"Noxious Fumes","floor":7.0,"key":"SMITH"},{"data":"Finisher","floor":12.0,"key":"SMITH"},{"floor":15.0,"key":"REST"},{"floor":23,"key":"REST"}],"neow_cost":"NONE","seed_source_timestamp":0,"circlet_count":0,"master_deck":["Strike_G","Strike_G","Strike_G","Strike_G","Defend_G","Defend_G","Defend_G","Defend_G","Defend_G","Survivor","Neutralize","Blade Dance","Finisher+1","Noxious Fumes+1","Dagger Spray","Heel Hook","Blade Dance","Caltrops","A Thousand Cuts","Blade Dance","Backstab","Well Laid Plans","Cloak And Dagger","Noxious Fumes","Dodge and Roll","Footwork","Caltrops+1","Cloak And Dagger"],"special_seed":0,"relics":["Ring of the Snake","Golden Idol","Juzu Bracelet","Orichalcum","Ninja Scroll","Tiny Chest","Orrery","Tough Bandages","Shuriken","Happy Flower","Centennial Puzzle"],"potions_floor_usage":[22,25],"damage_taken":[{"damage":1.0,"enemies":"2 Louse","floor":1.0,"turns":3.0},{"damage":0.0,"enemies":"Small Slimes","floor":3.0,"turns":4.0},{"damage":1.0,"enemies":"Cultist","floor":5.0,"turns":3.0},{"damage":10.0,"enemies":"Gremlin Nob","floor":6.0,"turns":3.0},{"damage":6.0,"enemies":"Gremlin Gang","floor":11.0,"turns":3.0},{"damage":40.0,"enemies":"Lagavulin","floor":13.0,"turns":6.0},{"damage":8.0,"enemies":"Hexaghost","floor":16.0,"turns":9.0},{"damage":20.0,"enemies":"2 Thieves","floor":18.0,"turns":4.0},{"damage":25,"enemies":"Shell Parasite","floor":21,"turns":6},{"damage":13,"enemies":"3 Cultists","floor":22,"turns":5},{"damage":31,"enemies":"Slavers","floor":25,"turns":5},{"damage":8,"enemies":"Colosseum Slavers","floor":27,"turns":1}],"seed_played":"8084394418204280882","potions_obtained":[{"floor":0.0,"key":"Swift Potion"},{"floor":0.0,"key":"FairyPotion"},{"floor":0.0,"key":"GamblersBrew"},{"floor":1.0,"key":"Explosive Potion"},{"floor":6.0,"key":"Ancient Potion"},{"floor":18,"key":"AttackPotion"},{"floor":25,"key":"EntropicBrew"}],"is_trial":false,"path_per_floor":["M","?","M","$","M","E","R","?","T","?","M","R","E","?","R","B",null,"M","T","?","M","M","R","$","E","T","?"],"character_chosen":"THE_SILENT","items_purchased":["Noxious Fumes","Shuriken","Fire Potion"],"campfire_rested":2,"item_purchase_floors":[4,24,24],"current_hp_per_floor":[69,52,52,52,51,41,41,30,30,47,41,41,1,1,22,14,70,50,50,50,25,12,33,33,2,2,0],"gold":82,"neow_bonus":"THREE_SMALL_POTIONS","is_prod":false,"is_daily":false,"chose_seed":false,"campfire_upgraded":2,"win_rate":0,"timestamp":1563808105,"path_taken":["M","?","M","$","M","E","R","?","T","?","M","R","E","?","R","BOSS","M","?","?","M","M","R","$","E","T","?"],"build_version":"2019-07-17","purchased_purges":1,"victory":false,"max_hp_per_floor":[70,70,70,70,70,70,70,70,70,70,70,70,70,70,70,70,70,70,70,70,70,70,70,70,70,70,70],"card_choices":[{"not_picked":["Deflect","Accuracy"],"picked":"Blade Dance","floor":1.0},{"not_picked":["Outmaneuver","Deadly Poison"],"picked":"Finisher","floor":3.0},{"not_picked":["Dagger Throw","Outmaneuver"],"picked":"Dagger Spray","floor":5.0},{"not_picked":["Underhanded Strike","Prepared"],"picked":"Heel Hook","floor":6.0},{"not_picked":["Underhanded Strike","Outmaneuver"],"picked":"Blade Dance","floor":11.0},{"not_picked":["Masterful Stab","Backflip"],"picked":"Caltrops","floor":13.0},{"not_picked":["Doppelganger","Tools of the Trade"],"picked":"A Thousand Cuts","floor":16.0},{"not_picked":["Bouncing Flask","Dagger Throw"],"picked":"Blade Dance","floor":17.0},{"not_picked":["Deadly Poison","Dagger Throw"],"picked":"Backstab","floor":17.0},{"not_picked":["Dagger Spray","Deflect"],"picked":"Well Laid Plans","floor":17.0},{"not_picked":["Poisoned Stab","Backstab"],"picked":"Cloak And Dagger","floor":17.0},{"not_picked":["Predator","Dodge and Roll"],"picked":"Noxious Fumes","floor":17.0},{"not_picked":["Predator","Dagger Spray"],"picked":"Dodge and Roll","floor":18},{"not_picked":["Deadly Poison","Reflex"],"picked":"Caltrops+1","floor":21},{"not_picked":["Reflex","Underhanded Strike+1","Quick Slash"],"picked":"SKIP","floor":22},{"not_picked":["Dagger Spray","Burst"],"picked":"Cloak And Dagger","floor":25}],"player_experience":557609,"relics_obtained":[{"floor":6.0,"key":"Juzu Bracelet"},{"floor":9.0,"key":"Orichalcum"},{"floor":13.0,"key":"Ninja Scroll"},{"floor":19,"key":"Tough Bandages"},{"floor":25,"key":"Happy Flower"},{"floor":26,"key":"Centennial Puzzle"}],"event_choices":[{"damage_healed":0.0,"max_hp_gain":0.0,"max_hp_loss":0.0,"gold_gain":0.0,"event_name":"Golden Idol","player_choice":"Take Damage","floor":2.0,"gold_loss":0.0,"damage_taken":17.0,"relics_obtained":["Golden Idol"]},{"damage_healed":0.0,"max_hp_gain":0.0,"max_hp_loss":0.0,"gold_gain":75.0,"event_name":"World of Goop","player_choice":"Gather Gold","floor":8.0,"gold_loss":0.0,"damage_taken":11.0},{"damage_healed":17.0,"max_hp_gain":0.0,"max_hp_loss":0.0,"gold_gain":0.0,"event_name":"The Cleric","player_choice":"Healed","floor":10.0,"gold_loss":35.0,"damage_taken":0.0},{"damage_healed":0.0,"max_hp_gain":0.0,"max_hp_loss":0.0,"gold_gain":0.0,"event_name":"WeMeetAgain","player_choice":"Gave Potion","floor":14.0,"gold_loss":0.0,"damage_taken":0.0,"relics_obtained":["Tiny Chest"]},{"damage_healed":0,"gold_gain":0,"player_choice":"Read","damage_taken":0,"max_hp_gain":0,"max_hp_loss":0,"event_name":"The Library","floor":20,"gold_loss":0,"cards_obtained":["Footwork"]},{"damage_healed":0,"gold_gain":0,"player_choice":"Fight","damage_taken":0,"max_hp_gain":0,"max_hp_loss":0,"event_name":"Colosseum","floor":27,"gold_loss":0}],"is_beta":false,"boss_relics":[{"not_picked":["Snecko Eye","HoveringKite"],"picked":"Orrery"}],"items_purged_floors":[24],"is_endless":false,"potions_floor_spawned":[1,5,6,18,25],"killed_by":"Colosseum Slavers","ascension_level":3}