{"gold_per_floor":[210,285,335,346,357,357,412,430,457,457,122,137,157,171,171,245,245,256,283,298,318,334,334,369,384,455,455,370,370,370,383,383,383],"floor_reached":33,"playtime":1570,"items_purged":[],"score":642,"play_id":"9d0f8e25-5127-40b0-a46d-0cc8e305b8ec","local_time":"20190730161659","is_ascension_mode":true,"campfire_choices":[{"data":"Bash","floor":6,"key":"SMITH"},{"floor":10,"key":"REST"},{"floor":15,"key":"REST"},{"data":"Perfected Strike","floor":23,"key":"SMITH"},{"data":"Perfected Strike","floor":27,"key":"SMITH"},{"data":"Disarm","floor":30,"key":"SMITH"},{"floor":32,"key":"REST"}],"neow_cost":"NONE","seed_source_timestamp":79336685302238,"circlet_count":0,"master_deck":["AscendersBane","Strike_R","Strike_R","Strike_R","Strike_R","Strike_R","Defend_R","Defend_R","Defend_R","Defend_R","Bash+1","Clothesline","Perfected Strike+1","Dropkick","Offering","Combust","Pommel Strike","Shrug It Off","Immolate","Impervious","Perfected Strike+1","Pommel Strike","Disarm+1"],"relics":["Burning Blood","Tiny Chest","Bag of Marbles","Paper Frog","Sozu","Oddly Smooth Stone","Strawberry","Kunai","Letter Opener"],"potions_floor_usage":[7,12,16,24],"damage_taken":[{"damage":12,"enemies":"Small Slimes","floor":1,"turns":4},{"damage":1,"enemies":"Cultist","floor":4,"turns":3},{"damage":9,"enemies":"2 Louse","floor":5,"turns":3},{"damage":32,"enemies":"Gremlin Nob","floor":7,"turns":4},{"damage":12,"enemies":"Looter","floor":8,"turns":2},{"damage":20,"enemies":"Exordium Thugs","floor":12,"turns":3},{"damage":21,"enemies":"3 Louse","floor":13,"turns":3},{"damage":11,"enemies":"Blue Slaver","floor":14,"turns":3},{"damage":8,"enemies":"Slime Boss","floor":16,"turns":4},{"damage":6,"enemies":"3 Byrds","floor":18,"turns":4},{"damage":9,"enemies":"Chosen","floor":20,"turns":4},{"damage":35,"enemies":"Sentry and Sphere","floor":21,"turns":6},{"damage":8,"enemies":"Cultist and Chosen","floor":22,"turns":3},{"damage":16,"enemies":"Book of Stabbing","floor":24,"turns":3},{"damage":6,"enemies":"Chosen and Byrds","floor":25,"turns":4},{"damage":23,"enemies":"Sentry and Sphere","floor":31,"turns":4},{"damage":34,"enemies":"Automaton","floor":33,"turns":5}],"seed_played":"-7623632418774404074","potions_obtained":[{"floor":1,"key":"Strength Potion"},{"floor":5,"key":"PowerPotion"},{"floor":7,"key":"Regen Potion"},{"floor":12,"key":"Weak Potion"}],"is_trial":false,"path_per_floor":["M","?","?","M","M","R","E","M","T","R","$","M","M","M","R","B",null,"M","T","M","M","M","R","E","M","T","R","?","?","R","M","R","B"],"character_chosen":"IRONCLAD","items_purchased":["Paper Frog","Pommel Strike"],"campfire_rested":3,"item_purchase_floors":[11,11],"current_hp_per_floor":[62,51,44,49,46,46,20,14,14,36,36,31,16,11,33,31,64,64,64,61,32,30,30,27,27,27,27,27,27,27,10,34,0],"gold":383,"neow_bonus":"HUNDRED_GOLD","is_prod":false,"is_daily":false,"chose_seed":false,"campfire_upgraded":4,"win_rate":0,"timestamp":1564517819,"path_taken":["M","?","?","M","M","R","E","M","T","R","$","M","M","M","R","BOSS","M","?","?","M","M","R","E","M","T","R","?","?","R","M","R","BOSS"],"build_version":"2019-07-17","purchased_purges":0,"victory":false,"max_hp_per_floor":[75,75,75,75,75,75,75,75,75,75,75,75,75,75,75,75,75,75,75,75,75,75,75,82,82,82,82,82,82,82,82,82,82],"card_choices":[{"not_picked":["Second Wind","Infernal Blade"],"picked":"Clothesline","floor":1},{"not_picked":["Anger","Dual Wield"],"picked":"Perfected Strike","floor":4},{"not_picked":["Clash","Warcry"],"picked":"Dropkick","floor":5},{"not_picked":["Rage","Thunderclap"],"picked":"Offering","floor":7},{"not_picked":["True Grit","Flex"],"picked":"Combust","floor":8},{"not_picked":["Thunderclap","Body Slam"],"picked":"Shrug It Off","floor":12},{"not_picked":["True Grit","Body Slam","Clash"],"picked":"SKIP","floor":13},{"not_picked":["True Grit","Sever Soul"],"picked":"Immolate","floor":14},{"not_picked":["Limit Break","Berserk"],"picked":"Impervious","floor":16},{"not_picked":["Pummel+1","Anger"],"picked":"Perfected Strike","floor":18},{"not_picked":["Twin Strike","Inflame"],"picked":"Pommel Strike","floor":20},{"not_picked":["Spot Weakness","Clothesline","True Grit"],"picked":"SKIP","floor":21},{"not_picked":["Pummel","Heavy Blade","Hemokinesis"],"picked":"SKIP","floor":22},{"not_picked":["Whirlwind","Armaments"],"picked":"Disarm","floor":24},{"not_picked":["Sever Soul","Heavy Blade","True Grit"],"picked":"SKIP","floor":25},{"not_picked":["Heavy Blade","Rampage","Cleave"],"picked":"SKIP","floor":31}],"player_experience":2527014,"relics_obtained":[{"floor":7,"key":"Tiny Chest"},{"floor":9,"key":"Bag of Marbles"},{"floor":19,"key":"Oddly Smooth Stone"},{"floor":24,"key":"Strawberry"},{"floor":26,"key":"Kunai"}],"event_choices":[{"damage_healed":0,"gold_gain":75,"player_choice":"Gather Gold","damage_taken":11,"max_hp_gain":0,"max_hp_loss":0,"event_name":"World of Goop","floor":2,"gold_loss":0},{"damage_healed":0,"gold_gain":50,"player_choice":"Touch","damage_taken":7,"max_hp_gain":0,"max_hp_loss":0,"event_name":"FaceTrader","floor":3,"gold_loss":0},{"damage_healed":0,"gold_gain":0,"player_choice":"Obtained Relic","damage_taken":0,"relics_obtained":["Letter Opener"],"max_hp_gain":0,"max_hp_loss":0,"event_name":"Addict","floor":28,"gold_loss":85},{"damage_healed":0,"gold_gain":0,"player_choice":"Got Potions","damage_taken":0,"max_hp_gain":0,"max_hp_loss":0,"event_name":"Lab","floor":29,"gold_loss":0}],"is_beta":false,"boss_relics":[{"not_picked":["Ectoplasm","Black Star"],"picked":"Sozu"}],"items_purged_floors":[],"is_endless":false,"potions_floor_spawned":[1,5,7,12,18,22,25,31],"killed_by":"Automaton","ascension_level":20}