{"gold_per_floor":[118,135,26,26,26,26,54,54,79,114,5,16,31,49,49,152,152,164,178,0,0,0],"floor_reached":22,"playtime":1033,"items_purged":["Strike_B"],"score":243,"play_id":"04db1fbc-2be7-47a5-a902-07c756dca151","local_time":"20180910155954","is_ascension_mode":true,"campfire_choices":[{"data":"Defragment","floor":6,"key":"SMITH"},{"data":"Zap","floor":8,"key":"SMITH"},{"data":"Defragment","floor":15,"key":"SMITH"}],"neow_cost":"NONE","seed_source_timestamp":16767060961416,"circlet_count":0,"master_deck":["Strike_B","Strike_B","Defend_B","Defend_B","Defend_B","Defend_B","Zap+1","Dualcast+1","Chill","Go for the Eyes","Defragment+1","Core Surge","Defragment+1","Defragment","Chill","Gash","Echo Form","Undo+1"],"relics":["Cracked Core","Potion Belt","Singing Bowl","Omamori","Question Card","Philosopher\u0027s Stone"],"potions_floor_usage":[7,18,19,22],"damage_taken":[{"damage":8,"enemies":"2 Louse","floor":1,"turns":3},{"damage":0,"enemies":"Cultist","floor":2,"turns":4},{"damage":5,"enemies":"Lagavulin","floor":7,"turns":6},{"damage":7,"enemies":"3 Sentries","floor":10,"turns":11},{"damage":0,"enemies":"Small Slimes","floor":12,"turns":4},{"damage":0,"enemies":"Blue Slaver","floor":13,"turns":3},{"damage":13,"enemies":"Lots of Slimes","floor":14,"turns":4},{"damage":1,"enemies":"The Guardian","floor":16,"turns":10},{"damage":7,"enemies":"Spheric Guardian","floor":18,"turns":4},{"damage":57,"enemies":"3 Byrds","floor":19,"turns":7},{"damage":10,"enemies":"Colosseum Slavers","floor":22,"turns":1}],"seed_played":"-5064787070269905966","potions_obtained":[{"floor":1,"key":"Fire Potion"},{"floor":2,"key":"SpeedPotion"},{"floor":12,"key":"Dexterity Potion"},{"floor":14,"key":"Swift Potion"}],"is_trial":false,"path_per_floor":["M","M","$","?","?","R","E","R","T","E","$","M","M","M","R","B",null,"M","M","?","?"],"character_chosen":"DEFECT","items_purchased":["Defragment","Defragment","Chill"],"campfire_rested":0,"item_purchase_floors":[3,11,11],"current_hp_per_floor":[67,67,67,67,67,67,62,62,62,55,55,57,59,46,46,45,71,64,9,9,9,0],"gold":0,"neow_bonus":"RANDOM_COMMON_RELIC","is_prod":false,"is_daily":false,"chose_seed":false,"campfire_upgraded":3,"win_rate":0,"timestamp":1536620394,"path_taken":["M","M","$","?","?","R","E","R","T","E","$","?","M","M","R","BOSS","M","M","?","?","?"],"build_version":"2018-09-06","purchased_purges":1,"victory":false,"max_hp_per_floor":[75,75,75,75,75,75,75,75,75,75,75,77,79,79,79,79,79,79,81,81,81,81],"card_choices":[{"not_picked":["Leap","Blizzard"],"picked":"Chill","floor":1},{"not_picked":["Coolheaded","Hologram"],"picked":"Go for the Eyes","floor":2},{"not_picked":["Sweeping Beam","Force Field"],"picked":"Core Surge","floor":7},{"not_picked":["Glacier","Consume"],"picked":"Defragment","floor":10},{"not_picked":["Static Discharge","Beam Cell","Barrage","Redo"],"picked":"Singing Bowl","floor":12},{"not_picked":["Sweeping Beam","Conserve Battery","Rebound","Capacitor"],"picked":"Singing Bowl","floor":13},{"not_picked":["Blizzard","Sweeping Beam","FTL"],"picked":"Gash","floor":14},{"not_picked":["Rainbow","Buffer","Creative AI"],"picked":"Echo Form","floor":16},{"not_picked":["Sweeping Beam","Skim","Stack"],"picked":"Undo+1","floor":18},{"not_picked":["Force Field","Cold Snap+1","Hologram","Conserve Battery"],"picked":"Singing Bowl","floor":19}],"player_experience":281199,"relics_obtained":[{"floor":7,"key":"Singing Bowl"},{"floor":9,"key":"Omamori"},{"floor":10,"key":"Question Card"}],"event_choices":[{"event_name":"Purifier","player_choice":"One Purge","floor":4,"damage_taken":0},{"event_name":"Upgrade Shrine","player_choice":"Upgraded","floor":5,"damage_taken":0},{"event_name":"Masked Bandits","player_choice":"Paid Fearfully","floor":20,"damage_taken":0},{"event_name":"Forgotten Altar","player_choice":"Smashed Altar","floor":21,"damage_taken":0},{"event_name":"Colosseum","player_choice":"Fight","floor":22,"damage_taken":0}],"is_beta":false,"boss_relics":[{"not_picked":["White Beast Statue","Tiny House"],"picked":"Philosopher\u0027s Stone"}],"items_purged_floors":[3],"is_endless":false,"potions_floor_spawned":[1,2,12,14],"killed_by":"Colosseum Slavers","ascension_level":5}