{"gold_per_floor":[114,133,146,164,144,144,160,160,187,212,224,249,281,313,325,438,450,474,498,435,435,452,452],"floor_reached":23,"playtime":5618,"items_purged":["Strike_R"],"score":197,"play_id":"678f37b8-8583-4014-a693-18d502ff233a","local_time":"20190602223946","is_ascension_mode":false,"campfire_choices":[{"data":"Armaments","floor":6,"key":"SMITH"},{"data":"Bash","floor":8,"key":"SMITH"},{"data":"Shockwave","floor":11,"key":"SMITH"},{"data":"Headbutt","floor":15,"key":"SMITH"}],"neow_cost":"NONE","seed_source_timestamp":28593248045879,"circlet_count":0,"master_deck":["Strike_R","Strike_R","Defend_R","Defend_R","Defend_R","Defend_R","Bash+1","Armaments+1","Battle Trance","Disarm","Headbutt+1","Shockwave+1","Feel No Pain","Feel No Pain","Dark Embrace","Burning Pact","Warcry","Limit Break"],"relics":["Burning Blood","Oddly Smooth Stone","Pen Nib","MawBank","Philosopher\u0027s Stone"],"potions_floor_usage":[10,13,16,16],"damage_taken":[{"damage":0,"enemies":"2 Louse","floor":1,"turns":2},{"damage":0,"enemies":"Cultist","floor":2,"turns":4},{"damage":1,"enemies":"Jaw Worm","floor":3,"turns":4},{"damage":6,"enemies":"Blue Slaver","floor":4,"turns":7},{"damage":6,"enemies":"2 Fungi Beasts","floor":7,"turns":4},{"damage":24,"enemies":"3 Sentries","floor":10,"turns":6},{"damage":4,"enemies":"Red Slaver","floor":12,"turns":5},{"damage":0,"enemies":"3 Louse","floor":13,"turns":3},{"damage":12,"enemies":"2 Fungi Beasts","floor":14,"turns":4},{"damage":17,"enemies":"Hexaghost","floor":16,"turns":10},{"damage":24,"enemies":"3 Byrds","floor":18,"turns":8},{"damage":2,"enemies":"Chosen","floor":19,"turns":6},{"damage":39,"enemies":"Sentry and Sphere","floor":22,"turns":12},{"damage":40,"enemies":"Slavers","floor":23,"turns":2}],"seed_played":"6217153534510218930","potions_obtained":[{"floor":2,"key":"Block Potion"},{"floor":3,"key":"Fire Potion"},{"floor":5,"key":"Energy Potion"},{"floor":7,"key":"AttackPotion"},{"floor":12,"key":"LiquidBronze"},{"floor":14,"key":"Swift Potion"},{"floor":18,"key":"EssenceOfSteel"}],"is_trial":false,"path_per_floor":["M","M","M","M","?","R","M","R","T","E","R","M","M","M","R","B",null,"M","M","$","?","M","E"],"character_chosen":"IRONCLAD","items_purchased":[],"campfire_rested":0,"item_purchase_floors":[],"current_hp_per_floor":[80,80,80,80,80,80,80,80,80,62,62,64,70,64,64,53,80,62,66,66,66,33,0],"gold":452,"neow_bonus":"RANDOM_COMMON_RELIC","is_prod":false,"is_daily":false,"chose_seed":false,"campfire_upgraded":4,"win_rate":0,"timestamp":1559507986,"path_taken":["M","M","M","M","?","R","M","R","T","E","R","M","?","M","R","BOSS","M","M","$","?","M","E"],"build_version":"2019-01-23","purchased_purges":1,"victory":false,"max_hp_per_floor":[80,80,80,80,80,80,80,80,80,80,80,80,80,80,80,80,80,80,80,80,80,80,80],"card_choices":[{"not_picked":["True Grit","Anger"],"picked":"Armaments","floor":1},{"not_picked":["Heavy Blade","Dual Wield"],"picked":"Battle Trance","floor":2},{"not_picked":["Dual Wield","Wild Strike"],"picked":"Disarm","floor":3},{"not_picked":["Pommel Strike","Clothesline"],"picked":"Headbutt","floor":4},{"not_picked":["Infernal Blade","Headbutt","Reckless Charge"],"picked":"SKIP","floor":7},{"not_picked":["Rupture","Searing Blow"],"picked":"Shockwave","floor":10},{"not_picked":["Shrug It Off","Wild Strike"],"picked":"Feel No Pain","floor":12},{"not_picked":["Headbutt","Sever Soul"],"picked":"Feel No Pain","floor":13},{"not_picked":["Combust","Body Slam","Twin Strike"],"picked":"SKIP","floor":14},{"not_picked":["Combust","Body Slam","Twin Strike"],"picked":"SKIP","floor":14},{"not_picked":["Offering","Barricade"],"picked":"Dark Embrace","floor":16},{"not_picked":["Iron Wave","Heavy Blade"],"picked":"Burning Pact","floor":18},{"not_picked":["Searing Blow","Power Through","Havoc"],"picked":"SKIP","floor":19},{"not_picked":["Pommel Strike","Shrug It Off","Headbutt"],"picked":"SKIP","floor":22}],"player_experience":379709,"relics_obtained":[{"floor":9,"key":"Pen Nib"},{"floor":10,"key":"MawBank"}],"event_choices":[{"damage_healed":0,"gold_gain":0,"player_choice":"Bought 1 Potion","damage_taken":0,"max_hp_gain":0,"max_hp_loss":0,"event_name":"The Woman in Blue","floor":5,"gold_loss":0},{"damage_healed":0,"gold_gain":0,"cards_transformed":["Strike_R","Strike_R"],"player_choice":"Became Test Subject","damage_taken":0,"max_hp_gain":0,"max_hp_loss":0,"event_name":"Drug Dealer","floor":21,"gold_loss":0,"cards_obtained":["Warcry","Limit Break"]}],"is_beta":false,"boss_relics":[{"not_picked":["Ectoplasm","Busted Crown"],"picked":"Philosopher\u0027s Stone"}],"items_purged_floors":[20],"is_endless":false,"potions_floor_spawned":[2,3,7,12,14,18],"killed_by":"Slavers","ascension_level":0}