{"gold_per_floor":[113,113,131,151,151,151,166,166,193,224,234,268,282,382,382,459,459,473,483,499,275,299,299,311,337,337,337,387,387],"floor_reached":29,"playtime":1016,"items_purged":["Strike_R"],"score":446,"play_id":"1223c776-0ea8-460e-a9d4-9b98f182e8d1","local_time":"20190505184700","is_ascension_mode":true,"campfire_choices":[{"data":"Offering","floor":6.0,"key":"SMITH"},{"data":"Ghostly Armor","floor":8.0,"key":"SMITH"},{"data":"Iron Wave","floor":15.0,"key":"SMITH"},{"floor":23.0,"key":"REST"},{"floor":27,"key":"REST"}],"neow_cost":"NONE","seed_source_timestamp":110554604549083,"circlet_count":0,"master_deck":["AscendersBane","Strike_R","Strike_R","Strike_R+1","Strike_R","Defend_R","Defend_R","Defend_R","Defend_R","Bash+1","Offering+1","Ghostly Armor+1","Dropkick+1","Cleave+1","Iron Wave+1","Shrug It Off","Reaper","Metallicize","Disarm","Metallicize"],"special_seed":0,"relics":["Burning Blood","Happy Flower","Anchor","Whetstone","Black Star","Regal Pillow","Bronze Scales","Du-Vu Doll","Blood Vial","PreservedInsect"],"potions_floor_usage":[25,25],"damage_taken":[{"damage":0.0,"enemies":"Small Slimes","floor":1.0,"turns":3.0},{"damage":0.0,"enemies":"Cultist","floor":3.0,"turns":4.0},{"damage":6.0,"enemies":"2 Louse","floor":4.0,"turns":2.0},{"damage":3.0,"enemies":"Blue Slaver","floor":7.0,"turns":2.0},{"damage":36.0,"enemies":"Lagavulin","floor":10.0,"turns":6.0},{"damage":0.0,"enemies":"Lots of Slimes","floor":11.0,"turns":1.0},{"damage":11.0,"enemies":"3 Sentries","floor":12.0,"turns":7.0},{"damage":0.0,"enemies":"3 Louse","floor":13.0,"turns":3.0},{"damage":46.0,"enemies":"Hexaghost","floor":16.0,"turns":11.0},{"damage":29.0,"enemies":"3 Byrds","floor":18.0,"turns":5.0},{"damage":17.0,"enemies":"Shell Parasite","floor":19.0,"turns":5.0},{"damage":19.0,"enemies":"Snake Plant","floor":20.0,"turns":4.0},{"damage":38,"enemies":"Shelled Parasite and Fungi","floor":24,"turns":7},{"damage":27,"enemies":"Book of Stabbing","floor":25,"turns":6},{"damage":56,"enemies":"Gremlin Leader","floor":29,"turns":4}],"seed_played":"5446459237044448251","potions_obtained":[{"floor":1.0,"key":"Poison Potion"},{"floor":4.0,"key":"SteroidPotion"},{"floor":12.0,"key":"Swift Potion"},{"floor":16.0,"key":"Fire Potion"},{"floor":18.0,"key":"Swift Potion"},{"floor":24,"key":"BloodPotion"}],"is_trial":false,"path_per_floor":["M","?","M","M","?","R","M","R","T","E","M","E","M","?","R","B",null,"M","M","M","$","T","R","M","E","T","R","?","E"],"character_chosen":"IRONCLAD","items_purchased":["Regal Pillow"],"campfire_rested":2,"item_purchase_floors":[21],"current_hp_per_floor":[74,74,75,75,75,75,75,75,75,45,51,46,52,52,52,12,59,44,33,20,20,20,57,25,15,15,52,52,0],"gold":387,"neow_bonus":"ONE_RANDOM_RARE_CARD","is_prod":false,"is_daily":false,"chose_seed":false,"campfire_upgraded":3,"win_rate":0,"timestamp":1557071220,"path_taken":["M","?","M","?","?","R","M","R","T","E","M","E","M","?","R","BOSS","M","M","?","$","?","R","M","E","T","R","?","E"],"build_version":"2019-01-23","purchased_purges":1,"victory":false,"max_hp_per_floor":[75,75,75,75,75,75,75,75,75,75,75,75,75,75,75,75,75,75,75,75,75,75,75,75,75,75,75,75,75],"card_choices":[{"not_picked":["Warcry","Pommel Strike"],"picked":"Ghostly Armor","floor":1.0},{"not_picked":["Carnage","Headbutt"],"picked":"Dropkick","floor":3.0},{"not_picked":["Wild Strike","Heavy Blade"],"picked":"Cleave","floor":4.0},{"not_picked":["Armaments","Perfected Strike","Reckless Charge"],"picked":"SKIP","floor":7.0},{"not_picked":["Power Through","Exhume"],"picked":"Iron Wave","floor":10.0},{"not_picked":["Cleave","Heavy Blade"],"picked":"Shrug It Off","floor":11.0},{"not_picked":["Double Tap","Whirlwind","Infernal Blade"],"picked":"SKIP","floor":12.0},{"not_picked":["Havoc","Armaments","Iron Wave"],"picked":"SKIP","floor":13.0},{"not_picked":["Double Tap","Immolate"],"picked":"Reaper","floor":16.0},{"not_picked":["Fire Breathing","Cleave","Pummel"],"picked":"SKIP","floor":18.0},{"not_picked":["Heavy Blade","Body Slam","Armaments"],"picked":"SKIP","floor":19.0},{"not_picked":["True Grit","Twin Strike"],"picked":"Metallicize","floor":20.0},{"not_picked":["Seeing Red","Rupture"],"picked":"Disarm","floor":24},{"not_picked":["Wild Strike","Evolve"],"picked":"Metallicize","floor":25}],"player_experience":876328,"relics_obtained":[{"floor":9.0,"key":"Happy Flower"},{"floor":10.0,"key":"Anchor"},{"floor":12.0,"key":"Whetstone"},{"floor":22.0,"key":"Bronze Scales"},{"floor":25,"key":"Du-Vu Doll"},{"floor":25,"key":"Blood Vial"},{"floor":26,"key":"PreservedInsect"}],"event_choices":[{"damage_healed":0.0,"max_hp_gain":0.0,"max_hp_loss":0.0,"gold_gain":0.0,"event_name":"Accursed Blacksmith","player_choice":"Forge","floor":2.0,"gold_loss":0.0,"damage_taken":0.0,"cards_upgraded":["Bash"]},{"damage_healed":0.0,"max_hp_gain":0.0,"max_hp_loss":0.0,"gold_gain":0.0,"event_name":"Living Wall","player_choice":"Grow","floor":5.0,"gold_loss":0.0,"damage_taken":0.0,"cards_upgraded":["Cleave"]},{"damage_healed":0.0,"max_hp_gain":0.0,"max_hp_loss":0.0,"gold_gain":100.0,"event_name":"Wheel of Change","player_choice":"Gold","floor":14.0,"gold_loss":0.0,"damage_taken":0.0},{"damage_healed":0,"gold_gain":50,"player_choice":"Stole From Cult","damage_taken":0,"max_hp_gain":0,"max_hp_loss":0,"event_name":"Nest","floor":28,"gold_loss":0}],"is_beta":false,"boss_relics":[{"not_picked":["Orrery","Snecko Eye"],"picked":"Black Star"}],"items_purged_floors":[21],"is_endless":false,"potions_floor_spawned":[1,4,10,12,16,18,19,24],"killed_by":"Gremlin Leader","ascension_level":15}