{"gold_per_floor":[412,205,69,80,80,80,115,132,132,144,156,197,225,264,276,362,374,396,33,33,44,44,44,134,164,188,258,258,269,289,22,22,98,98,111,123,143,18,35,35,55,55,135,135,135,0,17,17,17,17],"floor_reached":51,"playtime":989,"items_purged":["Strike_R","Strike_R","Strike_R"],"score":1196,"play_id":"e5068807-24ca-4358-9c49-4f61bc8740f2","local_time":"20180906190720","is_ascension_mode":true,"campfire_choices":[{"data":"Whirlwind","floor":6.0,"key":"SMITH"},{"data":"Uppercut","floor":11.0,"key":"SMITH"},{"data":"Sword Boomerang","floor":15.0,"key":"SMITH"},{"data":"Flex","floor":23.0,"key":"SMITH"},{"data":"Thunderclap","floor":28.0,"key":"SMITH"},{"data":"Inflame","floor":32.0,"key":"SMITH"},{"data":"Feed","floor":40,"key":"SMITH"},{"data":"Bash","floor":42,"key":"SMITH"},{"data":"Defend_R","floor":45,"key":"SMITH"},{"data":"Defend_R","floor":49,"key":"SMITH"}],"neow_cost":"TEN_PERCENT_HP_LOSS","seed_source_timestamp":22091107390337,"circlet_count":0,"master_deck":["Strike_R","Strike_R","Defend_R+1","Defend_R+1","Defend_R+1","Bash+1","AscendersBane","Uppercut+1","Whirlwind+1","Thunderclap+1","Flex+1","Inflame+1","Sword Boomerang+1","Feed+1","Pommel Strike+1","Inflame+1"],"special_seed":0,"relics":["Burning Blood","Old Coin","Happy Flower","Self Forming Clay","MawBank","War Paint","Blood Vial","Busted Crown","Paper Frog","Vajra","Potion Belt","Shuriken","Pen Nib","Velvet Choker","Bottled Lightning","Red Mask"],"potions_floor_usage":[50],"damage_taken":[{"damage":6.0,"enemies":"Cultist","floor":1.0,"turns":4.0},{"damage":4.0,"enemies":"Jaw Worm","floor":4.0,"turns":3.0},{"damage":25.0,"enemies":"3 Sentries","floor":7.0,"turns":5.0},{"damage":0.0,"enemies":"Small Slimes","floor":8.0,"turns":2.0},{"damage":19.0,"enemies":"Gremlin Nob","floor":12.0,"turns":4.0},{"damage":0.0,"enemies":"3 Louse","floor":13.0,"turns":2.0},{"damage":28.0,"enemies":"Slime Boss","floor":16.0,"turns":7.0},{"damage":1.0,"enemies":"Shell Parasite","floor":18.0,"turns":3.0},{"damage":0.0,"enemies":"Chosen","floor":21.0,"turns":3.0},{"damage":10.0,"enemies":"Gremlin Leader","floor":25.0,"turns":3.0},{"damage":18.0,"enemies":"Snake Plant","floor":29.0,"turns":2.0},{"damage":3.0,"enemies":"Cultist and Chosen","floor":30.0,"turns":4.0},{"damage":22.0,"enemies":"Collector","floor":33.0,"turns":4.0},{"damage":11.0,"enemies":"3 Shapes","floor":35.0,"turns":3.0},{"damage":12,"enemies":"Orb Walker","floor":36,"turns":2},{"damage":0,"enemies":"Sphere and 2 Shapes","floor":37,"turns":3},{"damage":18,"enemies":"3 Darklings","floor":39,"turns":3},{"damage":0,"enemies":"Maw","floor":41,"turns":4},{"damage":0,"enemies":"4 Shapes","floor":47,"turns":2},{"damage":64,"enemies":"Donu and Deca","floor":50,"turns":5}],"seed_played":"8403376148101350373","potions_obtained":[{"floor":1.0,"key":"Dexterity Potion"},{"floor":4.0,"key":"Poison Potion"},{"floor":5.0,"key":"SteroidPotion"},{"floor":16.0,"key":"Block Potion"},{"floor":25.0,"key":"SkillPotion"},{"floor":29.0,"key":"PowerPotion"},{"floor":33.0,"key":"Block Potion"},{"floor":35,"key":"Fire Potion"},{"floor":41,"key":"Swift Potion"}],"is_trial":false,"path_per_floor":["M","$","$","M","?","R","E","M","T","?","R","E","M","T","R","B",null,"M","$","?","M","$","R","?","E","T","T","R","M","M","$","R","B",null,"M","M","M","$","M","R","M","R","T","?","R","?","M","$","R","B"],"character_chosen":"IRONCLAD","items_purchased":["Whirlwind","Happy Flower","Thunderclap","Paper Frog","Pen Nib","Inflame"],"campfire_rested":0,"item_purchase_floors":[2,2,3,19,31,31],"current_hp_per_floor":[68,68,68,68,68,68,49,55,55,55,55,42,48,48,48,28,58,65,65,65,68,68,68,56,57,57,57,57,47,55,55,55,41,66,63,59,70,70,60,60,68,68,68,68,68,68,80,80,80,23],"gold":17,"neow_bonus":"ONE_RARE_RELIC","is_prod":false,"is_daily":false,"chose_seed":false,"campfire_upgraded":10,"win_rate":0,"timestamp":1536250040,"path_taken":["M","?","$","M","?","R","E","M","T","?","R","E","M","?","R","BOSS","M","$","?","M","?","R","?","E","T","?","R","M","?","$","R","BOSS","M","M","M","$","M","R","M","R","T","?","R","?","?","$","R","BOSS"],"build_version":"2018-08-30","purchased_purges":3,"victory":true,"max_hp_per_floor":[68,68,68,68,68,68,68,68,68,68,68,68,68,68,68,68,68,68,68,68,68,68,68,68,71,71,71,71,71,74,74,74,74,74,74,74,77,77,77,77,77,77,77,77,77,77,81,81,81,81],"card_choices":[{"not_picked":["Corruption","Dual Wield"],"picked":"Uppercut","floor":1.0},{"not_picked":["Uppercut","Combust"],"picked":"Flex","floor":4.0},{"not_picked":["Flame Barrier","Iron Wave"],"picked":"Inflame","floor":7.0},{"not_picked":["Clash","Body Slam","Burning Pact"],"picked":"SKIP","floor":8.0},{"not_picked":["Corruption","Perfected Strike"],"picked":"Sword Boomerang","floor":12.0},{"not_picked":["True Grit","Dual Wield","Armaments"],"picked":"SKIP","floor":13.0},{"not_picked":["Exhume","Juggernaut"],"picked":"Feed","floor":16.0},{"not_picked":["Pommel Strike+1"],"picked":"SKIP","floor":18.0},{"not_picked":[],"picked":"Pommel Strike+1","floor":18.0},{"not_picked":["Iron Wave"],"picked":"SKIP","floor":21.0},{"not_picked":["Clothesline"],"picked":"SKIP","floor":25.0},{"not_picked":["Shockwave"],"picked":"SKIP","floor":29.0},{"not_picked":["Demon Form"],"picked":"SKIP","floor":30.0},{"not_picked":["Second Wind"],"picked":"SKIP","floor":35},{"not_picked":["Whirlwind"],"picked":"SKIP","floor":36},{"not_picked":["Combust"],"picked":"SKIP","floor":37},{"not_picked":["Warcry"],"picked":"SKIP","floor":39},{"not_picked":["Bloodletting"],"picked":"SKIP","floor":41},{"not_picked":["True Grit"],"picked":"SKIP","floor":47}],"player_experience":456668,"relics_obtained":[{"floor":7.0,"key":"Self Forming Clay"},{"floor":9.0,"key":"MawBank"},{"floor":12.0,"key":"War Paint"},{"floor":14.0,"key":"Blood Vial"},{"floor":25.0,"key":"Vajra"},{"floor":26.0,"key":"Potion Belt"},{"floor":27.0,"key":"Shuriken"},{"floor":43,"key":"Bottled Lightning"}],"event_choices":[{"event_name":"The Lab","player_choice":"Got Potions","floor":5.0,"damage_taken":0.0},{"event_name":"Upgrade Shrine","player_choice":"Upgraded","floor":10.0,"damage_taken":0.0},{"event_name":"Vampires","player_choice":"Ignored","floor":20.0,"damage_taken":0.0},{"event_name":"Knowing Skull","player_choice":"GOLD ","floor":24.0,"damage_taken":0.0},{"event_name":"Falling","player_choice":"Removed Skill","floor":44,"damage_taken":0},{"event_name":"Tomb of Lord Red Mask","player_choice":"Paid","floor":46,"damage_taken":0}],"is_beta":false,"boss_relics":[{"not_picked":["Black Star","Runic Cube"],"picked":"Busted Crown"},{"not_picked":["Snecko Eye","Orrery"],"picked":"Velvet Choker"}],"items_purged_floors":[3,19,38],"is_endless":false,"potions_floor_spawned":[1,4,12,16,25,29,33,35,41],"ascension_level":16}