{"gold_per_floor":[119,132,132,132,132,132,18,36,36,62,82,96,96],"floor_reached":13,"playtime":734,"items_purged":["Strike_G"],"score":123,"play_id":"3d356040-656a-4dfd-890f-da1a06ff9122","local_time":"20180919162717","is_ascension_mode":true,"campfire_choices":[{"floor":6.0,"key":"REST"}],"neow_cost":"NONE","seed_source_timestamp":0,"circlet_count":0,"master_deck":["Defend_G","Defend_G+1","Defend_G","Defend_G","Strike_G","Strike_G","Strike_G+1","Survivor","Neutralize","Accuracy","Acrobatics","Shame","Backflip","Malaise","Cloak And Dagger"],"special_seed":0,"relics":["Cursed Key","Bottled Tornado","Sundial"],"potions_floor_usage":[13],"damage_taken":[{"damage":3.0,"enemies":"2 Louse","floor":1.0,"turns":3.0},{"damage":0.0,"enemies":"Cultist","floor":2.0,"turns":5.0},{"damage":0.0,"enemies":"Small Slimes","floor":8.0,"turns":4.0},{"damage":52.0,"enemies":"3 Sentries","floor":10.0,"turns":18.0},{"damage":0.0,"enemies":"3 Louse","floor":11.0,"turns":6.0},{"damage":1,"enemies":"Looter","floor":12,"turns":4},{"damage":10,"enemies":"Large Slime","floor":13,"turns":8}],"seed_played":"-8666373127892611200","potions_obtained":[{"floor":8.0,"key":"SmokeBomb"},{"floor":11.0,"key":"Weak Potion"}],"is_trial":false,"path_per_floor":["M","M","?","?","?","R","$","M","T","E","M","M"],"character_chosen":"THE_SILENT","items_purchased":["Accuracy"],"campfire_rested":1,"item_purchase_floors":[7],"current_hp_per_floor":[60,60,60,46,39,60,60,60,60,8,8,7,0],"gold":96,"neow_bonus":"BOSS_RELIC","is_prod":false,"is_daily":false,"chose_seed":false,"campfire_upgraded":0,"win_rate":0,"timestamp":1537399637,"path_taken":["M","M","?","?","?","R","?","M","T","E","M","?","?"],"build_version":"2018-09-06","purchased_purges":1,"victory":false,"max_hp_per_floor":[70,70,70,70,70,70,70,70,70,70,70,70,70],"card_choices":[{"not_picked":["Dagger Throw","Underhanded Strike","Slice"],"picked":"SKIP","floor":1.0},{"not_picked":["Predator","Sucker Punch","Underhanded Strike"],"picked":"SKIP","floor":2.0},{"not_picked":["Bane","Leg Sweep"],"picked":"Acrobatics","floor":8.0},{"not_picked":["Deflect","Prepared"],"picked":"Backflip","floor":10.0},{"not_picked":["Acrobatics","Predator"],"picked":"Malaise","floor":11.0},{"not_picked":["Blade Dance","Dagger Throw"],"picked":"Cloak And Dagger","floor":12}],"player_experience":323192,"relics_obtained":[{"floor":9.0,"key":"Bottled Tornado"},{"floor":10.0,"key":"Sundial"}],"event_choices":[{"event_name":"Purifier","player_choice":"One Purge","floor":3.0,"damage_taken":0.0},{"event_name":"Shining Light","player_choice":"Entered Light","floor":4.0,"damage_taken":0.0},{"event_name":"Golden Wing","player_choice":"Card Removal","floor":5.0,"damage_taken":0.0}],"is_beta":false,"boss_relics":[],"items_purged_floors":[7],"is_endless":false,"potions_floor_spawned":[8,11],"killed_by":"Large Slime","ascension_level":9}