{"gold_per_floor":[121,151,238,250,279,325,337,349,361,398,423,435,55,83,83,182,182,201,201,219,69,69,127,139,151,151,179,179,213,227,237,237,339,339,352,371,451,467,481,481,511,48,48,48,0,46,46,65,65,65],"floor_reached":51,"playtime":5157,"items_purged":["Strike_G","Strike_G","Eviscerate"],"score":844,"play_id":"101ffdf0-70f5-4136-bbcb-8726252e0cdf","local_time":"20190729215136","is_ascension_mode":true,"campfire_choices":[{"floor":7.0,"key":"REST"},{"data":"Dodge and Roll","floor":12.0,"key":"SMITH"},{"floor":15.0,"key":"REST"},{"data":"RitualDagger","floor":28.0,"key":"SMITH"},{"data":"Wraith Form v2","floor":32.0,"key":"SMITH"},{"data":"Wraith Form v2","floor":40.0,"key":"SMITH"},{"data":"Infinite Blades","floor":44,"key":"SMITH"},{"floor":47,"key":"DIG"},{"floor":49,"key":"DIG"}],"neow_cost":"NONE","seed_source_timestamp":0,"circlet_count":0,"master_deck":["Survivor+1","Neutralize","Dagger Spray","Bouncing Flask+1","Dodge and Roll+1","Dagger Spray","Leg Sweep+1","PiercingWail+1","Wraith Form v2+1","Adrenaline+1","Crippling Poison+1","RitualDagger+1","Outmaneuver+1","Deflect+1","Well Laid Plans","Well Laid Plans+1","Catalyst+1","Night Terror+1","Burst+1","Adrenaline+1","Infinite Blades+1","Doppelganger+1","Endless Agony","Glass Knife","Wraith Form v2+1","Blade Dance+1","Backflip+1","Escape Plan+1","Parasite","Backflip+1","Deadly Poison+1","PiercingWail+1"],"special_seed":0,"relics":["Ring of the Snake","MawBank","Toxic Egg 2","Whetstone","War Paint","Strawberry","Happy Flower","Mercury Hourglass","Sozu","Tiny Chest","Thread and Needle","Darkstone Periapt","FossilizedHelix","Pandora\u0027s Box","Meat on the Bone","Lantern","Strange Spoon","Ancient Tea Set","Gambling Chip","Red Mask","Shovel","Centennial Puzzle","Boot"],"potions_floor_usage":[],"damage_taken":[{"damage":0.0,"enemies":"Jaw Worm","floor":1.0,"turns":4.0},{"damage":0.0,"enemies":"Small Slimes","floor":2.0,"turns":2.0},{"damage":6.0,"enemies":"2 Louse","floor":5.0,"turns":3.0},{"damage":11.0,"enemies":"3 Sentries","floor":6.0,"turns":10.0},{"damage":18.0,"enemies":"Gremlin Nob","floor":10.0,"turns":4.0},{"damage":0.0,"enemies":"Red Slaver","floor":11.0,"turns":3.0},{"damage":24.0,"enemies":"3 Sentries","floor":14.0,"turns":9.0},{"damage":9.0,"enemies":"Hexaghost","floor":16.0,"turns":11.0},{"damage":15.0,"enemies":"2 Thieves","floor":18.0,"turns":4.0},{"damage":0.0,"enemies":"3 Byrds","floor":20.0,"turns":3.0},{"damage":9.0,"enemies":"Gremlin Leader","floor":23.0,"turns":7.0},{"damage":2.0,"enemies":"Snake Plant","floor":24.0,"turns":3.0},{"damage":0.0,"enemies":"3 Cultists","floor":25.0,"turns":4.0},{"damage":13.0,"enemies":"Slavers","floor":27.0,"turns":5.0},{"damage":3.0,"enemies":"Gremlin Leader","floor":29.0,"turns":7.0},{"damage":0.0,"enemies":"Chosen and Byrds","floor":30.0,"turns":4.0},{"damage":16.0,"enemies":"Sentry and Sphere","floor":31.0,"turns":6.0},{"damage":24.0,"enemies":"Champ","floor":33.0,"turns":11.0},{"damage":0.0,"enemies":"3 Shapes","floor":35.0,"turns":3.0},{"damage":0.0,"enemies":"Orb Walker","floor":36.0,"turns":3.0},{"damage":5.0,"enemies":"Writhing Mass","floor":38.0,"turns":7.0},{"damage":0.0,"enemies":"Transient","floor":39.0,"turns":5.0},{"damage":0.0,"enemies":"Giant Head","floor":41.0,"turns":5.0},{"damage":0,"enemies":"2 Orb Walkers","floor":46,"turns":4},{"damage":0,"enemies":"4 Shapes","floor":48,"turns":4},{"damage":19,"enemies":"Awakened One","floor":50,"turns":11}],"seed_played":"7924301172142983549","potions_obtained":[{"floor":5.0,"key":"SpeedPotion"},{"floor":10.0,"key":"SpeedPotion"},{"floor":14.0,"key":"SpeedPotion"}],"is_trial":false,"path_per_floor":["M","M","?","?","M","E","R","T","T","E","M","R","$","E","R","B",null,"M","?","M","$","?","E","M","M","T","E","R","E","M","M","R","B",null,"M","M","T","M","M","R","E","$","T","R","?","?","R","M","R","B",null],"character_chosen":"THE_SILENT","items_purchased":["PiercingWail+1","Happy Flower","Wraith Form v2","Deflect+1","Strange Spoon","Ancient Tea Set"],"campfire_rested":2,"item_purchase_floors":[13,13,13,21,42,42],"current_hp_per_floor":[70,70,59,45,39,28,49,49,49,38,38,38,38,14,37,28,77,62,56,56,56,77,68,66,66,66,53,53,50,50,34,34,10,77,77,77,77,78,78,78,78,78,78,78,78,78,78,78,78,59],"gold":65,"neow_bonus":"RANDOM_COMMON_RELIC","is_prod":false,"is_daily":false,"chose_seed":false,"campfire_upgraded":5,"win_rate":0,"timestamp":1564451496,"path_taken":["M","M","?","?","M","E","R","?","T","E","M","R","$","E","R","BOSS","M","?","M","?","?","E","?","M","T","E","R","E","M","M","R","BOSS","M","M","?","?","M","R","E","$","T","R","?","?","R","M","R","BOSS"],"build_version":"2019-07-17","purchased_purges":3,"victory":true,"max_hp_per_floor":[70,70,70,70,70,70,70,70,70,77,77,77,77,77,77,77,77,77,77,77,77,77,77,77,77,77,77,77,77,77,77,77,77,77,77,77,77,83,83,83,83,83,83,83,83,83,83,83,83,83],"card_choices":[{"not_picked":["Footwork","Dodge and Roll"],"picked":"Dagger Spray","floor":1.0},{"not_picked":["Dagger Throw","Predator"],"picked":"Bouncing Flask","floor":2.0},{"not_picked":["Tactician","Expertise"],"picked":"Dodge and Roll","floor":5.0},{"not_picked":["Footwork","Bane"],"picked":"Dagger Spray","floor":6.0},{"not_picked":["Flying Knee","Finisher","All Out Attack"],"picked":"SKIP","floor":10.0},{"not_picked":["Sucker Punch","Flechettes"],"picked":"Leg Sweep+1","floor":11.0},{"not_picked":["Unload","Calculated Gamble+1","Dagger Spray"],"picked":"SKIP","floor":14.0},{"not_picked":["A Thousand Cuts","Malaise+1"],"picked":"Adrenaline+1","floor":16.0},{"not_picked":["All Out Attack","Calculated Gamble+1"],"picked":"Crippling Poison+1","floor":18.0},{"not_picked":["Reflex+1","Leg Sweep+1"],"picked":"Outmaneuver+1","floor":20.0},{"not_picked":["Accuracy","Expertise+1","Sucker Punch+1"],"picked":"SKIP","floor":23.0},{"not_picked":["Dagger Spray","Sucker Punch+1","Quick Slash"],"picked":"SKIP","floor":24.0},{"not_picked":["All Out Attack+1","Backflip+1"],"picked":"Well Laid Plans","floor":25.0},{"not_picked":["Dagger Spray","Underhanded Strike"],"picked":"Well Laid Plans+1","floor":27.0},{"not_picked":["Flechettes+1","Sucker Punch","All Out Attack"],"picked":"SKIP","floor":29.0},{"not_picked":["Distraction+1","Dodge and Roll+1"],"picked":"Catalyst+1","floor":30.0},{"not_picked":["Skewer","Leg Sweep+1"],"picked":"Night Terror+1","floor":31.0},{"not_picked":["Night Terror+1","Venomology+1"],"picked":"Burst+1","floor":33.0},{"not_picked":["Terror+1","Expertise+1"],"picked":"Backflip+1","floor":35.0},{"not_picked":["Crippling Poison+1","Catalyst+1"],"picked":"Escape Plan+1","floor":36.0},{"not_picked":["Dagger Throw+1","Catalyst+1"],"picked":"Backflip+1","floor":38.0},{"not_picked":["Quick Slash","Underhanded Strike"],"picked":"Deadly Poison+1","floor":39.0},{"not_picked":["Slice","Phantasmal Killer+1"],"picked":"PiercingWail+1","floor":41.0},{"not_picked":["Bane","Quick Slash","Backstab"],"picked":"SKIP","floor":48}],"player_experience":75375,"relics_obtained":[{"floor":6.0,"key":"Toxic Egg 2"},{"floor":8.0,"key":"Whetstone"},{"floor":9.0,"key":"War Paint"},{"floor":10.0,"key":"Strawberry"},{"floor":14.0,"key":"Mercury Hourglass"},{"floor":23.0,"key":"Tiny Chest"},{"floor":26.0,"key":"Thread and Needle"},{"floor":27.0,"key":"Darkstone Periapt"},{"floor":29.0,"key":"FossilizedHelix"},{"floor":37.0,"key":"Meat on the Bone"},{"floor":41.0,"key":"Lantern"},{"floor":43,"key":"Gambling Chip"},{"floor":46,"key":"Shovel"},{"floor":47,"key":"Centennial Puzzle"},{"floor":49,"key":"Boot"}],"event_choices":[{"damage_healed":0.0,"max_hp_gain":0.0,"max_hp_loss":0.0,"gold_gain":75.0,"event_name":"World of Goop","player_choice":"Gather Gold","floor":3.0,"gold_loss":0.0,"damage_taken":11.0},{"damage_healed":0.0,"max_hp_gain":0.0,"max_hp_loss":0.0,"gold_gain":0.0,"event_name":"Shining Light","player_choice":"Entered Light","floor":4.0,"gold_loss":0.0,"damage_taken":14.0,"cards_upgraded":["Strike_G","Bouncing Flask"]},{"damage_healed":0.0,"max_hp_gain":0.0,"max_hp_loss":0.0,"gold_gain":0.0,"event_name":"Nest","player_choice":"Joined the Cult","floor":19.0,"gold_loss":0.0,"damage_taken":6.0,"cards_obtained":["RitualDagger"]},{"damage_healed":21.0,"max_hp_gain":0.0,"max_hp_loss":0.0,"gold_gain":0.0,"event_name":"Wheel of Change","player_choice":"Full Heal","floor":22.0,"gold_loss":0.0,"damage_taken":0.0},{"damage_healed":0,"gold_gain":0,"player_choice":"Paid","damage_taken":0,"relics_obtained":["Red Mask"],"max_hp_gain":0,"max_hp_loss":0,"event_name":"Tomb of Lord Red Mask","floor":45,"gold_loss":48},{"damage_healed":0,"gold_gain":0,"player_choice":"Fight","damage_taken":0,"max_hp_gain":0,"max_hp_loss":0,"event_name":"Mysterious Sphere","floor":46,"gold_loss":0}],"is_beta":false,"boss_relics":[{"not_picked":["Runic Pyramid","Eternal Feather"],"picked":"Sozu"},{"not_picked":["Lizard Tail","Empty Cage"],"picked":"Pandora\u0027s Box"}],"items_purged_floors":[13,21,42],"is_endless":false,"potions_floor_spawned":[5,10,14,20,24,29,30,33,41],"ascension_level":1}