{"gold_per_floor":[211,285,189,206,225,253,253,125,155,155,155,175,75,89,89,160,160,173,173,192,208,208,208,28,28,28,28,44,8,8,22,22,22],"floor_reached":33,"playtime":1534,"items_purged":["Strike_B","Strike_B"],"score":429,"play_id":"8d70ce38-c6c1-4c16-90e2-2677ff42c2d4","local_time":"20180801181159","is_ascension_mode":true,"campfire_choices":[{"floor":7,"key":"REST"},{"data":"Ball Lightning","floor":11,"key":"SMITH"},{"data":"Zap","floor":15,"key":"SMITH"},{"floor":23,"key":"REST"},{"floor":25,"key":"REST"},{"floor":30,"key":"REST"},{"data":"Streamline","floor":32,"key":"SMITH"}],"neow_cost":"NONE","seed_source_timestamp":14261949275118,"circlet_count":0,"master_deck":["Strike_B","Strike_B","Defend_B","Defend_B","Defend_B","Defend_B","Zap+1","Dualcast","AscendersBane","Melter+1","Bandage Up","Conserve Battery","Ball Lightning+1","Go for the Eyes","Auto Shields","Cold Snap","Thunder Strike","Electrodynamics","Regret","Streamline+1","Glacier"],"relics":["Cracked Core","Symbiotic Virus","Tiny Chest","Art of War","Cursed Key","Kunai","Bronze Scales"],"potions_floor_usage":[16],"damage_taken":[{"damage":3,"enemies":"2 Louse","floor":1,"turns":4},{"damage":0,"enemies":"Small Slimes","floor":4,"turns":3},{"damage":7,"enemies":"Jaw Worm","floor":5,"turns":3},{"damage":35,"enemies":"Gremlin Nob","floor":6,"turns":4},{"damage":1,"enemies":"Blue Slaver","floor":12,"turns":3},{"damage":5,"enemies":"Exordium Thugs","floor":14,"turns":4},{"damage":56,"enemies":"The Guardian","floor":16,"turns":12},{"damage":19,"enemies":"Shell Parasite","floor":18,"turns":3},{"damage":5,"enemies":"Chosen","floor":20,"turns":4},{"damage":30,"enemies":"Centurion and Healer","floor":21,"turns":4},{"damage":19,"enemies":"Cultist and Chosen","floor":28,"turns":6},{"damage":1,"enemies":"3 Cultists","floor":31,"turns":4},{"damage":59,"enemies":"Champ","floor":33,"turns":10}],"seed_played":"806382250217341308","potions_obtained":[{"floor":4,"key":"Swift Potion"},{"floor":6,"key":"Dexterity Potion"},{"floor":16,"key":"Swift Potion"}],"is_trial":false,"path_per_floor":["M","?","$","M","M","E","R","$","T","?","R","M","$","M","R","B",null,"M","?","M","M","T","R","$","R","T","$","M","$","R","M","R"],"character_chosen":"DEFECT","items_purchased":["Bandage Up","Go for the Eyes","Bronze Scales","Streamline","Glacier"],"campfire_rested":4,"item_purchase_floors":[3,8,24,24,29],"current_hp_per_floor":[61,61,61,65,62,31,52,52,52,52,52,55,55,54,54,2,54,35,35,34,8,8,29,29,50,50,50,35,35,56,55,55,0],"gold":22,"neow_bonus":"HUNDRED_GOLD","is_prod":false,"is_daily":false,"chose_seed":false,"campfire_upgraded":3,"win_rate":0,"timestamp":1533136319,"path_taken":["M","?","$","M","M","E","R","$","T","?","R","M","$","M","R","BOSS","M","?","?","M","?","R","$","R","T","?","M","$","R","M","R","BOSS"],"build_version":"2018-07-26","purchased_purges":2,"victory":false,"max_hp_per_floor":[71,71,71,71,71,71,71,71,71,71,71,71,71,71,71,71,71,71,71,71,71,71,71,71,71,71,71,71,71,71,71,71,71],"card_choices":[{"not_picked":["Leap","Stack"],"picked":"Melter","floor":1},{"not_picked":["Redo","Turbo"],"picked":"Conserve Battery","floor":4},{"not_picked":["Chill","Reinforced Body","Redo"],"picked":"SKIP","floor":5},{"not_picked":["Barrage","Self Repair"],"picked":"Ball Lightning","floor":6},{"not_picked":["Beam Cell","Self Repair"],"picked":"Auto Shields","floor":12},{"not_picked":["Stack","Coolheaded"],"picked":"Cold Snap","floor":14},{"not_picked":["Core Surge","Machine Learning"],"picked":"Thunder Strike","floor":16},{"not_picked":["Beam Cell","Turbo","Compile Driver"],"picked":"SKIP","floor":18},{"not_picked":["Darkness","Hologram"],"picked":"Electrodynamics","floor":20},{"not_picked":["Steam","Coolheaded","Beam Cell"],"picked":"SKIP","floor":21},{"not_picked":["Coolheaded","Steam+1","Redo"],"picked":"SKIP","floor":28},{"not_picked":["Stack","Reboot","Hologram"],"picked":"SKIP","floor":31}],"player_experience":390840,"relics_obtained":[{"floor":6,"key":"Symbiotic Virus"},{"floor":9,"key":"Tiny Chest"},{"floor":22,"key":"Kunai"}],"event_choices":[{"event_name":"Golden Wing","player_choice":"Gained Gold","floor":2,"damage_taken":0},{"event_name":"Dead Adventurer","player_choice":"Searched \u00271\u0027 times","floor":10,"damage_taken":0},{"event_name":"Accursed Blacksmith","player_choice":"Forge","floor":19,"damage_taken":0}],"is_beta":false,"boss_relics":[{"not_picked":["Tiny House","Pandora\u0027s Box"],"picked":"Cursed Key"}],"items_purged_floors":[8,13],"is_endless":false,"potions_floor_spawned":[4,6,16,20,21],"killed_by":"Champ","ascension_level":15}