{"gold_per_floor":[214,214,234,8,24,50,50,50,50,64,89,101,131,95,95,194,194,209,209,219,219,219,219,230,230,230,230,246,259,63,91,91,193,193,205,205,218,6,19,19,19,19,19,19,53,53,67,85,85,85],"floor_reached":51,"playtime":3486,"items_purged":["Strike_G"],"score":943,"play_id":"ec680d56-6246-444a-a49c-8c228eac2b83","local_time":"20190731001514","is_ascension_mode":true,"campfire_choices":[{"floor":8,"key":"REST"},{"data":"Deadly Poison","floor":12,"key":"SMITH"},{"data":"Noxious Fumes","floor":15,"key":"SMITH"},{"data":"Catalyst","floor":23,"key":"SMITH"},{"data":"Crippling Poison","floor":25,"key":"SMITH"},{"data":"Poisoned Stab","floor":27,"key":"SMITH"},{"floor":32,"key":"REST"},{"data":"Corpse Explosion","floor":40,"key":"SMITH"},{"data":"Noxious Fumes","floor":44,"key":"SMITH"},{"data":"1","floor":46,"key":"LIFT"},{"floor":49,"key":"REST"}],"neow_cost":"NONE","seed_source_timestamp":25765433544587,"circlet_count":0,"master_deck":["Strike_G","Strike_G","Strike_G","Defend_G","Defend_G","Defend_G","Defend_G","Defend_G","Survivor","Neutralize","Poisoned Stab+1","Backflip","Noxious Fumes+1","Deadly Poison+1","PiercingWail","Deflect","PiercingWail","Backstab","Adrenaline","Endless Agony+1","Writhe","Catalyst+1","After Image","Neutralize","Crippling Poison+1","Blade Dance","After Image","Noxious Fumes+1","Infinite Blades","Corpse Explosion+1","Cloak And Dagger+1","Predator+1"],"relics":["Ring of the Snake","Ice Cream","Bag of Marbles","Pocketwatch","MawBank","WristBlade","Omamori","MutagenicStrength","Singing Bowl","TwistedFunnel","Bottled Flame","Cursed Key","Girya","Ninja Scroll","Happy Flower"],"potions_floor_usage":[6,11,16,24,29,47,50,50],"damage_taken":[{"damage":4,"enemies":"Small Slimes","floor":1,"turns":6},{"damage":1,"enemies":"Jaw Worm","floor":3,"turns":4},{"damage":0,"enemies":"Cultist","floor":5,"turns":3},{"damage":22,"enemies":"Gremlin Nob","floor":6,"turns":5},{"damage":1,"enemies":"3 Louse","floor":10,"turns":4},{"damage":5,"enemies":"3 Sentries","floor":11,"turns":7},{"damage":0,"enemies":"2 Fungi Beasts","floor":13,"turns":3},{"damage":8,"enemies":"Slime Boss","floor":16,"turns":11},{"damage":10,"enemies":"Spheric Guardian","floor":18,"turns":4},{"damage":5,"enemies":"3 Byrds","floor":20,"turns":5},{"damage":3,"enemies":"Cultist and Chosen","floor":24,"turns":6},{"damage":1,"enemies":"Snake Plant","floor":28,"turns":2},{"damage":23,"enemies":"Snecko","floor":29,"turns":4},{"damage":8,"enemies":"Slavers","floor":31,"turns":4},{"damage":23,"enemies":"Automaton","floor":33,"turns":10},{"damage":0,"enemies":"3 Shapes","floor":35,"turns":2},{"damage":4,"enemies":"3 Darklings","floor":37,"turns":4},{"damage":1,"enemies":"Maw","floor":39,"turns":6},{"damage":20,"enemies":"Nemesis","floor":45,"turns":5},{"damage":0,"enemies":"Spire Growth","floor":47,"turns":1},{"damage":33,"enemies":"Writhing Mass","floor":48,"turns":4},{"damage":26,"enemies":"Awakened One","floor":50,"turns":10}],"seed_played":"6364973273043200496","potions_obtained":[{"floor":3,"key":"EssenceOfSteel"},{"floor":11,"key":"Weak Potion"},{"floor":18,"key":"Block Potion"},{"floor":20,"key":"EssenceOfSteel"},{"floor":39,"key":"Explosive Potion"},{"floor":45,"key":"PowerPotion"}],"is_trial":false,"path_per_floor":["M","?","M","$","M","E","?","R","T","M","E","R","M","$","R","B",null,"M","?","M","?","?","R","M","R","T","R","M","M","$","E","R","B",null,"M","T","M","$","M","R","?","?","T","R","E","R","M","M","R","B",null],"character_chosen":"THE_SILENT","items_purchased":["Noxious Fumes","Deadly Poison","Explosive Potion","SteroidPotion","TwistedFunnel","Infinite Blades","Corpse Explosion"],"campfire_rested":3,"item_purchase_floors":[4,4,4,14,30,38,38],"current_hp_per_floor":[59,47,46,46,46,24,17,38,38,37,32,32,32,32,32,24,59,49,49,44,44,44,44,41,41,41,41,42,21,21,13,35,12,59,61,61,57,57,58,58,60,80,80,80,60,60,60,29,53,27],"gold":85,"neow_bonus":"HUNDRED_GOLD","is_prod":false,"is_daily":false,"chose_seed":false,"campfire_upgraded":7,"win_rate":0,"timestamp":1564524914,"path_taken":["M","?","M","$","M","E","?","R","T","M","E","R","M","?","R","BOSS","M","?","M","?","?","R","M","R","T","R","M","?","$","E","R","BOSS","M","?","M","$","M","R","?","?","T","R","E","R","M","M","R","BOSS"],"build_version":"2019-07-17","purchased_purges":1,"victory":true,"max_hp_per_floor":[70,70,70,70,70,70,70,70,70,70,70,70,70,70,70,70,70,70,70,70,70,70,70,70,70,70,70,72,74,74,74,74,74,74,76,76,76,76,78,78,80,80,80,80,80,80,80,82,82,82],"card_choices":[{"not_picked":["Quick Slash","Outmaneuver"],"picked":"Poisoned Stab","floor":1},{"not_picked":["Acrobatics","Masterful Stab"],"picked":"Backflip","floor":3},{"not_picked":["Outmaneuver","Prepared"],"picked":"PiercingWail","floor":5},{"not_picked":["Deadly Poison","PiercingWail"],"picked":"Deflect","floor":6},{"not_picked":["Deadly Poison","Backflip"],"picked":"PiercingWail","floor":10},{"not_picked":["Reflex","Tools of the Trade","Underhanded Strike"],"picked":"SKIP","floor":11},{"not_picked":["Underhanded Strike","Flying Knee"],"picked":"Backstab","floor":13},{"not_picked":["Grand Finale","Glass Knife"],"picked":"Adrenaline","floor":16},{"not_picked":["Dagger Spray","Underhanded Strike"],"picked":"Endless Agony+1","floor":18},{"not_picked":["Expertise","Deflect"],"picked":"Catalyst","floor":20},{"not_picked":["Outmaneuver+1","Bouncing Flask"],"picked":"Crippling Poison","floor":24},{"not_picked":["Deadly Poison","Dagger Throw+1","Eviscerate"],"picked":"Singing Bowl","floor":28},{"not_picked":["Bane","Endless Agony","Outmaneuver"],"picked":"Singing Bowl","floor":29},{"not_picked":["Riddle With Holes","Flying Knee"],"picked":"Blade Dance","floor":31},{"not_picked":["Night Terror","Bullet Time"],"picked":"After Image","floor":33},{"not_picked":["Dagger Throw+1","Poisoned Stab+1","Tactician+1"],"picked":"Singing Bowl","floor":35},{"not_picked":["Setup+1","Deflect"],"picked":"Noxious Fumes","floor":37},{"not_picked":["Dagger Throw+1","Setup","Concentrate+1"],"picked":"Singing Bowl","floor":39},{"not_picked":["Forethought","Blind","Magnetism"],"picked":"Singing Bowl","floor":41},{"not_picked":["Sucker Punch","Bane"],"picked":"Cloak And Dagger+1","floor":45},{"not_picked":["Poisoned Stab+1","Setup+1"],"picked":"Predator+1","floor":47},{"not_picked":["Deflect","Dash","Underhanded Strike+1"],"picked":"Singing Bowl","floor":48}],"player_experience":663240,"relics_obtained":[{"floor":6,"key":"Bag of Marbles"},{"floor":9,"key":"Pocketwatch"},{"floor":11,"key":"MawBank"},{"floor":26,"key":"Singing Bowl"},{"floor":31,"key":"Bottled Flame"},{"floor":36,"key":"Girya"},{"floor":43,"key":"Ninja Scroll"},{"floor":45,"key":"Happy Flower"}],"event_choices":[{"damage_healed":0,"gold_gain":0,"player_choice":"Success","damage_taken":12,"relics_obtained":["Ice Cream"],"max_hp_gain":0,"max_hp_loss":0,"event_name":"Scrap Ooze","floor":2,"gold_loss":0},{"cards_removed":["Strike_G"],"damage_healed":0,"gold_gain":0,"player_choice":"Card Removal","damage_taken":7,"max_hp_gain":0,"max_hp_loss":0,"event_name":"Golden Wing","floor":7,"gold_loss":0},{"damage_healed":0,"gold_gain":0,"player_choice":"Opened","damage_taken":0,"relics_obtained":["Omamori"],"max_hp_gain":0,"max_hp_loss":0,"event_name":"The Mausoleum","floor":19,"gold_loss":0,"cards_obtained":["Writhe"]},{"damage_healed":0,"gold_gain":0,"player_choice":"Inject Mutagens","damage_taken":0,"relics_obtained":["MutagenicStrength"],"max_hp_gain":0,"max_hp_loss":0,"event_name":"Drug Dealer","floor":21,"gold_loss":0},{"damage_healed":0,"gold_gain":0,"player_choice":"2 cards matched","damage_taken":0,"max_hp_gain":0,"max_hp_loss":0,"event_name":"Match and Keep!","floor":22,"gold_loss":0,"cards_obtained":["After Image","Neutralize"]},{"damage_healed":0,"gold_gain":0,"player_choice":"Memory 1","damage_taken":0,"max_hp_gain":0,"max_hp_loss":0,"event_name":"SensoryStone","floor":41,"gold_loss":0},{"damage_healed":20,"gold_gain":0,"player_choice":"Full Heal","damage_taken":0,"max_hp_gain":0,"max_hp_loss":0,"event_name":"Wheel of Change","floor":42,"gold_loss":0}],"is_beta":false,"boss_relics":[{"not_picked":["Fusion Hammer","Snecko Eye"],"picked":"WristBlade"},{"not_picked":["Velvet Choker","Ring of the Serpent"],"picked":"Cursed Key"}],"items_purged_floors":[4],"is_endless":false,"potions_floor_spawned":[3,11,18,20,39,45],"ascension_level":7}