{"gold_per_floor":[116,133,133,133,146,146,146,146,215,229,229,254,267,290,290,290],"floor_reached":16,"playtime":353,"items_purged":[],"score":165,"play_id":"a15be1ac-e713-45a9-9604-c16b6688b115","local_time":"20180820185305","is_ascension_mode":true,"campfire_choices":[{"data":"Go for the Eyes","floor":6.0,"key":"SMITH"},{"data":"Undo","floor":8,"key":"SMITH"},{"floor":11,"key":"REST"},{"floor":15,"key":"REST"}],"neow_cost":"NONE","seed_source_timestamp":8665124601707,"circlet_count":0,"master_deck":["Strike_B","Strike_B","Strike_B","Strike_B","Defend_B","Defend_B","Defend_B","Defend_B","Zap+1","Dualcast","AscendersBane","Go for the Eyes+1","Undo+1","Glacier","BootSequence"],"special_seed":0,"relics":["Cracked Core","NeowsBlessing","Golden Idol","Gremlin Horn","Bag of Preparation"],"potions_floor_usage":[7],"damage_taken":[{"damage":0.0,"enemies":"2 Louse","floor":1.0,"turns":1.0},{"damage":0.0,"enemies":"Cultist","floor":2.0,"turns":1.0},{"damage":0.0,"enemies":"Jaw Worm","floor":5.0,"turns":1.0},{"damage":0,"enemies":"Lots of Slimes","floor":7,"turns":1},{"damage":13,"enemies":"Exordium Wildlife","floor":10,"turns":6},{"damage":2,"enemies":"Blue Slaver","floor":13,"turns":4},{"damage":11,"enemies":"Large Slime","floor":14,"turns":8},{"damage":53,"enemies":"Slime Boss","floor":16,"turns":14}],"seed_played":"3172421772702499580","potions_obtained":[{"floor":1.0,"key":"Swift Potion"},{"floor":5.0,"key":"SmokeBomb"},{"floor":10,"key":"Swift Potion"}],"is_trial":false,"path_per_floor":["M","M","?","?","M","R","M","R","T","M","R","T","M","M","R"],"character_chosen":"DEFECT","items_purchased":[],"campfire_rested":2,"item_purchase_floors":[],"current_hp_per_floor":[64,64,40,40,40,40,40,40,40,27,48,48,46,35,56,3],"gold":290,"neow_bonus":"THREE_ENEMY_KILL","is_prod":false,"is_daily":false,"chose_seed":false,"campfire_upgraded":2,"win_rate":0,"timestamp":1534780385,"path_taken":["M","M","?","?","?","R","M","R","T","M","R","?","M","M","R","BOSS"],"build_version":"2018-08-16","purchased_purges":0,"victory":false,"max_hp_per_floor":[71,71,71,71,71,71,71,71,71,71,71,71,71,71,71,71],"card_choices":[{"not_picked":["Aggregate","Conserve Battery"],"picked":"Go for the Eyes","floor":1.0},{"not_picked":["Go for the Eyes","Force Field"],"picked":"Undo","floor":2.0},{"not_picked":["Go for the Eyes","Lockon","Reprogram"],"picked":"SKIP","floor":5.0},{"not_picked":["Gash","Stack"],"picked":"Glacier","floor":10},{"not_picked":["Go for the Eyes","Beam Cell","Hello World"],"picked":"SKIP","floor":13},{"not_picked":["Streamline","Doom and Gloom"],"picked":"BootSequence","floor":14}],"player_experience":438183,"relics_obtained":[{"floor":9,"key":"Gremlin Horn"},{"floor":12,"key":"Bag of Preparation"}],"event_choices":[{"event_name":"Golden Idol","player_choice":"Take Damage","floor":3.0,"damage_taken":0.0},{"event_name":"Accursed Blacksmith","player_choice":"Forge","floor":4.0,"damage_taken":0.0}],"is_beta":false,"boss_relics":[],"items_purged_floors":[],"is_endless":false,"potions_floor_spawned":[1,5,10],"killed_by":"Slime Boss","ascension_level":15}