{"gold_per_floor":[111,36,56,74,74,74,86,117,117,117,45,74,74,27,27,106,106,116,126,154,18,38,38,68,68,68,68,82,92,92,122,122,201,201,215,235,86,86,36,36,47,47],"floor_reached":42,"playtime":1431,"items_purged":["Strike_G"],"score":777,"play_id":"e90d9fdc-f4ec-423b-9121-a79653653da1","local_time":"20190331035340","is_ascension_mode":true,"campfire_choices":[{"data":"Dagger Spray","floor":6.0,"key":"SMITH"},{"data":"Blade Dance","floor":13.0,"key":"SMITH"},{"data":"Crippling Poison","floor":15.0,"key":"SMITH"},{"floor":23.0,"key":"REST"},{"floor":25,"key":"REST"},{"floor":27,"key":"REST"},{"floor":30,"key":"RECALL"},{"floor":32,"key":"REST"},{"floor":40,"key":"REST"}],"neow_cost":"NONE","seed_source_timestamp":0,"circlet_count":0,"master_deck":["AscendersBane","Defend_G","Defend_G","Defend_G","Defend_G","Defend_G","Strike_G","Strike_G","Strike_G+1","Survivor+1","Neutralize+1","Dagger Spray+1","Crippling Poison+1","Blade Dance+1","Leg Sweep","Dash+1","Noxious Fumes+1","Bane+1","Cloak And Dagger+1","Die Die Die+1","PiercingWail+1","Malaise+1","Dodge and Roll+1","Die Die Die+1","Caltrops+1","PiercingWail+1","A Thousand Cuts+1","Prepared+1","Cloak And Dagger+1","Footwork+1","Malaise+1"],"special_seed":0,"relics":["Ring of the Serpent","Art of War","Molten Egg 2","Frozen Egg 2","Toxic Egg 2","Darkstone Periapt","Fusion Hammer","Red Mask","Bronze Scales","Pen Nib","Ancient Tea Set"],"potions_floor_usage":[42,42],"damage_taken":[{"damage":4.0,"enemies":"Small Slimes","floor":1.0,"turns":4.0},{"damage":0.0,"enemies":"2 Louse","floor":3.0,"turns":2.0},{"damage":5.0,"enemies":"Jaw Worm","floor":4.0,"turns":7.0},{"damage":0.0,"enemies":"Exordium Wildlife","floor":7.0,"turns":3.0},{"damage":17.0,"enemies":"3 Sentries","floor":8.0,"turns":7.0},{"damage":3.0,"enemies":"Lagavulin","floor":12.0,"turns":7.0},{"damage":4.0,"enemies":"Slime Boss","floor":16.0,"turns":10.0},{"damage":6.0,"enemies":"3 Byrds","floor":18.0,"turns":4.0},{"damage":12.0,"enemies":"2 Thieves","floor":19.0,"turns":4.0},{"damage":17.0,"enemies":"Masked Bandits","floor":20.0,"turns":4.0},{"damage":10.0,"enemies":"Centurion and Healer","floor":22.0,"turns":5.0},{"damage":3.0,"enemies":"Gremlin Leader","floor":24.0,"turns":7.0},{"damage":0,"enemies":"3 Cultists","floor":28,"turns":3},{"damage":6,"enemies":"Snake Plant","floor":29,"turns":4},{"damage":7,"enemies":"Slavers","floor":31,"turns":3},{"damage":62,"enemies":"Collector","floor":33,"turns":11},{"damage":13,"enemies":"3 Darklings","floor":35,"turns":4},{"damage":10,"enemies":"Orb Walker","floor":36,"turns":4},{"damage":0,"enemies":"Sphere and 2 Shapes","floor":41,"turns":3},{"damage":46,"enemies":"Giant Head","floor":42,"turns":9}],"seed_played":"-3775842784337264801","potions_obtained":[{"floor":3.0,"key":"Fire Potion"},{"floor":4.0,"key":"AttackPotion"},{"floor":8.0,"key":"Block Potion"},{"floor":18.0,"key":"Poison Potion"},{"floor":31,"key":"Strength Potion"},{"floor":33,"key":"SteroidPotion"},{"floor":41,"key":"Strength Potion"}],"is_trial":false,"path_per_floor":["M","?","M","M","?","R","M","E","T","?","$","E","R","$","R","B",null,"M","M","?","$","M","R","E","R","T","R","M","M","R","E","R","B",null,"M","M","$","?","?","R","M","E"],"character_chosen":"THE_SILENT","items_purchased":["Noxious Fumes+1","Cloak And Dagger+1","Malaise+1","Footwork+1"],"campfire_rested":5,"item_purchase_floors":[11,14,21,37],"current_hp_per_floor":[55,55,55,50,50,50,50,33,33,33,33,30,30,30,30,26,56,50,38,21,21,11,30,27,46,46,65,65,59,59,52,66,4,51,38,28,28,28,28,46,46,0],"gold":47,"neow_bonus":"RANDOM_COMMON_RELIC","is_prod":false,"is_daily":false,"chose_seed":true,"campfire_upgraded":3,"win_rate":0,"timestamp":1553993620,"path_taken":["M","?","M","M","?","R","M","E","T","?","$","E","R","?","R","BOSS","M","M","?","$","M","R","E","R","T","R","M","M","R","E","R","BOSS","M","M","$","?","?","R","?","E"],"build_version":"2019-01-23","purchased_purges":1,"victory":false,"max_hp_per_floor":[66,66,66,66,66,66,66,66,66,66,66,66,66,66,66,66,66,66,66,66,66,66,66,66,66,66,66,66,66,66,66,66,66,66,66,66,66,63,63,63,63,63],"card_choices":[{"not_picked":["Catalyst","Eviscerate"],"picked":"Dagger Spray","floor":1.0},{"not_picked":["Riddle With Holes","Quick Slash"],"picked":"Crippling Poison","floor":3.0},{"not_picked":["Calculated Gamble","Acrobatics"],"picked":"Blade Dance","floor":4.0},{"not_picked":["Acrobatics","Deadly Poison"],"picked":"Leg Sweep","floor":7.0},{"not_picked":["Flying Knee","Poisoned Stab"],"picked":"Dash","floor":8.0},{"not_picked":["Accuracy+1","Prepared+1"],"picked":"Bane+1","floor":12.0},{"not_picked":["Night Terror+1","Phantasmal Killer+1"],"picked":"Die Die Die+1","floor":16.0},{"not_picked":["Dagger Throw+1","Outmaneuver+1"],"picked":"PiercingWail+1","floor":18.0},{"not_picked":["Reflex+1","Underhanded Strike+1","Terror+1"],"picked":"SKIP","floor":19.0},{"not_picked":["Crippling Poison+1","Sucker Punch+1"],"picked":"Dodge and Roll+1","floor":22.0},{"not_picked":["Riddle With Holes+1","Quick Slash+1"],"picked":"Die Die Die+1","floor":24},{"not_picked":["Acrobatics+1","Cloak And Dagger+1"],"picked":"Caltrops+1","floor":28},{"not_picked":["Distraction+1","Flying Knee+1","Acrobatics+1"],"picked":"SKIP","floor":29},{"not_picked":["Dagger Spray+1","Tools of the Trade+1"],"picked":"PiercingWail+1","floor":31},{"not_picked":["Envenom+1","Phantasmal Killer+1"],"picked":"A Thousand Cuts+1","floor":33},{"not_picked":["All Out Attack+1","Deadly Poison+1"],"picked":"Prepared+1","floor":35},{"not_picked":["Blade Dance+1","PiercingWail+1"],"picked":"Cloak And Dagger+1","floor":36},{"not_picked":["Bane+1","Dodge and Roll+1"],"picked":"Malaise+1","floor":41}],"player_experience":831251,"relics_obtained":[{"floor":8.0,"key":"Molten Egg 2"},{"floor":9.0,"key":"Frozen Egg 2"},{"floor":12.0,"key":"Darkstone Periapt"},{"floor":20.0,"key":"Red Mask"},{"floor":24,"key":"Bronze Scales"},{"floor":26,"key":"Pen Nib"},{"floor":31,"key":"Ancient Tea Set"}],"event_choices":[{"cards_removed":["Strike_G"],"damage_healed":0.0,"max_hp_gain":0.0,"max_hp_loss":0.0,"gold_gain":0.0,"event_name":"The Cleric","player_choice":"Card Removal","floor":2.0,"gold_loss":75.0,"damage_taken":0.0},{"damage_healed":0.0,"max_hp_gain":0.0,"max_hp_loss":0.0,"gold_gain":0.0,"event_name":"Living Wall","player_choice":"Grow","floor":5.0,"gold_loss":0.0,"damage_taken":0.0,"cards_upgraded":["Neutralize"]},{"damage_healed":0.0,"max_hp_gain":0.0,"max_hp_loss":0.0,"gold_gain":0.0,"event_name":"Dead Adventurer","player_choice":"Searched \u00271\u0027 times","floor":10.0,"gold_loss":0.0,"damage_taken":0.0,"relics_obtained":["Toxic Egg 2"]},{"damage_healed":0.0,"max_hp_gain":0.0,"max_hp_loss":0.0,"gold_gain":0.0,"event_name":"Dead Adventurer","player_choice":"Searched \u00271\u0027 times","floor":10.0,"gold_loss":0.0,"damage_taken":0.0,"relics_obtained":["Toxic Egg 2"]},{"damage_healed":0.0,"max_hp_gain":0.0,"max_hp_loss":0.0,"gold_gain":0.0,"event_name":"Masked Bandits","player_choice":"Fought Bandits","floor":20.0,"gold_loss":0.0,"damage_taken":0.0},{"damage_healed":0,"gold_gain":0,"player_choice":"Max HP","damage_taken":0,"max_hp_gain":0,"max_hp_loss":3,"event_name":"Winding Halls","floor":38,"gold_loss":0},{"damage_healed":0,"gold_gain":0,"player_choice":"Upgraded Two","damage_taken":0,"max_hp_gain":0,"max_hp_loss":0,"event_name":"Designer","floor":39,"gold_loss":50,"cards_upgraded":["Survivor","Strike_G"]}],"is_beta":false,"boss_relics":[{"not_picked":["Coffee Dripper","Eternal Feather"],"picked":"Fusion Hammer"},{"not_picked":["Runic Pyramid","Lizard Tail"],"picked":"Ring of the Serpent"}],"items_purged_floors":[37],"is_endless":false,"potions_floor_spawned":[3,4,8,12,18,31,33,41],"killed_by":"Giant Head","ascension_level":15}