{"gold_per_floor":[116,66,82,82,82,82,7,7,58,79,95,95,119,133,133,133],"floor_reached":16,"playtime":808,"items_purged":["Defend_G"],"score":92,"play_id":"779ca05e-529a-4387-b9df-7950e425269e","local_time":"20181202215520","is_ascension_mode":false,"campfire_choices":[{"data":"Grand Finale","floor":6,"key":"SMITH"},{"data":"Neutralize","floor":8,"key":"SMITH"},{"floor":12,"key":"REST"},{"data":"Survivor","floor":15,"key":"SMITH"}],"neow_cost":"NONE","seed_source_timestamp":44084895167896,"circlet_count":0,"master_deck":["Defend_G","Defend_G","Defend_G","Defend_G","Strike_G","Strike_G","Strike_G","Strike_G","Survivor+1","Neutralize+1","Grand Finale+1"],"relics":["Ring of the Snake","Golden Idol","Oddly Smooth Stone"],"potions_floor_usage":[11,11,16],"damage_taken":[{"damage":1,"enemies":"Cultist","floor":1,"turns":4},{"damage":0,"enemies":"Jaw Worm","floor":3,"turns":2},{"damage":0,"enemies":"2 Louse","floor":10,"turns":4},{"damage":0,"enemies":"Exordium Thugs","floor":11,"turns":1},{"damage":0,"enemies":"Looter","floor":13,"turns":4},{"damage":3,"enemies":"Blue Slaver","floor":14,"turns":5},{"damage":72,"enemies":"Slime Boss","floor":16,"turns":13}],"seed_played":"-1362662106727187893","potions_obtained":[{"floor":1,"key":"Weak Potion"},{"floor":3,"key":"GamblersBrew"},{"floor":10,"key":"SkillPotion"}],"is_trial":false,"path_per_floor":["M","?","M","?","?","R","$","R","T","M","M","R","M","M","R","B"],"character_chosen":"THE_SILENT","items_purchased":[],"campfire_rested":1,"item_purchase_floors":[],"current_hp_per_floor":[69,69,69,74,56,56,56,56,56,56,56,75,75,72,72,0],"gold":133,"neow_bonus":"ONE_RANDOM_RARE_CARD","is_prod":false,"is_daily":false,"chose_seed":false,"campfire_upgraded":3,"win_rate":0,"timestamp":1543784120,"path_taken":["M","?","M","?","?","R","$","R","T","M","M","R","M","M","R","BOSS"],"build_version":"2018-11-15","purchased_purges":1,"victory":false,"max_hp_per_floor":[70,70,70,75,75,75,75,75,75,75,75,75,75,75,75,75],"card_choices":[{"not_picked":["Heel Hook","Outmaneuver","Cloak And Dagger"],"picked":"SKIP","floor":1},{"not_picked":["Sucker Punch","Prepared","Bane"],"picked":"SKIP","floor":3},{"not_picked":["Deflect","Dagger Spray","Dagger Throw"],"picked":"SKIP","floor":10},{"not_picked":["Blur","Slice","Predator"],"picked":"SKIP","floor":11},{"not_picked":["Dagger Throw","Underhanded Strike","Predator"],"picked":"SKIP","floor":13},{"not_picked":["Predator","Dagger Throw","Slice"],"picked":"SKIP","floor":14}],"player_experience":335533,"relics_obtained":[{"floor":9,"key":"Oddly Smooth Stone"}],"event_choices":[{"cards_removed":["Strike_G"],"damage_healed":0,"gold_gain":0,"player_choice":"Card Removal","damage_taken":0,"max_hp_gain":0,"max_hp_loss":0,"event_name":"The Cleric","floor":2,"gold_loss":50},{"damage_healed":0,"gold_gain":0,"player_choice":"Donut","damage_taken":0,"max_hp_gain":5,"max_hp_loss":0,"event_name":"Big Fish","floor":4,"gold_loss":0},{"damage_healed":0,"gold_gain":0,"player_choice":"Take Damage","damage_taken":18,"relics_obtained":["Golden Idol"],"max_hp_gain":0,"max_hp_loss":0,"event_name":"Golden Idol","floor":5,"gold_loss":0}],"is_beta":false,"boss_relics":[],"items_purged_floors":[7],"is_endless":false,"potions_floor_spawned":[1,3,10],"killed_by":"Slime Boss","ascension_level":0}