{"gold_per_floor":[114,127,127,127,127,127,142,162,187,200,200,200,220,231,231,331,331,349,349,362,362,362,362,377,406,474,474],"floor_reached":27,"playtime":1082,"items_purged":[],"score":306,"play_id":"d38b19b8-e133-491a-a78b-70647e8e1eca","local_time":"20180903103424","is_ascension_mode":true,"campfire_choices":[{"data":"Neutralize","floor":6.0,"key":"SMITH"},{"data":"Noxious Fumes","floor":15.0,"key":"SMITH"},{"data":"Noxious Fumes","floor":23,"key":"SMITH"}],"neow_cost":"","seed_source_timestamp":0,"circlet_count":0,"master_deck":["Defend_G","Defend_G","Defend_G","Defend_G","Defend_G","Strike_G","Strike_G","Survivor","Neutralize+1","Deadly Poison","Dagger Throw","Quick Slash","Tactician","Noxious Fumes+1","Backstab","Malaise","Prepared","Ghostly","Ghostly","Ghostly","Ghostly","Ghostly","Backflip+1","Noxious Fumes+1","Acrobatics+1","Wraith Form v2"],"special_seed":0,"relics":["Ring of the Snake","Snake Skull","Bag of Preparation","WristBlade","Potion Belt","Pen Nib","Paper Crane"],"potions_floor_usage":[20],"damage_taken":[{"damage":3.0,"enemies":"2 Louse","floor":1.0,"turns":4.0},{"damage":4.0,"enemies":"Cultist","floor":2.0,"turns":3.0},{"damage":4.0,"enemies":"Small Slimes","floor":7.0,"turns":2.0},{"damage":7.0,"enemies":"3 Louse","floor":8.0,"turns":3.0},{"damage":10.0,"enemies":"Red Slaver","floor":10.0,"turns":4.0},{"damage":0.0,"enemies":"2 Fungi Beasts","floor":13.0,"turns":2.0},{"damage":5.0,"enemies":"Blue Slaver","floor":14.0,"turns":3.0},{"damage":15.0,"enemies":"Hexaghost","floor":16.0,"turns":8.0},{"damage":18.0,"enemies":"Spheric Guardian","floor":18.0,"turns":5.0},{"damage":12,"enemies":"3 Byrds","floor":20,"turns":4},{"damage":13,"enemies":"Snake Plant","floor":24,"turns":5},{"damage":5,"enemies":"Slavers","floor":25,"turns":5},{"damage":5,"enemies":"Gremlin Leader","floor":27,"turns":5}],"seed_played":"-5186759376845591309","potions_obtained":[{"floor":1.0,"key":"GamblersBrew"},{"floor":3.0,"key":"Dexterity Potion"},{"floor":3.0,"key":"Ancient Potion"},{"floor":13.0,"key":"Explosive Potion"},{"floor":18.0,"key":"SteroidPotion"}],"is_trial":false,"path_per_floor":["M","M","?","?","?","R","M","M","T","M","?","T","M","M","R","B",null,"M","?","M","?","?","R","M","E","T"],"character_chosen":"THE_SILENT","items_purchased":[],"campfire_rested":0,"item_purchase_floors":[],"current_hp_per_floor":[67,63,63,63,63,63,59,52,52,42,42,42,42,37,37,22,58,40,35,23,23,23,23,10,5,5,0],"gold":474,"neow_bonus":"","is_prod":false,"is_daily":false,"chose_seed":false,"campfire_upgraded":3,"win_rate":0,"timestamp":1535996064,"path_taken":["M","M","?","?","?","R","M","?","T","?","?","?","?","M","R","BOSS","M","?","M","?","?","R","?","E","T","E"],"build_version":"2018-08-30","purchased_purges":0,"victory":false,"max_hp_per_floor":[70,70,70,70,70,70,70,70,70,70,70,70,70,70,70,70,70,70,35,35,35,35,35,35,35,35,35],"card_choices":[{"not_picked":["Tactician","Catalyst"],"picked":"Deadly Poison","floor":1.0},{"not_picked":["Poisoned Stab","Deadly Poison"],"picked":"Dagger Throw","floor":2.0},{"not_picked":["Quick Slash","Terror"],"picked":"Tactician","floor":7.0},{"not_picked":["Accuracy","Distraction"],"picked":"Noxious Fumes","floor":8.0},{"not_picked":["Sucker Punch","Finisher"],"picked":"Backstab","floor":10.0},{"not_picked":["Dodge and Roll","Bane","Underhanded Strike"],"picked":"SKIP","floor":13.0},{"not_picked":["Dash","Crippling Poison","Predator"],"picked":"SKIP","floor":14.0},{"not_picked":["Phantasmal Killer","Wraith Form v2"],"picked":"Malaise","floor":16.0},{"not_picked":["Prepared","Quick Slash","Outmaneuver"],"picked":"SKIP","floor":18.0},{"not_picked":["Quick Slash","Outmaneuver"],"picked":"Prepared","floor":18.0},{"not_picked":["Flying Knee+1","Acrobatics"],"picked":"Backflip+1","floor":20},{"not_picked":["Blade Dance","Bouncing Flask"],"picked":"Acrobatics+1","floor":24},{"not_picked":["Sucker Punch+1","Backflip"],"picked":"Wraith Form v2","floor":25}],"player_experience":243774,"relics_obtained":[{"floor":9.0,"key":"Snake Skull"},{"floor":12.0,"key":"Bag of Preparation"},{"floor":25,"key":"Pen Nib"},{"floor":26,"key":"Paper Crane"}],"event_choices":[{"event_name":"The Lab","player_choice":"Got Potions","floor":3.0,"damage_taken":0.0},{"event_name":"Transmorgrifier","player_choice":"Transform","floor":4.0,"damage_taken":0.0},{"event_name":"Purifier","player_choice":"One Purge","floor":5.0,"damage_taken":0.0},{"event_name":"Bonfire Elementals","player_choice":"BASIC","floor":11.0,"damage_taken":0.0},{"event_name":"Ghosts","player_choice":"Became a Ghost","floor":19.0,"damage_taken":0.0},{"event_name":"The Library","player_choice":"Read","floor":21,"damage_taken":0},{"event_name":"The Mausoleum","player_choice":"Yes","floor":22,"damage_taken":0}],"is_beta":false,"boss_relics":[{"not_picked":["Eternal Feather","Runic Pyramid"],"picked":"WristBlade"}],"items_purged_floors":[],"is_endless":false,"potions_floor_spawned":[1,7,8,13,18],"killed_by":"Gremlin Leader","ascension_level":5}