{"gold_per_floor":[114,114,128,142,157,157,190,210,255,142,170,170,186,197,197,292,292,232,232,232,232,232,232,232],"floor_reached":24,"playtime":744,"items_purged":["Strike_B"],"score":315,"play_id":"744e8372-a417-43f4-9651-e3dd41a3cfef","local_time":"20181229172715","is_ascension_mode":true,"campfire_choices":[{"floor":6,"key":"REST"},{"floor":12,"key":"REST"},{"data":"Capacitor","floor":15,"key":"SMITH"},{"floor":23,"key":"REST"}],"neow_cost":"NONE","seed_source_timestamp":13055760602143,"circlet_count":0,"master_deck":["AscendersBane","Strike_B+1","Defend_B+1","Defend_B+1","Defend_B+1","Zap","Dualcast","FTL","Leap","Meteor Strike","Doom and Gloom","Conserve Battery","Ball Lightning","Capacitor+1","Biased Cognition","Cold Snap","Undo","Chaos"],"relics":["Cracked Core","Gremlin Horn","Bag of Preparation","Pantograph","Ectoplasm"],"potions_floor_usage":[11,16,24],"damage_taken":[{"damage":2,"enemies":"Jaw Worm","floor":1,"turns":3},{"damage":6,"enemies":"Cultist","floor":3,"turns":3},{"damage":4,"enemies":"2 Louse","floor":4,"turns":2},{"damage":28,"enemies":"Exordium Wildlife","floor":5,"turns":5},{"damage":29,"enemies":"Gremlin Nob","floor":7,"turns":4},{"damage":3,"enemies":"Looter","floor":8,"turns":3},{"damage":16,"enemies":"Lagavulin","floor":11,"turns":5},{"damage":7,"enemies":"Red Slaver","floor":13,"turns":3},{"damage":0,"enemies":"Gremlin Gang","floor":14,"turns":3},{"damage":18,"enemies":"The Guardian","floor":16,"turns":9},{"damage":22,"enemies":"2 Thieves","floor":18,"turns":4},{"damage":13,"enemies":"3 Byrds","floor":20,"turns":4},{"damage":1,"enemies":"Centurion and Healer","floor":22,"turns":6},{"damage":58,"enemies":"Slavers","floor":24,"turns":3}],"seed_played":"-706678454347303702","potions_obtained":[{"floor":5,"key":"Fire Potion"},{"floor":8,"key":"Regen Potion"},{"floor":13,"key":"EssenceOfSteel"},{"floor":14,"key":"SteroidPotion"},{"floor":22,"key":"Fruit Juice"}],"is_trial":false,"path_per_floor":["M","?","M","M","M","R","E","M","T","$","E","R","M","M","R","B",null,"M","?","M","?","M","R","E"],"character_chosen":"DEFECT","items_purchased":["Capacitor"],"campfire_rested":3,"item_purchase_floors":[10],"current_hp_per_floor":[66,66,60,56,28,50,21,18,18,18,2,24,17,17,17,39,66,44,44,31,31,30,52,0],"gold":232,"neow_bonus":"TRANSFORM_CARD","is_prod":false,"is_daily":false,"chose_seed":false,"campfire_upgraded":1,"win_rate":0,"timestamp":1546093635,"path_taken":["M","?","M","M","M","R","E","?","T","$","E","R","M","?","R","BOSS","M","?","M","?","M","R","E"],"build_version":"2018-12-20","purchased_purges":1,"victory":false,"max_hp_per_floor":[75,75,75,75,75,75,75,75,75,75,75,75,75,75,75,75,75,75,75,75,75,75,75,80],"card_choices":[{"not_picked":["Barrage","Go for the Eyes"],"picked":"Leap","floor":1},{"not_picked":["Consume","Sunder"],"picked":"Doom and Gloom","floor":3},{"not_picked":["Streamline","Reprogram","Redo"],"picked":"SKIP","floor":4},{"not_picked":["Heatsinks","Genetic Algorithm"],"picked":"Conserve Battery","floor":5},{"not_picked":["Turbo","Rainbow","Heatsinks"],"picked":"SKIP","floor":7},{"not_picked":["Coolheaded","Hologram"],"picked":"Ball Lightning","floor":8},{"not_picked":["Go for the Eyes","Static Discharge","Sweeping Beam"],"picked":"SKIP","floor":11},{"not_picked":["Hologram","Heatsinks","Reinforced Body"],"picked":"SKIP","floor":13},{"not_picked":["Ball Lightning","Hologram","Rebound"],"picked":"SKIP","floor":14},{"not_picked":["Creative AI","Machine Learning"],"picked":"Biased Cognition","floor":16},{"not_picked":["Double Energy","Loop"],"picked":"Cold Snap","floor":18},{"not_picked":["Skim+1","Scrape+1","Ball Lightning"],"picked":"SKIP","floor":20},{"not_picked":["Force Field","Chaos+1","Compile Driver+1"],"picked":"SKIP","floor":22}],"player_experience":620294,"relics_obtained":[{"floor":7,"key":"Gremlin Horn"},{"floor":9,"key":"Bag of Preparation"},{"floor":11,"key":"Pantograph"}],"event_choices":[{"damage_healed":0,"gold_gain":0,"player_choice":"1 cards matched","damage_taken":0,"max_hp_gain":0,"max_hp_loss":0,"event_name":"Match and Keep!","floor":2,"gold_loss":0,"cards_obtained":["Meteor Strike"]},{"damage_healed":0,"gold_gain":0,"cards_transformed":["Strike_B","Defend_B"],"player_choice":"Became Test Subject","damage_taken":0,"max_hp_gain":0,"max_hp_loss":0,"event_name":"Drug Dealer","floor":19,"gold_loss":0,"cards_obtained":["Undo","Chaos"]},{"damage_healed":0,"gold_gain":0,"player_choice":"Simplicity","damage_taken":0,"max_hp_gain":0,"max_hp_loss":0,"event_name":"Back to Basics","floor":21,"gold_loss":0,"cards_upgraded":["Strike_B","Defend_B","Defend_B","Defend_B"]}],"is_beta":false,"boss_relics":[{"not_picked":["Coffee Dripper","Orrery"],"picked":"Ectoplasm"}],"items_purged_floors":[10],"is_endless":false,"potions_floor_spawned":[5,8,13,14,22],"killed_by":"Slavers","ascension_level":10}