{"gold_per_floor":[217,217,217,286,309,309,71,71,97,121,140,160,160,181,181,302,302,317,336,336,336,52,95,95,95],"floor_reached":25,"playtime":2831,"items_purged":[],"score":211,"play_id":"9a59ca5f-457a-4fa8-8296-b9af9abe2178","local_time":"20190806142151","is_ascension_mode":false,"campfire_choices":[{"data":"Acrobatics","floor":6,"key":"SMITH"},{"data":"Noxious Fumes","floor":8,"key":"SMITH"},{"floor":13,"key":"REST"},{"floor":15,"key":"REST"},{"floor":24,"key":"REST"}],"neow_cost":"NONE","seed_source_timestamp":529559723745771,"circlet_count":0,"master_deck":["Strike_G","Strike_G","Strike_G","Strike_G","Strike_G","Defend_G","Defend_G","Defend_G","Defend_G","Defend_G","Survivor","Neutralize","Distraction","Acrobatics+1","Acrobatics","Noxious Fumes+1","Blur","Dodge and Roll","Well Laid Plans","Footwork","Deadly Poison","Dagger Throw","Burst","Calculated Gamble","Poisoned Stab","Noxious Fumes","Dodge and Roll","Sadistic Nature","Predator+1","Predator"],"relics":["Ring of the Snake","Dream Catcher","Golden Idol","Darkstone Periapt","Lantern","Orichalcum","Black Star","Boot","Happy Flower"],"potions_floor_usage":[25,25,25],"damage_taken":[{"damage":3,"enemies":"Jaw Worm","floor":1,"turns":4},{"damage":0,"enemies":"2 Louse","floor":5,"turns":4},{"damage":1,"enemies":"Cultist","floor":10,"turns":4},{"damage":13,"enemies":"Lots of Slimes","floor":11,"turns":5},{"damage":12,"enemies":"Gremlin Gang","floor":12,"turns":7},{"damage":9,"enemies":"3 Louse","floor":14,"turns":5},{"damage":56,"enemies":"Slime Boss","floor":16,"turns":11},{"damage":0,"enemies":"Shell Parasite","floor":18,"turns":9},{"damage":4,"enemies":"Spheric Guardian","floor":19,"turns":6},{"damage":39,"enemies":"Book of Stabbing","floor":23,"turns":9},{"damage":25,"enemies":"Slavers","floor":25,"turns":2}],"seed_played":"-5210257188262839279","potions_obtained":[{"floor":1,"key":"SmokeBomb"},{"floor":14,"key":"GamblersBrew"},{"floor":16,"key":"AttackPotion"},{"floor":18,"key":"Fire Potion"}],"is_trial":false,"path_per_floor":["M","?","?","T","M","R","$","R","T","M","M","M","R","M","R","B",null,"M","M","?","?","$","E","R","E"],"character_chosen":"THE_SILENT","items_purchased":["Acrobatics","Noxious Fumes","Lantern","Noxious Fumes","Dodge and Roll","Sadistic Nature"],"campfire_rested":3,"item_purchase_floors":[7,7,7,22,22,22],"current_hp_per_floor":[67,64,64,64,64,64,64,64,64,63,50,38,57,48,65,9,65,65,61,45,45,45,6,25,0],"gold":95,"neow_bonus":"HUNDRED_GOLD","is_prod":false,"is_daily":false,"chose_seed":false,"campfire_upgraded":2,"win_rate":0.0,"timestamp":1565115711,"path_taken":["M","?","?","?","?","R","$","R","T","?","M","M","R","M","R","BOSS","M","?","?","?","$","E","R","E"],"build_version":"2019-07-17","purchased_purges":0,"victory":false,"max_hp_per_floor":[70,70,65,65,65,65,65,65,65,65,65,65,65,65,65,65,65,65,65,65,65,65,65,65,65],"card_choices":[{"not_picked":["Riddle With Holes","Underhanded Strike"],"picked":"Distraction","floor":1},{"not_picked":["Heel Hook","Flying Knee"],"picked":"Acrobatics","floor":5},{"not_picked":["Sucker Punch","Underhanded Strike"],"picked":"Blur","floor":10},{"not_picked":["Well Laid Plans","Riddle With Holes"],"picked":"Dodge and Roll","floor":11},{"not_picked":["Bane","Quick Slash"],"picked":"Well Laid Plans","floor":12},{"not_picked":["Infinite Blades","Noxious Fumes"],"picked":"Footwork","floor":13},{"not_picked":["Prepared","Backstab"],"picked":"Deadly Poison","floor":14},{"not_picked":["Sucker Punch","Distraction"],"picked":"Dagger Throw","floor":15},{"not_picked":["Glass Knife","Phantasmal Killer"],"picked":"Burst","floor":16},{"not_picked":["PiercingWail+1","Caltrops"],"picked":"Calculated Gamble","floor":18},{"not_picked":["Slice","Underhanded Strike"],"picked":"Poisoned Stab","floor":19},{"not_picked":["Slice","Quick Slash"],"picked":"Predator+1","floor":23},{"not_picked":["Deflect","PiercingWail"],"picked":"Predator","floor":24}],"player_experience":33391,"relics_obtained":[{"floor":4,"key":"Darkstone Periapt"},{"floor":9,"key":"Orichalcum"},{"floor":23,"key":"Boot"},{"floor":23,"key":"Happy Flower"}],"event_choices":[{"damage_healed":0,"gold_gain":0,"player_choice":"Success","damage_taken":3,"relics_obtained":["Dream Catcher"],"max_hp_gain":0,"max_hp_loss":0,"event_name":"Scrap Ooze","floor":2,"gold_loss":0},{"damage_healed":0,"gold_gain":0,"player_choice":"Lose Max HP","damage_taken":0,"relics_obtained":["Golden Idol"],"max_hp_gain":0,"max_hp_loss":5,"event_name":"Golden Idol","floor":3,"gold_loss":0},{"damage_healed":0,"gold_gain":0,"player_choice":"Obtained Book","damage_taken":16,"max_hp_gain":0,"max_hp_loss":0,"event_name":"Cursed Tome","floor":20,"gold_loss":0},{"damage_healed":0,"gold_gain":0,"player_choice":"Ignored","damage_taken":0,"max_hp_gain":0,"max_hp_loss":0,"event_name":"Ghosts","floor":21,"gold_loss":0}],"is_beta":false,"boss_relics":[{"not_picked":["Orrery","Runic Pyramid"],"picked":"Black Star"}],"items_purged_floors":[],"is_endless":false,"potions_floor_spawned":[1,14,16,18],"killed_by":"Slavers","ascension_level":0}