{"gold_per_floor":[115,115,126,53,69,69,101,101,101,101,111,130,148,167,167,167],"floor_reached":16,"playtime":650,"items_purged":[],"score":151,"play_id":"2537a32a-a462-4b35-bf61-25e9fcb2365a","local_time":"20181103194501","is_ascension_mode":true,"campfire_choices":[{"data":"Crippling Poison","floor":6,"key":"SMITH"},{"floor":8,"key":"REST"},{"floor":10,"key":"REST"},{"floor":15,"key":"REST"}],"neow_cost":"TEN_PERCENT_HP_LOSS","seed_source_timestamp":23174755171887,"circlet_count":0,"master_deck":["Defend_G","Defend_G","Defend_G","Defend_G","Defend_G","Strike_G","Strike_G","Strike_G","Strike_G","Strike_G","Survivor","Neutralize","Panacea","Forethought","Dagger Spray","Crippling Poison+1","Dagger Throw","Backflip","Outmaneuver","Cloak And Dagger","Bane","Blur"],"relics":["Ring of the Snake","Ginger","Matryoshka"],"potions_floor_usage":[16,16],"damage_taken":[{"damage":0,"enemies":"2 Louse","floor":1,"turns":4},{"damage":8,"enemies":"Cultist","floor":3,"turns":4},{"damage":10,"enemies":"Jaw Worm","floor":5,"turns":5},{"damage":36,"enemies":"3 Sentries","floor":7,"turns":13},{"damage":3,"enemies":"Blue Slaver","floor":11,"turns":5},{"damage":2,"enemies":"Looter","floor":12,"turns":4},{"damage":10,"enemies":"Large Slime","floor":13,"turns":7},{"damage":18,"enemies":"Gremlin Gang","floor":14,"turns":4},{"damage":30,"enemies":"Slime Boss","floor":16,"turns":13}],"seed_played":"539832242591094103","potions_obtained":[{"floor":1,"key":"Weak Potion"},{"floor":3,"key":"GhostInAJar"},{"floor":11,"key":"Weak Potion"},{"floor":14,"key":"Dexterity Potion"}],"is_trial":false,"path_per_floor":["M","?","M","$","M","R","E","R","T","R","M","M","M","M","R","B"],"character_chosen":"THE_SILENT","items_purchased":["Backflip","Outmaneuver"],"campfire_rested":3,"item_purchase_floors":[4,4],"current_hp_per_floor":[63,63,55,55,45,45,9,27,27,45,42,40,30,12,30,0],"gold":167,"neow_bonus":"RANDOM_COLORLESS_2","is_prod":false,"is_daily":false,"chose_seed":false,"campfire_upgraded":1,"win_rate":0,"timestamp":1541263501,"path_taken":["M","?","M","$","M","R","E","R","T","R","?","M","M","M","R","BOSS"],"build_version":"2018-11-01","purchased_purges":0,"victory":false,"max_hp_per_floor":[63,63,63,63,63,63,63,63,63,63,63,63,63,63,63,63],"card_choices":[{"not_picked":["Calculated Gamble","PiercingWail"],"picked":"Dagger Spray","floor":1},{"not_picked":["Outmaneuver","Terror"],"picked":"Dagger Throw","floor":3},{"not_picked":["Deadly Poison","Backflip"],"picked":"Cloak And Dagger","floor":5},{"not_picked":["A Thousand Cuts","Blade Dance","Flechettes"],"picked":"SKIP","floor":7},{"not_picked":["Prepared","Deadly Poison"],"picked":"Bane","floor":11},{"not_picked":["Finisher","Concentrate","Bane"],"picked":"SKIP","floor":12},{"not_picked":["Dagger Throw","Quick Slash","Underhanded Strike"],"picked":"SKIP","floor":13},{"not_picked":["Bane","Underhanded Strike"],"picked":"Blur","floor":14}],"player_experience":495686,"relics_obtained":[{"floor":7,"key":"Ginger"},{"floor":9,"key":"Matryoshka"}],"event_choices":[{"damage_healed":0,"gold_gain":0,"player_choice":"1 cards matched","damage_taken":0,"max_hp_gain":0,"max_hp_loss":0,"event_name":"Match and Keep!","floor":2,"gold_loss":0,"cards_obtained":["Crippling Poison"]}],"is_beta":false,"boss_relics":[],"items_purged_floors":[],"is_endless":false,"potions_floor_spawned":[1,3,11,14],"killed_by":"Slime Boss","ascension_level":9}