{"gold_per_floor":[112,129,129,129,0,43,17,17,94,94,115,155,155,169,169,263,263,286,286,286,286,286,286,320,320,344,382,395,395],"floor_reached":29,"playtime":1133,"items_purged":[],"score":493,"play_id":"addcd82e-6d20-418a-97c1-33da09cf0f18","local_time":"20190118232848","is_ascension_mode":true,"campfire_choices":[{"data":"Noxious Fumes","floor":8.0,"key":"SMITH"},{"floor":10.0,"key":"REST"},{"data":"Noxious Fumes","floor":15.0,"key":"SMITH"},{"floor":23.0,"key":"REST"},{"floor":25,"key":"REST"}],"neow_cost":"NONE","seed_source_timestamp":0,"circlet_count":0,"master_deck":["AscendersBane","Defend_G+1","Defend_G+1","Defend_G+1","Defend_G+1","Defend_G+1","Strike_G+1","Strike_G+1","Strike_G+1","Strike_G+1","Strike_G+1","Survivor+1","Neutralize","Noxious Fumes+1","Noxious Fumes+1","PiercingWail","Dagger Spray","Deadly Poison","Deadly Poison","Backflip","Cloak And Dagger","After Image","Backflip","Writhe","Deflect","Blur"],"special_seed":0,"relics":["Ring of the Snake","NeowsBlessing","Golden Idol","Bottled Tornado","Pear","Ginger","Philosopher\u0027s Stone","Bronze Scales","Pantograph","Red Mask","Pen Nib","Shuriken"],"potions_floor_usage":[24,29],"damage_taken":[{"damage":0.0,"enemies":"Small Slimes","floor":1.0,"turns":1.0},{"damage":0.0,"enemies":"2 Louse","floor":2.0,"turns":1.0},{"damage":0.0,"enemies":"Gremlin Nob","floor":6.0,"turns":1.0},{"damage":3.0,"enemies":"Jaw Worm","floor":11.0,"turns":4.0},{"damage":14.0,"enemies":"3 Sentries","floor":12.0,"turns":6.0},{"damage":0.0,"enemies":"Exordium Thugs","floor":13.0,"turns":1.0},{"damage":7.0,"enemies":"Looter","floor":14.0,"turns":4.0},{"damage":21.0,"enemies":"Hexaghost","floor":16.0,"turns":9.0},{"damage":32.0,"enemies":"2 Thieves","floor":18.0,"turns":5.0},{"damage":18.0,"enemies":"Colosseum Slavers","floor":21.0,"turns":4.0},{"damage":29,"enemies":"Masked Bandits","floor":24,"turns":4},{"damage":21,"enemies":"Gremlin Leader","floor":27,"turns":7},{"damage":0,"enemies":"3 Byrds","floor":28,"turns":3},{"damage":1,"enemies":"Snake Plant","floor":29,"turns":2}],"seed_played":"-628812997105329625","potions_obtained":[{"floor":1.0,"key":"Energy Potion"},{"floor":6.0,"key":"SmokeBomb"},{"floor":28,"key":"SkillPotion"}],"is_trial":false,"path_per_floor":["M","M","?","?","$","E","$","R","T","R","M","E","M","M","R","B",null,"M","?","?","?","T","R","?","R","T","E","M","M"],"character_chosen":"THE_SILENT","items_purchased":["Noxious Fumes","PiercingWail","Deadly Poison"],"campfire_rested":3,"item_purchase_floors":[5,5,7],"current_hp_per_floor":[59,59,39,39,39,39,39,39,49,70,67,53,53,46,46,25,59,27,27,27,9,9,30,1,22,22,1,1,0],"gold":395,"neow_bonus":"THREE_ENEMY_KILL","is_prod":false,"is_daily":false,"chose_seed":false,"campfire_upgraded":2,"win_rate":0,"timestamp":1547843328,"path_taken":["M","M","?","?","?","E","$","R","T","R","M","E","?","M","R","BOSS","M","?","?","?","?","R","?","R","T","E","M","?"],"build_version":"2019-01-17v2","purchased_purges":0,"victory":false,"max_hp_per_floor":[66,66,66,60,60,60,60,60,70,70,70,70,70,70,70,70,70,70,70,70,70,70,70,70,70,70,70,70,70],"card_choices":[{"not_picked":["Slice","Infinite Blades"],"picked":"Noxious Fumes","floor":1.0},{"not_picked":["Blade Dance","Eviscerate","Distraction"],"picked":"SKIP","floor":2.0},{"not_picked":["Infinite Blades","Sucker Punch"],"picked":"Dagger Spray","floor":6.0},{"not_picked":["Deadly Poison","Slice","Underhanded Strike"],"picked":"SKIP","floor":11.0},{"not_picked":["Slice","Underhanded Strike"],"picked":"Deadly Poison","floor":11.0},{"not_picked":["Calculated Gamble","Burst"],"picked":"Backflip","floor":12.0},{"not_picked":["Bouncing Flask","Eviscerate"],"picked":"Cloak And Dagger","floor":14.0},{"not_picked":["Tools of the Trade","Glass Knife"],"picked":"After Image","floor":16.0},{"not_picked":["Prepared","Flechettes"],"picked":"Backflip","floor":18.0},{"not_picked":["Expertise","Underhanded Strike"],"picked":"Deflect","floor":24},{"not_picked":["Escape Plan","Sucker Punch"],"picked":"Blur","floor":27},{"not_picked":["Bane","Sucker Punch","Backflip"],"picked":"SKIP","floor":28}],"player_experience":699889,"relics_obtained":[{"floor":6.0,"key":"Bottled Tornado"},{"floor":9.0,"key":"Pear"},{"floor":12.0,"key":"Ginger"},{"floor":22.0,"key":"Pantograph"},{"floor":24,"key":"Red Mask"},{"floor":26,"key":"Pen Nib"},{"floor":27,"key":"Shuriken"}],"event_choices":[{"damage_healed":0.0,"max_hp_gain":0.0,"max_hp_loss":0.0,"gold_gain":0.0,"event_name":"Shining Light","player_choice":"Entered Light","floor":3.0,"gold_loss":0.0,"damage_taken":20.0,"cards_upgraded":["Strike_G","Survivor"]},{"damage_healed":0.0,"max_hp_gain":0.0,"max_hp_loss":6.0,"gold_gain":0.0,"event_name":"Golden Idol","player_choice":"Lose Max HP","floor":4.0,"gold_loss":0.0,"damage_taken":0.0,"relics_obtained":["Golden Idol"]},{"damage_healed":0.0,"max_hp_gain":0.0,"max_hp_loss":0.0,"gold_gain":0.0,"event_name":"Back to Basics","player_choice":"Simplicity","floor":19.0,"gold_loss":0.0,"damage_taken":0.0,"cards_upgraded":["Defend_G","Defend_G","Defend_G","Defend_G","Defend_G","Strike_G","Strike_G","Strike_G","Strike_G"]},{"damage_healed":0.0,"max_hp_gain":0.0,"max_hp_loss":0.0,"gold_gain":0.0,"event_name":"The Mausoleum","player_choice":"Opened","floor":20.0,"gold_loss":0.0,"damage_taken":0.0,"relics_obtained":["Bronze Scales"],"cards_obtained":["Writhe"]},{"damage_healed":0.0,"max_hp_gain":0.0,"max_hp_loss":0.0,"gold_gain":0.0,"event_name":"Colosseum","player_choice":"Fight","floor":21.0,"gold_loss":0.0,"damage_taken":0.0},{"damage_healed":0.0,"max_hp_gain":0.0,"max_hp_loss":0.0,"gold_gain":0.0,"event_name":"Colosseum","player_choice":"Fled From Nobs","floor":21.0,"gold_loss":0.0,"damage_taken":0.0},{"damage_healed":0,"gold_gain":0,"player_choice":"Fought Bandits","damage_taken":0,"max_hp_gain":0,"max_hp_loss":0,"event_name":"Masked Bandits","floor":24,"gold_loss":0}],"is_beta":false,"boss_relics":[{"not_picked":["Sozu","Empty Cage"],"picked":"Philosopher\u0027s Stone"}],"items_purged_floors":[],"is_endless":false,"potions_floor_spawned":[1,6,11,12,28],"killed_by":"Snake Plant","ascension_level":16}