{"gold_per_floor":[115,10,10,85,97,126,126,151,151,151,170,170,170,210,210,210],"floor_reached":16,"playtime":449,"items_purged":[],"score":255,"play_id":"608673bc-c358-4574-980d-2e50cbd01728","local_time":"20190726165307","is_ascension_mode":true,"campfire_choices":[{"data":"Malaise","floor":10.0,"key":"SMITH"},{"floor":13.0,"key":"REST"},{"data":"Infinite Blades","floor":15.0,"key":"SMITH"}],"neow_cost":"NONE","seed_source_timestamp":6104467379254,"circlet_count":0,"master_deck":["AscendersBane","Strike_G","Strike_G+1","Strike_G","Strike_G","Defend_G","Defend_G","Defend_G+1","Defend_G","Defend_G","Survivor","Neutralize","Escape Plan","Cloak And Dagger","Infinite Blades+1","Backstab","Malaise+1","Leg Sweep","Dash"],"special_seed":0,"relics":["Ring of the Snake","NeowsBlessing","Omamori","Golden Idol","Boot","Ice Cream","Prayer Wheel"],"potions_floor_usage":[16],"damage_taken":[{"damage":0.0,"enemies":"Jaw Worm","floor":1.0,"turns":1.0},{"damage":0.0,"enemies":"2 Louse","floor":5.0,"turns":1.0},{"damage":0.0,"enemies":"3 Sentries","floor":6.0,"turns":1.0},{"damage":0.0,"enemies":"Cultist","floor":11.0,"turns":3.0},{"damage":1.0,"enemies":"Lagavulin","floor":14.0,"turns":11.0},{"damage":41,"enemies":"Slime Boss","floor":16,"turns":9}],"seed_played":"-3460917992338710750","potions_obtained":[{"floor":1.0,"key":"SkillPotion"},{"floor":5.0,"key":"LiquidBronze"},{"floor":6.0,"key":"Energy Potion"}],"is_trial":false,"path_per_floor":["M","$","?","?","M","E","?","T","T","R","M","?","R","E","R","B"],"character_chosen":"THE_SILENT","items_purchased":["Cloak And Dagger","Infinite Blades"],"campfire_rested":1,"item_purchase_floors":[2,2],"current_hp_per_floor":[59,59,39,28,28,28,28,28,28,28,28,21,39,38,38,0],"gold":210,"neow_bonus":"THREE_ENEMY_KILL","is_prod":false,"is_daily":false,"chose_seed":false,"campfire_upgraded":2,"win_rate":0,"timestamp":1564185187,"path_taken":["M","$","?","?","M","E","?","?","T","R","?","?","R","E","R","BOSS"],"build_version":"2019-07-17","purchased_purges":0,"victory":false,"max_hp_per_floor":[66,66,66,66,66,66,60,60,60,60,60,60,60,60,60,60],"card_choices":[{"not_picked":["Prepared","Dodge and Roll"],"picked":"Escape Plan","floor":1.0},{"not_picked":["Terror","Cloak And Dagger"],"picked":"Backstab","floor":5.0},{"not_picked":["Backflip","Slice"],"picked":"Malaise","floor":6.0},{"not_picked":["Blade Dance","Sucker Punch"],"picked":"Leg Sweep","floor":11.0},{"not_picked":["Setup","Quick Slash"],"picked":"Dash","floor":14.0}],"player_experience":678468,"relics_obtained":[{"floor":6.0,"key":"Omamori"},{"floor":8.0,"key":"Boot"},{"floor":9.0,"key":"Ice Cream"},{"floor":14.0,"key":"Prayer Wheel"}],"event_choices":[{"damage_healed":0.0,"max_hp_gain":0.0,"max_hp_loss":0.0,"gold_gain":0.0,"event_name":"Shining Light","player_choice":"Entered Light","floor":3.0,"gold_loss":0.0,"damage_taken":20.0,"cards_upgraded":["Defend_G","Strike_G"]},{"damage_healed":0.0,"max_hp_gain":0.0,"max_hp_loss":0.0,"gold_gain":75.0,"event_name":"World of Goop","player_choice":"Gather Gold","floor":4.0,"gold_loss":0.0,"damage_taken":11.0},{"damage_healed":0.0,"max_hp_gain":0.0,"max_hp_loss":6.0,"gold_gain":0.0,"event_name":"Golden Idol","player_choice":"Lose Max HP","floor":7.0,"gold_loss":0.0,"damage_taken":0.0,"relics_obtained":["Golden Idol"]},{"cards_removed":["Strike_G"],"damage_healed":0.0,"max_hp_gain":0.0,"max_hp_loss":0.0,"gold_gain":0.0,"event_name":"Golden Wing","player_choice":"Card Removal","floor":12.0,"gold_loss":0.0,"damage_taken":7.0}],"is_beta":false,"boss_relics":[],"items_purged_floors":[],"is_endless":false,"potions_floor_spawned":[1,5,6],"killed_by":"Slime Boss","ascension_level":19}