{"gold_per_floor":[368,381,381,79,94,94,125,143,143,143,143,158,158,191,191,265,265,277,43,56,106,106,106,116,135,135,135,147,47,47,60,60,60],"floor_reached":33,"playtime":999,"items_purged":["Strike_B","Strike_B"],"score":450,"play_id":"3a4630ce-68bd-4dc3-b5f1-e8a93418cd17","local_time":"20180828011105","is_ascension_mode":true,"campfire_choices":[{"data":"Zap","floor":6.0,"key":"SMITH"},{"floor":10.0,"key":"REST"},{"data":"Rip and Tear","floor":13.0,"key":"SMITH"},{"data":"Cold Snap","floor":15.0,"key":"SMITH"},{"data":"Sweeping Beam","floor":23.0,"key":"SMITH"},{"data":"Glacier","floor":30.0,"key":"SMITH"},{"data":"Capacitor","floor":32.0,"key":"SMITH"}],"neow_cost":"TEN_PERCENT_HP_LOSS","seed_source_timestamp":30257449005821,"circlet_count":0,"master_deck":["Strike_B","Strike_B","Defend_B","Defend_B","Defend_B","Defend_B","Zap+1","Dualcast","AscendersBane","Rip and Tear+1","Glacier+1","Steam","Echo Form","Go for the Eyes","Cold Snap+1","Biased Cognition","BootSequence","Sweeping Beam+1","Capacitor+1","Ball Lightning","Consume+1","Barrage"],"special_seed":0,"relics":["Cracked Core","Bag of Marbles","Ancient Tea Set","Potion Belt","Bottled Lightning","Coffee Dripper","Toolbox","Cables","FaceOfCleric"],"potions_floor_usage":[33,33,33,33],"damage_taken":[{"damage":3.0,"enemies":"2 Louse","floor":1.0,"turns":2.0},{"damage":7.0,"enemies":"Small Slimes","floor":2.0,"turns":3.0},{"damage":1.0,"enemies":"Cultist","floor":5.0,"turns":3.0},{"damage":32.0,"enemies":"Gremlin Nob","floor":7.0,"turns":6.0},{"damage":0.0,"enemies":"Blue Slaver","floor":8.0,"turns":3.0},{"damage":1.0,"enemies":"3 Louse","floor":12.0,"turns":4.0},{"damage":6.0,"enemies":"3 Sentries","floor":14.0,"turns":8.0},{"damage":27.0,"enemies":"Slime Boss","floor":16.0,"turns":11.0},{"damage":6.0,"enemies":"3 Byrds","floor":18.0,"turns":5.0},{"damage":18.0,"enemies":"2 Thieves","floor":20.0,"turns":3.0},{"damage":5.0,"enemies":"3 Cultists","floor":24.0,"turns":4.0},{"damage":10.0,"enemies":"Shelled Parasite and Fungi","floor":25.0,"turns":5.0},{"damage":2.0,"enemies":"Snake Plant","floor":28.0,"turns":4.0},{"damage":0.0,"enemies":"3 Cultists","floor":31.0,"turns":4.0},{"damage":33,"enemies":"Automaton","floor":33,"turns":6}],"seed_played":"-8308284412141450844","potions_obtained":[{"floor":5.0,"key":"Energy Potion"},{"floor":7.0,"key":"Energy Potion"},{"floor":12.0,"key":"Fire Potion"},{"floor":18.0,"key":"FocusPotion"},{"floor":24.0,"key":"Swift Potion"},{"floor":28.0,"key":"AttackPotion"}],"is_trial":false,"path_per_floor":["M","M","?","$","M","R","E","M","T","R","?","M","R","E","R","B",null,"M","$","M","?","?","R","M","M","T","?","M","$","R","M","R"],"character_chosen":"DEFECT","items_purchased":["Glacier","Bag of Marbles","Toolbox","Sweeping Beam"],"campfire_rested":1,"item_purchase_floors":[4,4,19,19],"current_hp_per_floor":[61,54,59,59,58,58,26,26,26,46,46,45,45,39,39,12,55,49,49,31,31,31,31,26,16,16,16,15,15,15,16,16,0],"gold":60,"neow_bonus":"TWO_FIFTY_GOLD","is_prod":false,"is_daily":false,"chose_seed":false,"campfire_upgraded":6,"win_rate":0,"timestamp":1535407865,"path_taken":["M","M","?","$","?","R","E","M","T","R","?","M","R","E","R","BOSS","M","$","M","?","?","R","M","M","T","?","M","?","R","M","R","BOSS"],"build_version":"2018-08-23v2","purchased_purges":2,"victory":false,"max_hp_per_floor":[64,64,69,69,69,69,69,69,69,69,69,69,69,69,69,69,69,69,69,69,69,69,69,69,69,69,69,70,70,70,71,71,71],"card_choices":[{"not_picked":["Gash","Rebound","Streamline"],"picked":"SKIP","floor":1.0},{"not_picked":["Rebound","Hologram"],"picked":"Rip and Tear","floor":2.0},{"not_picked":["Skim","Steam Power"],"picked":"Steam","floor":5.0},{"not_picked":["Gash","Undo"],"picked":"Echo Form","floor":7.0},{"not_picked":["Gash","Fusion"],"picked":"Go for the Eyes","floor":8.0},{"not_picked":["Rip and Tear","Double Energy","Turbo"],"picked":"SKIP","floor":12.0},{"not_picked":["Tempest","Genetic Algorithm"],"picked":"Cold Snap","floor":14.0},{"not_picked":["Multi-Cast","Creative AI"],"picked":"Biased Cognition","floor":16.0},{"not_picked":["Steam","Undo"],"picked":"BootSequence","floor":18.0},{"not_picked":["Hello World","Tempest","Barrage"],"picked":"SKIP","floor":20.0},{"not_picked":["Chill","Rebound"],"picked":"Capacitor","floor":24.0},{"not_picked":["Force Field","Gash+1"],"picked":"Ball Lightning","floor":25.0},{"not_picked":["Rip and Tear","Darkness"],"picked":"Consume+1","floor":28.0},{"not_picked":["Gash","Cold Snap"],"picked":"Barrage","floor":31.0}],"player_experience":442949,"relics_obtained":[{"floor":7.0,"key":"Ancient Tea Set"},{"floor":9.0,"key":"Potion Belt"},{"floor":14.0,"key":"Bottled Lightning"},{"floor":26.0,"key":"Cables"}],"event_choices":[{"event_name":"Big Fish","player_choice":"Donut","floor":3.0,"damage_taken":0.0},{"event_name":"Golden Wing","player_choice":"Ignored","floor":11.0,"damage_taken":0.0},{"event_name":"Nest","player_choice":"Stole From Cult","floor":21.0,"damage_taken":0.0},{"event_name":"Vampires","player_choice":"Ignored","floor":22.0,"damage_taken":0.0},{"event_name":"FaceTrader","player_choice":"Trade","floor":27.0,"damage_taken":0.0}],"is_beta":false,"boss_relics":[{"not_picked":["Lizard Tail","Busted Crown"],"picked":"Coffee Dripper"}],"items_purged_floors":[4,29],"is_endless":false,"potions_floor_spawned":[5,7,8,12,18,24,25,28,31],"killed_by":"Automaton","ascension_level":15}