{"gold_per_floor":[109,125,95,95,95,130,145,155,237,266,266,277,277,293,293,390,420,405,405,420,420],"floor_reached":21,"playtime":1661,"items_purged":[],"score":266,"play_id":"5dd66dc5-0d65-49c2-8532-efa8e30470cc","local_time":"20180726114156","is_ascension_mode":false,"campfire_choices":[{"floor":13,"key":"REST"},{"data":"Night Terror","floor":15,"key":"SMITH"}],"neow_cost":"NONE","seed_source_timestamp":29790469161877,"circlet_count":0,"master_deck":["Defend_G","Defend_G","Defend_G","Defend_G","Defend_G","Strike_G","Strike_G","Strike_G","Strike_G","Survivor","Neutralize","Tactician","Flechettes","Footwork","Bane","Neutralize","Noxious Fumes","All Out Attack","Masterful Stab","Poisoned Stab","Deflect","Flying Knee","Choke","Acrobatics","Night Terror+1","Cloak And Dagger","Eviscerate","Venomology","Decay","Pain","Regret","Backflip+1","Flying Knee","Writhe","Cloak And Dagger","Outmaneuver+1"],"relics":["Ring of the Snake","Bag of Marbles","Prayer Wheel","Bottled Lightning","Potion Belt","Calling Bell","Tiny Chest","Matryoshka","The Specimen","Peace Pipe"],"potions_floor_usage":[10,10,12,12,16,16,16,16,20,20,21,21,21],"damage_taken":[{"damage":0,"enemies":"2 Louse","floor":1,"turns":4},{"damage":2,"enemies":"Cultist","floor":2,"turns":4},{"damage":42,"enemies":"Gremlin Nob","floor":6,"turns":6},{"damage":0,"enemies":"Small Slimes","floor":7,"turns":1},{"damage":10,"enemies":"3 Louse","floor":8,"turns":2},{"damage":6,"enemies":"Lagavulin","floor":10,"turns":6},{"damage":2,"enemies":"Exordium Thugs","floor":12,"turns":4},{"damage":0,"enemies":"Looter","floor":14,"turns":1},{"damage":0,"enemies":"Slime Boss","floor":16,"turns":5},{"damage":21,"enemies":"2 Thieves","floor":18,"turns":4},{"damage":30,"enemies":"Shell Parasite","floor":20,"turns":7},{"damage":24,"enemies":"3 Cultists","floor":21,"turns":5}],"seed_played":"-8322619428134005346","potions_obtained":[{"floor":2,"key":"SpeedPotion"},{"floor":3,"key":"SteroidPotion"},{"floor":3,"key":"EntropicBrew"},{"floor":12,"key":"Strength Potion"},{"floor":14,"key":"Poison Potion"},{"floor":18,"key":"GamblersBrew"},{"floor":20,"key":"GhostInAJar"}],"is_trial":false,"path_per_floor":["M","M","?","?","?","E","M","M","T","E","?","M","R","M","R","B",null,"M","?","M"],"character_chosen":"THE_SILENT","items_purchased":[],"campfire_rested":1,"item_purchase_floors":[],"current_hp_per_floor":[70,68,68,68,68,26,26,16,16,10,10,8,29,29,29,29,70,49,49,19,0],"gold":420,"neow_bonus":"RANDOM_COMMON_RELIC","is_prod":false,"is_daily":false,"chose_seed":false,"campfire_upgraded":1,"win_rate":0,"timestamp":1532601716,"path_taken":["M","M","?","?","?","E","M","M","T","E","?","M","R","?","R","BOSS","M","?","?","?"],"build_version":"2018-07-19v2","purchased_purges":0,"victory":false,"max_hp_per_floor":[70,70,70,70,70,70,70,70,70,70,70,70,70,70,70,70,70,70,70,70,70],"card_choices":[{"not_picked":["Dagger Spray","PiercingWail"],"picked":"Tactician","floor":1},{"not_picked":["Leg Sweep","Infinite Blades"],"picked":"Flechettes","floor":2},{"not_picked":["Accuracy","Footwork"],"picked":"All Out Attack","floor":6},{"not_picked":["Bane","Blur"],"picked":"Masterful Stab","floor":7},{"not_picked":["Flechettes","Slice"],"picked":"Poisoned Stab","floor":7},{"not_picked":["Endless Agony","Well Laid Plans"],"picked":"Deflect","floor":8},{"not_picked":["Slice","Leg Sweep"],"picked":"Flying Knee","floor":8},{"not_picked":["Slice","Expertise"],"picked":"Choke","floor":10},{"not_picked":["Quick Slash","Flechettes"],"picked":"Acrobatics","floor":12},{"not_picked":["Tactician","Expertise"],"picked":"Night Terror","floor":12},{"not_picked":["Dodge and Roll","Acrobatics"],"picked":"Cloak And Dagger","floor":14},{"not_picked":["PiercingWail","Underhanded Strike"],"picked":"Eviscerate","floor":14},{"not_picked":["Adrenaline","Burst"],"picked":"Venomology","floor":16},{"not_picked":["Eviscerate","Deadly Poison"],"picked":"Backflip+1","floor":18},{"not_picked":["Dagger Spray","Masterful Stab"],"picked":"Flying Knee","floor":18},{"not_picked":["Leg Sweep","Dodge and Roll"],"picked":"Cloak And Dagger","floor":20},{"not_picked":["PiercingWail","Phantasmal Killer"],"picked":"Outmaneuver+1","floor":20}],"player_experience":57698,"relics_obtained":[{"floor":6,"key":"Prayer Wheel"},{"floor":9,"key":"Bottled Lightning"},{"floor":10,"key":"Potion Belt"},{"floor":17,"key":"Tiny Chest"},{"floor":17,"key":"Matryoshka"},{"floor":17,"key":"The Specimen"}],"event_choices":[{"event_name":"The Woman in Blue","player_choice":"Bought 2 Potions","floor":3,"damage_taken":0},{"event_name":"Match and Keep!","player_choice":"3 cards matched","floor":4,"damage_taken":0},{"event_name":"Living Wall","player_choice":"Change","floor":5,"damage_taken":0},{"event_name":"Shining Light","player_choice":"Ignored","floor":11,"damage_taken":0},{"event_name":"The Mausoleum","player_choice":"Yes","floor":19,"damage_taken":0}],"is_beta":false,"boss_relics":[{"not_picked":["Velvet Choker","Tiny House"],"picked":"Calling Bell"}],"items_purged_floors":[],"is_endless":false,"potions_floor_spawned":[2,7,8,12,14,18,20],"killed_by":"3 Cultists","ascension_level":0}