{"gold_per_floor":[113,126,33,46,46,46,56,56,83,93,93,6,25,36,36,36],"floor_reached":16,"playtime":563,"items_purged":[],"score":183,"play_id":"d6ef7773-04b4-4cc9-9779-37b47f5bb4a8","local_time":"20190122224809","is_ascension_mode":true,"campfire_choices":[{"data":"Riddle With Holes","floor":6,"key":"SMITH"},{"data":"Bouncing Flask","floor":11,"key":"SMITH"},{"floor":15,"key":"REST"}],"neow_cost":"NONE","seed_source_timestamp":37406556800541,"circlet_count":0,"master_deck":["AscendersBane","Defend_G","Defend_G","Defend_G","Defend_G","Defend_G","Strike_G","Strike_G","Strike_G","Strike_G","Survivor","Neutralize","Tools of the Trade","Crippling Poison","Well Laid Plans","Riddle With Holes+1","Backflip","Quick Slash","Bouncing Flask+1","Noxious Fumes"],"relics":["Ring of the Snake","Bag of Marbles"],"potions_floor_usage":[16,16],"damage_taken":[{"damage":10,"enemies":"Cultist","floor":1,"turns":5},{"damage":11,"enemies":"2 Louse","floor":2,"turns":4},{"damage":1,"enemies":"Small Slimes","floor":4,"turns":4},{"damage":6,"enemies":"3 Louse","floor":7,"turns":4},{"damage":4,"enemies":"2 Fungi Beasts","floor":10,"turns":4},{"damage":4,"enemies":"Large Slime","floor":13,"turns":4},{"damage":7,"enemies":"Red Slaver","floor":14,"turns":3},{"damage":60,"enemies":"Slime Boss","floor":16,"turns":9}],"seed_played":"-6247194806559080835","potions_obtained":[{"floor":7,"key":"Regen Potion"},{"floor":10,"key":"Swift Potion"}],"is_trial":false,"path_per_floor":["M","M","$","M","$","R","M","?","T","M","R","$","M","M","R","B"],"character_chosen":"THE_SILENT","items_purchased":["Riddle With Holes","Backflip","Noxious Fumes"],"campfire_rested":1,"item_purchase_floors":[3,3,12],"current_hp_per_floor":[49,38,38,37,37,37,31,31,31,27,27,27,23,16,35,0],"gold":36,"neow_bonus":"ONE_RANDOM_RARE_CARD","is_prod":false,"is_daily":false,"chose_seed":false,"campfire_upgraded":2,"win_rate":0,"timestamp":1548186489,"path_taken":["M","?","$","M","$","R","M","?","T","M","R","$","M","M","R","BOSS"],"build_version":"2019-01-17v2","purchased_purges":0,"victory":false,"max_hp_per_floor":[66,66,66,66,66,66,66,66,66,66,66,66,66,66,66,66],"card_choices":[{"not_picked":["Flying Knee","Quick Slash"],"picked":"Crippling Poison","floor":1},{"not_picked":["Escape Plan","Dagger Throw"],"picked":"Well Laid Plans","floor":2},{"not_picked":["Riddle With Holes","Backflip"],"picked":"Quick Slash","floor":4},{"not_picked":["Quick Slash","Outmaneuver"],"picked":"Bouncing Flask","floor":7},{"not_picked":["Infinite Blades","Quick Slash","Blade Dance"],"picked":"SKIP","floor":10},{"not_picked":["Caltrops","Heel Hook","Flying Knee"],"picked":"SKIP","floor":13},{"not_picked":["Concentrate","Malaise","Outmaneuver"],"picked":"SKIP","floor":14}],"player_experience":712904,"relics_obtained":[{"floor":9,"key":"Bag of Marbles"}],"event_choices":[{"cards_removed":["Strike_G"],"damage_healed":0,"gold_gain":0,"player_choice":"Purged","damage_taken":0,"max_hp_gain":0,"max_hp_loss":0,"event_name":"Purifier","floor":8,"gold_loss":0}],"is_beta":false,"boss_relics":[],"items_purged_floors":[],"is_endless":false,"potions_floor_spawned":[7,10],"killed_by":"Slime Boss","ascension_level":19}