{"gold_per_floor":[119,139,139,139,152,186,186,206,206,222,222,241,276,295,295,392,392,405,405,417,417,111,111,142,142],"floor_reached":25,"playtime":737,"items_purged":["Strike_R"],"score":268,"play_id":"901d7d4b-a052-4d81-85cf-674a475a4898","local_time":"20190623183256","is_ascension_mode":true,"campfire_choices":[{"data":"Bash","floor":7,"key":"SMITH"},{"data":"Inflame","floor":11,"key":"SMITH"},{"data":"Sword Boomerang","floor":15,"key":"SMITH"},{"data":"Carnage","floor":23,"key":"SMITH"}],"neow_cost":"PERCENT_DAMAGE","seed_source_timestamp":38023007852549,"circlet_count":0,"master_deck":["Strike_R","Strike_R","Strike_R","Defend_R","Defend_R","Defend_R","Defend_R","Bash+1","Cleave","Warcry","Inflame+1","Sword Boomerang+1","Offering","Headbutt","Seeing Red","Carnage+1","Shrug It Off","Dropkick+1"],"relics":["Burning Blood","FossilizedHelix","Smiling Mask","Letter Opener","Dream Catcher","Du-Vu Doll","Orrery","Sundial","Lantern"],"potions_floor_usage":[16,16,24,25],"damage_taken":[{"damage":2,"enemies":"Jaw Worm","floor":1,"turns":4},{"damage":0,"enemies":"Small Slimes","floor":2,"turns":2},{"damage":0,"enemies":"Cultist","floor":5,"turns":3},{"damage":24,"enemies":"Gremlin Nob","floor":6,"turns":5},{"damage":0,"enemies":"3 Louse","floor":8,"turns":3},{"damage":23,"enemies":"Gremlin Gang","floor":10,"turns":4},{"damage":0,"enemies":"Red Slaver","floor":12,"turns":2},{"damage":25,"enemies":"3 Sentries","floor":13,"turns":6},{"damage":6,"enemies":"2 Fungi Beasts","floor":14,"turns":4},{"damage":18,"enemies":"Hexaghost","floor":16,"turns":8},{"damage":16,"enemies":"Shell Parasite","floor":18,"turns":3},{"damage":17,"enemies":"2 Thieves","floor":20,"turns":3},{"damage":50,"enemies":"Book of Stabbing","floor":24,"turns":4},{"damage":26,"enemies":"Sentry and Sphere","floor":25,"turns":3}],"seed_played":"-8597887678670834180","potions_obtained":[{"floor":5,"key":"EssenceOfSteel"},{"floor":8,"key":"SteroidPotion"},{"floor":10,"key":"Dexterity Potion"},{"floor":16,"key":"EssenceOfSteel"},{"floor":21,"key":"BloodPotion"},{"floor":21,"key":"Dexterity Potion"},{"floor":24,"key":"Poison Potion"}],"is_trial":false,"path_per_floor":["M","M","?","?","M","E","R","M","T","M","R","M","E","M","R","B",null,"M","?","M","?","$","R","E","M"],"character_chosen":"IRONCLAD","items_purchased":["Sundial"],"campfire_rested":0,"item_purchase_floors":[22],"current_hp_per_floor":[60,66,59,59,65,47,47,53,53,36,36,42,23,23,23,11,80,70,70,59,59,59,59,23,0],"gold":142,"neow_bonus":"ONE_RARE_RELIC","is_prod":false,"is_daily":false,"chose_seed":false,"campfire_upgraded":4,"win_rate":0,"timestamp":1561303976,"path_taken":["M","M","?","?","M","E","R","M","T","M","R","M","E","?","R","BOSS","M","?","?","?","$","R","E","M"],"build_version":"2019-01-23","purchased_purges":1,"victory":false,"max_hp_per_floor":[80,80,80,80,80,80,80,80,80,80,80,80,80,80,80,80,80,80,80,80,80,80,80,80,80],"card_choices":[{"not_picked":["Clash","Havoc"],"picked":"Cleave","floor":1},{"not_picked":["Anger","Body Slam","Hemokinesis"],"picked":"SKIP","floor":2},{"not_picked":["Wild Strike","Thunderclap"],"picked":"Cleave","floor":5},{"not_picked":["Sever Soul","Heavy Blade","Havoc"],"picked":"SKIP","floor":6},{"not_picked":["Thunderclap","Bludgeon"],"picked":"Warcry","floor":8},{"not_picked":["Clash","Entrench"],"picked":"Inflame","floor":10},{"not_picked":["Iron Wave","Warcry","Cleave"],"picked":"SKIP","floor":12},{"not_picked":["Thunderclap","Cleave"],"picked":"Sword Boomerang","floor":13},{"not_picked":["Dual Wield","Cleave","Pummel"],"picked":"SKIP","floor":14},{"not_picked":["Barricade","Brutality"],"picked":"Offering","floor":16},{"not_picked":["Entrench","Clothesline"],"picked":"Headbutt","floor":17},{"not_picked":["Havoc","Infernal Blade"],"picked":"Seeing Red","floor":17},{"not_picked":["Flex","Clothesline"],"picked":"Carnage","floor":17},{"not_picked":["Heavy Blade","Sword Boomerang+1"],"picked":"Shrug It Off","floor":18},{"not_picked":["Flex+1","Anger","Berserk"],"picked":"SKIP","floor":20},{"not_picked":["Double Tap","Pummel"],"picked":"Dropkick+1","floor":24}],"player_experience":1001356,"relics_obtained":[{"floor":6,"key":"Letter Opener"},{"floor":9,"key":"Dream Catcher"},{"floor":13,"key":"Du-Vu Doll"},{"floor":24,"key":"Lantern"}],"event_choices":[{"cards_removed":["Strike_R"],"damage_healed":0,"gold_gain":0,"player_choice":"Card Removal","damage_taken":7,"max_hp_gain":0,"max_hp_loss":0,"event_name":"Golden Wing","floor":3,"gold_loss":0},{"cards_removed":["Cleave"],"damage_healed":0,"gold_gain":0,"player_choice":"Gave Card","damage_taken":0,"relics_obtained":["Smiling Mask"],"max_hp_gain":0,"max_hp_loss":0,"event_name":"WeMeetAgain","floor":4,"gold_loss":0},{"damage_healed":0,"gold_gain":0,"player_choice":"Bought 0 Potions","damage_taken":0,"max_hp_gain":0,"max_hp_loss":0,"event_name":"The Woman in Blue","floor":19,"gold_loss":0},{"damage_healed":0,"gold_gain":0,"player_choice":"Got Potions","damage_taken":0,"max_hp_gain":0,"max_hp_loss":0,"event_name":"Lab","floor":21,"gold_loss":0}],"is_beta":false,"boss_relics":[{"not_picked":["Pandora\u0027s Box","Eternal Feather"],"picked":"Orrery"}],"items_purged_floors":[22],"is_endless":false,"potions_floor_spawned":[5,8,10,14,16,24],"killed_by":"Sentry and Sphere","ascension_level":3}