{"gold_per_floor":[119,33,48,62,62,62,93,93,116,155,174,174,189,207,207,207],"floor_reached":16,"playtime":346,"items_purged":[],"score":218,"play_id":"6528f96b-8fbc-4ec3-8b5f-53c7543410c5","local_time":"20190129155429","is_ascension_mode":true,"campfire_choices":[{"data":"Skewer","floor":6.0,"key":"SMITH"},{"data":"Dash","floor":8.0,"key":"SMITH"},{"data":"Noxious Fumes","floor":12.0,"key":"SMITH"},{"data":"Neutralize","floor":15.0,"key":"SMITH"}],"neow_cost":"NONE","seed_source_timestamp":13097126607913,"circlet_count":0,"master_deck":["AscendersBane","Defend_G","Defend_G","Defend_G","Defend_G","Defend_G","Strike_G","Strike_G","Strike_G","Strike_G","Strike_G","Survivor","Neutralize+1","Skewer+1","Dash+1","PiercingWail","Backstab","Noxious Fumes+1","Deflect","Escape Plan"],"special_seed":0,"relics":["Ring of the Snake","NeowsBlessing","Golden Idol","Strawberry","Happy Flower","Darkstone Periapt"],"potions_floor_usage":[16,16],"damage_taken":[{"damage":0.0,"enemies":"Cultist","floor":1.0,"turns":1.0},{"damage":0.0,"enemies":"2 Louse","floor":3.0,"turns":1.0},{"damage":0.0,"enemies":"Jaw Worm","floor":4.0,"turns":1.0},{"damage":20.0,"enemies":"Gremlin Nob","floor":7.0,"turns":4.0},{"damage":15.0,"enemies":"3 Sentries","floor":10.0,"turns":5.0},{"damage":1.0,"enemies":"Looter","floor":11.0,"turns":2.0},{"damage":1.0,"enemies":"Exordium Thugs","floor":13.0,"turns":5.0},{"damage":1.0,"enemies":"Gremlin Gang","floor":14.0,"turns":5.0},{"damage":28,"enemies":"Slime Boss","floor":16,"turns":7}],"seed_played":"7981338513301954184","potions_obtained":[{"floor":1.0,"key":"Swift Potion"},{"floor":3.0,"key":"SteroidPotion"},{"floor":10.0,"key":"Weak Potion"},{"floor":14.0,"key":"LiquidBronze"}],"is_trial":false,"path_per_floor":["M","$","M","M","?","R","E","R","T","E","M","R","M","M","R","B"],"character_chosen":"THE_SILENT","items_purchased":["Dash"],"campfire_rested":0,"item_purchase_floors":[2],"current_hp_per_floor":[59,59,59,59,59,59,46,46,46,31,30,30,29,28,28,0],"gold":207,"neow_bonus":"THREE_ENEMY_KILL","is_prod":false,"is_daily":false,"chose_seed":false,"campfire_upgraded":4,"win_rate":0,"timestamp":1548766469,"path_taken":["M","$","M","?","?","R","E","R","T","E","M","R","M","M","R","BOSS"],"build_version":"2019-01-23","purchased_purges":0,"victory":false,"max_hp_per_floor":[66,66,66,66,60,60,67,67,67,67,67,67,67,67,67,67],"card_choices":[{"not_picked":["Choke","Cloak And Dagger"],"picked":"Skewer","floor":1.0},{"not_picked":["Underhanded Strike","Dagger Throw"],"picked":"PiercingWail","floor":3.0},{"not_picked":["Dagger Throw","Blade Dance"],"picked":"Backstab","floor":4.0},{"not_picked":["Tools of the Trade","Doppelganger","Slice"],"picked":"SKIP","floor":7.0},{"not_picked":["Choke","Burst","Eviscerate"],"picked":"SKIP","floor":10.0},{"not_picked":["Setup","Outmaneuver"],"picked":"Noxious Fumes","floor":11.0},{"not_picked":["Skewer","Acrobatics"],"picked":"Deflect","floor":13.0},{"not_picked":["Distraction","Quick Slash"],"picked":"Escape Plan","floor":14.0}],"player_experience":721749,"relics_obtained":[{"floor":7.0,"key":"Strawberry"},{"floor":9.0,"key":"Happy Flower"},{"floor":10.0,"key":"Darkstone Periapt"}],"event_choices":[{"damage_healed":0.0,"max_hp_gain":0.0,"max_hp_loss":6.0,"gold_gain":0.0,"event_name":"Golden Idol","player_choice":"Lose Max HP","floor":5.0,"gold_loss":0.0,"damage_taken":0.0,"relics_obtained":["Golden Idol"]}],"is_beta":false,"boss_relics":[],"items_purged_floors":[],"is_endless":false,"potions_floor_spawned":[1,3,10,14],"killed_by":"Slime Boss","ascension_level":19}