{"gold_per_floor":[118,118,142,67,83,83,103,103,103,103,103,123,123,141,141,270,270,265,265,283,306,206,206,206,206,206,206,230,230,254,275,275,275],"floor_reached":33,"playtime":1694,"items_purged":["Strike_R","Strike_R"],"score":239,"play_id":"a01e39d7-eeee-4041-afea-8bf7d27ff6ca","local_time":"20190602011608","is_ascension_mode":false,"campfire_choices":[{"data":"Shockwave","floor":6,"key":"SMITH"},{"data":"Bash","floor":8,"key":"SMITH"},{"floor":10,"key":"REST"},{"data":"Rampage","floor":13,"key":"SMITH"},{"data":"Defend_R","floor":15,"key":"SMITH"},{"floor":27,"key":"REST"},{"data":"Rampage","floor":29,"key":"SMITH"},{"floor":32,"key":"REST"}],"neow_cost":"NONE","seed_source_timestamp":47724018325411,"circlet_count":0,"master_deck":["Strike_R","Strike_R","Defend_R","Defend_R","Defend_R","Defend_R+1","Bash+1","Shockwave+1","Rampage+1","Brutality","Rampage+1","Decay","Writhe"],"relics":["Burning Blood","Golden Idol","Mummified Hand","Cursed Key","Enchiridion","Bronze Scales"],"potions_floor_usage":[16,30,33,33],"damage_taken":[{"damage":0,"enemies":"2 Louse","floor":1,"turns":3},{"damage":2,"enemies":"Small Slimes","floor":3,"turns":4},{"damage":3,"enemies":"Jaw Worm","floor":5,"turns":5},{"damage":9,"enemies":"2 Fungi Beasts","floor":7,"turns":5},{"damage":5,"enemies":"Red Slaver","floor":12,"turns":6},{"damage":8,"enemies":"Lots of Slimes","floor":14,"turns":5},{"damage":76,"enemies":"Slime Boss","floor":16,"turns":18},{"damage":24,"enemies":"2 Thieves","floor":18,"turns":4},{"damage":20,"enemies":"Spheric Guardian","floor":20,"turns":4},{"damage":3,"enemies":"3 Cultists","floor":21,"turns":4},{"damage":18,"enemies":"Cultist and Chosen","floor":28,"turns":6},{"damage":23,"enemies":"Centurion and Healer","floor":30,"turns":6},{"damage":20,"enemies":"Snake Plant","floor":31,"turns":4},{"damage":66,"enemies":"Champ","floor":33,"turns":9}],"seed_played":"5622585606005929155","potions_obtained":[{"floor":12,"key":"SpeedPotion"},{"floor":14,"key":"Explosive Potion"},{"floor":16,"key":"Strength Potion"},{"floor":20,"key":"BloodPotion"},{"floor":28,"key":"Dexterity Potion"},{"floor":31,"key":"SneckoOil"}],"is_trial":false,"path_per_floor":["M","?","M","$","M","R","M","R","T","R","?","M","R","M","R","B",null,"M","?","M","M","$","?","?","?","T","R","M","R","M","M","R","B"],"character_chosen":"IRONCLAD","items_purchased":[],"campfire_rested":3,"item_purchase_floors":[],"current_hp_per_floor":[80,60,64,64,67,67,64,64,64,80,80,80,80,78,78,8,80,62,46,32,35,35,35,35,35,35,59,47,47,38,24,48,0],"gold":275,"neow_bonus":"REMOVE_CARD","is_prod":false,"is_daily":false,"chose_seed":false,"campfire_upgraded":5,"win_rate":0,"timestamp":1559430968,"path_taken":["M","?","M","$","M","R","M","R","T","R","?","M","R","M","R","BOSS","M","?","M","M","$","?","?","?","T","R","M","R","M","M","R","BOSS"],"build_version":"2019-01-23","purchased_purges":2,"victory":false,"max_hp_per_floor":[80,80,80,80,80,80,80,80,80,80,80,80,80,80,80,80,80,80,80,80,80,80,80,80,80,80,80,80,80,80,80,80,80],"card_choices":[{"not_picked":["Flex","Sever Soul","Sword Boomerang"],"picked":"SKIP","floor":1},{"not_picked":["Corruption","Wild Strike"],"picked":"Shockwave","floor":3},{"not_picked":["Pommel Strike","Clothesline","Carnage"],"picked":"SKIP","floor":5},{"not_picked":["Exhume","True Grit","Hemokinesis"],"picked":"SKIP","floor":7},{"not_picked":["Clash","Combust"],"picked":"Rampage","floor":12},{"not_picked":["Armaments","Combust","Perfected Strike"],"picked":"SKIP","floor":14},{"not_picked":["Limit Break","Juggernaut"],"picked":"Brutality","floor":16},{"not_picked":["Wild Strike+1","Rampage","Sword Boomerang"],"picked":"SKIP","floor":18},{"not_picked":["Hemokinesis+1","Sentinel"],"picked":"Rampage","floor":20},{"not_picked":["Searing Blow","Twin Strike","Armaments+1"],"picked":"SKIP","floor":21},{"not_picked":["Anger","Feel No Pain","Uppercut"],"picked":"SKIP","floor":28},{"not_picked":["Anger","Pommel Strike","Sword Boomerang"],"picked":"SKIP","floor":30},{"not_picked":["Searing Blow","Disarm","Heavy Blade+1"],"picked":"SKIP","floor":31}],"player_experience":373542,"relics_obtained":[{"floor":9,"key":"Mummified Hand"},{"floor":19,"key":"Enchiridion"},{"floor":26,"key":"Bronze Scales"}],"event_choices":[{"damage_healed":0,"gold_gain":0,"player_choice":"Take Damage","damage_taken":20,"relics_obtained":["Golden Idol"],"max_hp_gain":0,"max_hp_loss":0,"event_name":"Golden Idol","floor":2,"gold_loss":0},{"damage_healed":0,"gold_gain":0,"player_choice":"Ignored","damage_taken":0,"max_hp_gain":0,"max_hp_loss":0,"event_name":"Liars Game","floor":11,"gold_loss":0},{"damage_healed":0,"gold_gain":0,"player_choice":"Obtained Book","damage_taken":16,"max_hp_gain":0,"max_hp_loss":0,"event_name":"Cursed Tome","floor":19,"gold_loss":0},{"damage_healed":0,"gold_gain":0,"player_choice":"Ignored","damage_taken":0,"max_hp_gain":0,"max_hp_loss":0,"event_name":"Vampires","floor":23,"gold_loss":0},{"damage_healed":0,"gold_gain":0,"player_choice":"Ignored","damage_taken":0,"max_hp_gain":0,"max_hp_loss":0,"event_name":"Ghosts","floor":24,"gold_loss":0},{"damage_healed":0,"gold_gain":0,"player_choice":"Cursed","damage_taken":0,"max_hp_gain":0,"max_hp_loss":0,"event_name":"Wheel of Change","floor":25,"gold_loss":0,"cards_obtained":["Decay"]}],"is_beta":false,"boss_relics":[{"not_picked":["Lizard Tail","Snecko Eye"],"picked":"Cursed Key"}],"items_purged_floors":[4,22],"is_endless":false,"potions_floor_spawned":[12,14,16,20,28,31],"killed_by":"Champ","ascension_level":0}