{"gold_per_floor":[117,117,129,143,156,156,181,181,181,214,225,241,255,265,265,342,342,361,167,167,217,237,237,301,35,35,51,51,66,66,86,86,164,164,175,187,187,206,221,221,235,235,235,270,270,284,284,284,284,284,284],"floor_reached":51,"playtime":2028,"items_purged":["Strike_R"],"score":1351,"play_id":"2cea6c7f-fbfd-47f8-ba98-cb7431a4a9f7","local_time":"20181202195519","is_ascension_mode":true,"campfire_choices":[{"data":"Shrug It Off","floor":6.0,"key":"SMITH"},{"floor":8.0,"key":"REST"},{"floor":15.0,"key":"REST"},{"floor":23.0,"key":"REST"},{"floor":28.0,"key":"REST"},{"floor":32.0,"key":"REST"},{"data":"Limit Break","floor":40.0,"key":"SMITH"},{"floor":42.0,"key":"REST"},{"floor":45.0,"key":"REST"},{"data":"Whirlwind","floor":47.0,"key":"SMITH"},{"floor":49.0,"key":"REST"}],"neow_cost":"NONE","seed_source_timestamp":27123433963125,"circlet_count":0,"master_deck":["AscendersBane","Strike_R","Strike_R","Strike_R","Defend_R","Defend_R","Defend_R","Defend_R","Bash","Shrug It Off+1","Clothesline","Sword Boomerang","Spot Weakness","Thunderclap","Flex","Corruption","Limit Break+1","Flex","Shrug It Off+1","Pommel Strike","Shockwave","Shrug It Off","Immolate","Flex+1","Infernal Blade+1","Sword Boomerang+1","Whirlwind+1"],"special_seed":0,"relics":["Burning Blood","The Courier","Ice Cream","Pocketwatch","Sozu","Anchor","Tiny Chest","Mango","Paper Frog","Lizard Tail","Sundial","Torii","PreservedInsect","Molten Egg 2"],"potions_floor_usage":[50],"damage_taken":[{"damage":4.0,"enemies":"Small Slimes","floor":1.0,"turns":4.0},{"damage":12.0,"enemies":"Cultist","floor":3.0,"turns":4.0},{"damage":3.0,"enemies":"2 Louse","floor":4.0,"turns":3.0},{"damage":18.0,"enemies":"Large Slime","floor":5.0,"turns":5.0},{"damage":45.0,"enemies":"Lagavulin","floor":7.0,"turns":8.0},{"damage":20.0,"enemies":"3 Sentries","floor":10.0,"turns":6.0},{"damage":0.0,"enemies":"2 Fungi Beasts","floor":11.0,"turns":2.0},{"damage":15.0,"enemies":"Exordium Wildlife","floor":12.0,"turns":3.0},{"damage":9.0,"enemies":"Red Slaver","floor":13.0,"turns":4.0},{"damage":12.0,"enemies":"3 Louse","floor":14.0,"turns":3.0},{"damage":36.0,"enemies":"Slime Boss","floor":16.0,"turns":8.0},{"damage":29.0,"enemies":"Chosen","floor":18.0,"turns":5.0},{"damage":13.0,"enemies":"Colosseum Slavers","floor":20.0,"turns":4.0},{"damage":8.0,"enemies":"3 Byrds","floor":22.0,"turns":2.0},{"damage":39.0,"enemies":"Gremlin Leader","floor":24.0,"turns":6.0},{"damage":13.0,"enemies":"Centurion and Healer","floor":27.0,"turns":5.0},{"damage":0.0,"enemies":"Snecko","floor":29.0,"turns":3.0},{"damage":52.0,"enemies":"Cultist and Chosen","floor":31.0,"turns":7.0},{"damage":29.0,"enemies":"Champ","floor":33.0,"turns":12.0},{"damage":0.0,"enemies":"3 Shapes","floor":35.0,"turns":1.0},{"damage":5.0,"enemies":"3 Darklings","floor":36.0,"turns":3.0},{"damage":5.0,"enemies":"4 Shapes","floor":38.0,"turns":5.0},{"damage":13.0,"enemies":"Jaw Worm Horde","floor":39.0,"turns":3.0},{"damage":52.0,"enemies":"Spire Growth","floor":41.0,"turns":5.0},{"damage":25.0,"enemies":"Nemesis","floor":44.0,"turns":7.0},{"damage":50.0,"enemies":"4 Shapes","floor":46.0,"turns":8.0},{"damage":73,"enemies":"Awakened One","floor":50,"turns":10},{"damage":40,"enemies":"Time Eater","floor":51,"turns":3}],"seed_played":"1336169388201826404","potions_obtained":[{"floor":3.0,"key":"Explosive Potion"},{"floor":5.0,"key":"Swift Potion"},{"floor":10.0,"key":"Swift Potion"},{"floor":13.0,"key":"Poison Potion"},{"floor":14.0,"key":"Dexterity Potion"},{"floor":16.0,"key":"LiquidBronze"}],"is_trial":false,"path_per_floor":["M","?","M","M","M","R","E","R","T","E","M","M","M","M","R","B",null,"M","$","?","?","M","R","E","$","T","M","R","M","?","M","R","B",null,"M","M","T","M","M","R","M","R","T","E","R","M","R","T","R","B","B"],"character_chosen":"IRONCLAD","items_purchased":["Anchor","Mango"],"campfire_rested":8,"item_purchase_floors":[19,25],"current_hp_per_floor":[77,77,71,74,62,62,23,47,47,33,39,30,27,21,45,15,65,42,42,35,35,33,57,24,38,38,31,59,65,65,19,47,24,78,84,85,85,86,79,79,33,61,61,42,70,26,26,26,54,36,0],"gold":284,"neow_bonus":"TEN_PERCENT_HP_BONUS","is_prod":false,"is_daily":false,"chose_seed":false,"campfire_upgraded":3,"win_rate":0,"timestamp":1543769719,"path_taken":["M","?","M","?","M","R","E","R","T","E","M","M","M","M","R","BOSS","M","$","?","?","M","R","E","$","T","M","R","M","?","?","R","BOSS","M","M","?","M","M","R","M","R","T","E","R","M","R","?","R","BOSS","BOSS"],"build_version":"2018-11-15","purchased_purges":1,"victory":false,"max_hp_per_floor":[82,82,82,82,82,82,82,82,82,82,82,82,82,82,82,82,82,82,82,82,82,82,82,82,96,96,96,96,96,96,96,96,96,96,96,96,96,96,96,96,96,96,96,96,96,96,96,96,96,96,96],"card_choices":[{"not_picked":["Rampage","Fire Breathing"],"picked":"Shrug It Off","floor":1.0},{"not_picked":["Pommel Strike","True Grit"],"picked":"Clothesline","floor":3.0},{"not_picked":["Second Wind","Havoc"],"picked":"Sword Boomerang","floor":4.0},{"not_picked":["Havoc","Anger","Hemokinesis"],"picked":"SKIP","floor":5.0},{"not_picked":["Headbutt","Clothesline"],"picked":"Spot Weakness","floor":7.0},{"not_picked":["Blood for Blood","Wild Strike"],"picked":"Thunderclap","floor":10.0},{"not_picked":["Carnage","Infernal Blade","Bloodletting"],"picked":"SKIP","floor":11.0},{"not_picked":["Dual Wield","Perfected Strike","Warcry"],"picked":"SKIP","floor":12.0},{"not_picked":["Thunderclap","Impervious"],"picked":"Flex","floor":13.0},{"not_picked":["Cleave","Iron Wave"],"picked":"Corruption","floor":14.0},{"not_picked":["Barricade","Berserk"],"picked":"Limit Break","floor":16.0},{"not_picked":["Heavy Blade","Wild Strike","Reckless Charge"],"picked":"SKIP","floor":18.0},{"not_picked":["Spot Weakness","Shockwave"],"picked":"Flex","floor":22.0},{"not_picked":["Exhume","Whirlwind"],"picked":"Shrug It Off+1","floor":24.0},{"not_picked":["Evolve","Entrench"],"picked":"Pommel Strike","floor":27.0},{"not_picked":["Wild Strike","True Grit"],"picked":"Shockwave","floor":29.0},{"not_picked":["Rupture","Second Wind"],"picked":"Shrug It Off","floor":31.0},{"not_picked":["Exhume","Dark Embrace"],"picked":"Immolate","floor":33.0},{"not_picked":["Thunderclap+1","Twin Strike"],"picked":"Flex+1","floor":35.0},{"not_picked":["Second Wind","Thunderclap"],"picked":"Infernal Blade+1","floor":36.0},{"not_picked":["Feed","Feel No Pain","Wild Strike"],"picked":"SKIP","floor":38.0},{"not_picked":["Carnage","Intimidate"],"picked":"Sword Boomerang+1","floor":39.0},{"not_picked":["Warcry+1","Twin Strike","Rampage"],"picked":"SKIP","floor":41.0},{"not_picked":["Sword Boomerang","Havoc","Sentinel"],"picked":"SKIP","floor":44.0},{"not_picked":["Carnage","Wild Strike+1"],"picked":"Whirlwind","floor":46.0}],"player_experience":556238,"relics_obtained":[{"floor":7.0,"key":"The Courier"},{"floor":9.0,"key":"Ice Cream"},{"floor":10.0,"key":"Pocketwatch"},{"floor":24.0,"key":"Tiny Chest"},{"floor":26.0,"key":"Paper Frog"},{"floor":37.0,"key":"Sundial"},{"floor":43.0,"key":"Torii"},{"floor":44.0,"key":"PreservedInsect"},{"floor":48.0,"key":"Molten Egg 2"}],"event_choices":[{"cards_removed":["Strike_R"],"damage_healed":0.0,"max_hp_gain":0.0,"max_hp_loss":0.0,"gold_gain":0.0,"event_name":"Bonfire Elementals","player_choice":"Offered Basic","floor":2.0,"gold_loss":0.0,"damage_taken":0.0},{"damage_healed":0.0,"max_hp_gain":0.0,"max_hp_loss":0.0,"gold_gain":0.0,"event_name":"Colosseum","player_choice":"Fight","floor":20.0,"gold_loss":0.0,"damage_taken":0.0},{"damage_healed":0.0,"max_hp_gain":0.0,"max_hp_loss":0.0,"gold_gain":0.0,"event_name":"Colosseum","player_choice":"Fled From Nobs","floor":20.0,"gold_loss":0.0,"damage_taken":0.0},{"damage_healed":0.0,"max_hp_gain":0.0,"max_hp_loss":0.0,"gold_gain":50.0,"event_name":"Nest","player_choice":"Stole From Cult","floor":21.0,"gold_loss":0.0,"damage_taken":0.0},{"damage_healed":0.0,"max_hp_gain":0.0,"max_hp_loss":0.0,"gold_gain":0.0,"event_name":"Vampires","player_choice":"Ignored","floor":30.0,"gold_loss":0.0,"damage_taken":0.0}],"is_beta":false,"boss_relics":[{"not_picked":["Busted Crown","Orrery"],"picked":"Sozu"},{"not_picked":["Snecko Eye","Tiny House"],"picked":"Lizard Tail"}],"items_purged_floors":[19],"is_endless":false,"potions_floor_spawned":[3,5,10,13,14,16,18,20,31,35,38,46],"killed_by":"Time Eater","ascension_level":20}