{"gold_per_floor":[113,128,138,150,150,178,178,213,240,240,240,253,282,296,296,391,391,405,425,443,443],"floor_reached":21,"playtime":1743,"items_purged":[],"score":305,"play_id":"b2fc5cd5-b2f4-4e13-8351-1cfa28b6ef50","local_time":"20190522230841","is_ascension_mode":true,"campfire_choices":[{"data":"Bash","floor":7,"key":"SMITH"},{"data":"Evolve","floor":11,"key":"SMITH"},{"data":"Inflame","floor":15,"key":"SMITH"}],"neow_cost":"NONE","seed_source_timestamp":110170600071362,"circlet_count":0,"master_deck":["AscendersBane","Strike_R","Strike_R","Strike_R","Strike_R","Strike_R","Defend_R","Defend_R","Defend_R","Defend_R","Bash+1","Evolve+1","Iron Wave","Seeing Red","Battle Trance","Intimidate","Reckless Charge","Power Through","Feel No Pain","Inflame+1","Barricade","Shrug It Off+1","Flame Barrier","Headbutt"],"relics":["Burning Blood","Paper Frog","Strawberry","Pen Nib","Bronze Scales"],"potions_floor_usage":[2,6,13,19],"damage_taken":[{"damage":7,"enemies":"Small Slimes","floor":1,"turns":5},{"damage":8,"enemies":"Jaw Worm","floor":2,"turns":4},{"damage":0,"enemies":"2 Louse","floor":3,"turns":2},{"damage":0,"enemies":"Red Slaver","floor":4,"turns":5},{"damage":41,"enemies":"Lagavulin","floor":6,"turns":9},{"damage":25,"enemies":"3 Sentries","floor":8,"turns":10},{"damage":6,"enemies":"Blue Slaver","floor":12,"turns":4},{"damage":6,"enemies":"Lagavulin","floor":13,"turns":8},{"damage":16,"enemies":"3 Louse","floor":14,"turns":3},{"damage":38,"enemies":"Hexaghost","floor":16,"turns":11},{"damage":14,"enemies":"Shell Parasite","floor":18,"turns":8},{"damage":22,"enemies":"2 Thieves","floor":19,"turns":4},{"damage":47,"enemies":"Sentry and Sphere","floor":20,"turns":12},{"damage":11,"enemies":"Centurion and Healer","floor":21,"turns":5}],"seed_played":"5271459500799205596","potions_obtained":[{"floor":2,"key":"Fruit Juice"},{"floor":4,"key":"EssenceOfSteel"},{"floor":8,"key":"Weak Potion"},{"floor":14,"key":"Fire Potion"},{"floor":19,"key":"Swift Potion"},{"floor":20,"key":"Fire Potion"}],"is_trial":false,"path_per_floor":["M","M","M","M","?","E","R","E","T","?","R","M","E","M","R","B",null,"M","M","M","M"],"character_chosen":"IRONCLAD","items_purchased":[],"campfire_rested":0,"item_purchase_floors":[],"current_hp_per_floor":[71,74,80,85,85,50,50,38,38,68,68,68,68,58,58,26,76,68,52,11,0],"gold":443,"neow_bonus":"THREE_CARDS","is_prod":false,"is_daily":false,"chose_seed":false,"campfire_upgraded":3,"win_rate":0,"timestamp":1558559321,"path_taken":["M","M","M","M","?","E","R","E","T","?","R","M","E","M","R","BOSS","M","M","M","M"],"build_version":"2019-01-23","purchased_purges":0,"victory":false,"max_hp_per_floor":[80,85,85,85,85,85,85,92,92,92,92,92,92,92,92,92,92,92,92,92,92],"card_choices":[{"not_picked":["Fire Breathing","True Grit"],"picked":"Evolve","floor":0},{"not_picked":["Anger","Clash"],"picked":"Iron Wave","floor":1},{"not_picked":["Evolve","Flex"],"picked":"Seeing Red","floor":2},{"not_picked":["Havoc","Inflame"],"picked":"Battle Trance","floor":3},{"not_picked":["Twin Strike","Flex","Clash"],"picked":"SKIP","floor":4},{"not_picked":["Iron Wave","Dual Wield"],"picked":"Intimidate","floor":6},{"not_picked":["True Grit","Wild Strike"],"picked":"Reckless Charge","floor":8},{"not_picked":["Uppercut","Sword Boomerang"],"picked":"Power Through","floor":12},{"not_picked":["Bludgeon","Heavy Blade"],"picked":"Feel No Pain","floor":13},{"not_picked":["Hemokinesis","Fire Breathing"],"picked":"Inflame","floor":14},{"not_picked":["Fiend Fire","Exhume"],"picked":"Barricade","floor":16},{"not_picked":["Infernal Blade","Warcry"],"picked":"Shrug It Off+1","floor":18},{"not_picked":["Shrug It Off","Battle Trance"],"picked":"Flame Barrier","floor":19},{"not_picked":["Flex+1","Infernal Blade"],"picked":"Headbutt","floor":20}],"player_experience":334003,"relics_obtained":[{"floor":6,"key":"Paper Frog"},{"floor":8,"key":"Strawberry"},{"floor":9,"key":"Pen Nib"},{"floor":13,"key":"Bronze Scales"}],"event_choices":[{"damage_healed":0,"gold_gain":0,"player_choice":"Ignored","damage_taken":0,"max_hp_gain":0,"max_hp_loss":0,"event_name":"Liars Game","floor":5,"gold_loss":0},{"damage_healed":30,"gold_gain":0,"player_choice":"Banana","damage_taken":0,"max_hp_gain":0,"max_hp_loss":0,"event_name":"Big Fish","floor":10,"gold_loss":0}],"is_beta":false,"boss_relics":[{"not_picked":["Runic Pyramid","Calling Bell","Ectoplasm"]}],"items_purged_floors":[],"is_endless":false,"potions_floor_spawned":[2,4,8,14,19,20],"killed_by":"Centurion and Healer","ascension_level":10}