{"gold_per_floor":[118,193,193,205,11,11,39,39,39,39,59,79,79,37,37,113,113,123,133,73,73,89,89,121,121,121,121,2,21,21,39,39,112,112,123,33,47,47,47,47,57,57,57,75,101,101,101,132,132,132],"floor_reached":51,"playtime":2296,"items_purged":["Strike_G"],"score":1293,"play_id":"de60092e-8873-4a13-8c4c-713b3eef917c","local_time":"20190118213147","is_ascension_mode":true,"campfire_choices":[{"data":"Wraith Form v2","floor":6.0,"key":"SMITH"},{"data":"Backstab","floor":8.0,"key":"SMITH"},{"data":"Dagger Throw","floor":10.0,"key":"SMITH"},{"data":"Survivor","floor":15.0,"key":"SMITH"},{"floor":23.0,"key":"REST"},{"floor":27.0,"key":"REST"},{"floor":30.0,"key":"REST"},{"data":"Footwork","floor":32.0,"key":"SMITH"},{"data":"Noxious Fumes","floor":40,"key":"SMITH"},{"data":"Footwork","floor":42,"key":"SMITH"},{"data":"Footwork","floor":47,"key":"SMITH"},{"floor":49,"key":"REST"}],"neow_cost":"NONE","seed_source_timestamp":0,"circlet_count":0,"master_deck":["AscendersBane","Defend_G","Defend_G","Defend_G","Defend_G","Strike_G","Strike_G","Strike_G","Strike_G","Survivor+1","Neutralize+1","Wraith Form v2+1","Dagger Throw+1","Quick Slash","Backstab+1","Calculated Gamble+1","Dodge and Roll+1","Deflect+1","Cloak And Dagger+1","Backflip+1","Flying Knee","Crippling Poison+1","Footwork+1","Footwork+1","Footwork+1","Dodge and Roll+1","After Image","Deadly Poison+1","Dash","Cloak And Dagger+1","Noxious Fumes+1","Blur+1","Catalyst+1","Backflip+1","Blur+1","Dramatic Entrance","Well Laid Plans"],"special_seed":0,"relics":["Ring of the Snake","Lee\u0027s Waffle","Vajra","Toxic Egg 2","The Courier","Philosopher\u0027s Stone","Mummified Hand","Anchor","Du-Vu Doll","Orrery","Pantograph","StoneCalendar","Meat on the Bone"],"potions_floor_usage":[33,44,44],"damage_taken":[{"damage":12.0,"enemies":"Jaw Worm","floor":1.0,"turns":7.0},{"damage":0.0,"enemies":"2 Louse","floor":4.0,"turns":3.0},{"damage":24.0,"enemies":"3 Sentries","floor":7.0,"turns":12.0},{"damage":0.0,"enemies":"Cultist","floor":11.0,"turns":2.0},{"damage":5.0,"enemies":"Red Slaver","floor":12.0,"turns":3.0},{"damage":32.0,"enemies":"The Guardian","floor":16.0,"turns":21.0},{"damage":0.0,"enemies":"Chosen","floor":18.0,"turns":4.0},{"damage":8.0,"enemies":"Shell Parasite","floor":19.0,"turns":4.0},{"damage":35.0,"enemies":"Snecko","floor":22.0,"turns":7.0},{"damage":12.0,"enemies":"Book of Stabbing","floor":24.0,"turns":8.0},{"damage":9.0,"enemies":"Shelled Parasite and Fungi","floor":29.0,"turns":5.0},{"damage":2.0,"enemies":"Sentry and Sphere","floor":31.0,"turns":6.0},{"damage":33,"enemies":"Collector","floor":33,"turns":18},{"damage":4,"enemies":"3 Darklings","floor":35,"turns":6},{"damage":0,"enemies":"Orb Walker","floor":37,"turns":3},{"damage":0,"enemies":"3 Darklings","floor":41,"turns":6},{"damage":4,"enemies":"Transient","floor":44,"turns":5},{"damage":0,"enemies":"Giant Head","floor":45,"turns":10},{"damage":31,"enemies":"Nemesis","floor":48,"turns":7},{"damage":63,"enemies":"Awakened One","floor":50,"turns":22}],"seed_played":"936675233365821477","potions_obtained":[{"floor":1.0,"key":"AttackPotion"},{"floor":11.0,"key":"Dexterity Potion"},{"floor":12.0,"key":"SteroidPotion"},{"floor":18.0,"key":"PowerPotion"},{"floor":33,"key":"Weak Potion"},{"floor":37,"key":"Poison Potion"}],"is_trial":false,"path_per_floor":["M","?","?","M","$","R","E","R","T","R","M","M","?","$","R","B",null,"M","M","$","?","M","R","E","?","T","R","$","M","R","M","R","B",null,"M","$","M","?","?","R","M","R","T","M","E","?","R","E","R","B",null],"character_chosen":"THE_SILENT","items_purchased":["Lee\u0027s Waffle","Deflect+1","Footwork","Footwork","Noxious Fumes","Blur+1"],"campfire_rested":4,"item_purchase_floors":[5,14,28,28,36,36],"current_hp_per_floor":[47,36,36,36,73,73,49,49,49,49,49,44,33,33,33,1,55,55,47,47,47,12,33,21,21,21,42,42,33,54,52,52,19,60,56,56,56,56,56,56,56,56,56,52,52,52,52,21,41,15],"gold":132,"neow_bonus":"ONE_RANDOM_RARE_CARD","is_prod":false,"is_daily":false,"chose_seed":false,"campfire_upgraded":8,"win_rate":0,"timestamp":1547836307,"path_taken":["M","?","?","?","?","R","E","R","T","R","M","M","?","$","R","BOSS","M","M","$","?","?","R","E","?","T","R","$","?","R","M","R","BOSS","M","$","M","?","?","R","M","R","T","M","E","?","R","E","R","BOSS"],"build_version":"2019-01-17v2","purchased_purges":1,"victory":true,"max_hp_per_floor":[66,66,66,66,73,73,73,73,73,73,73,73,73,73,73,73,73,73,73,73,73,73,73,73,73,73,73,73,73,73,73,73,73,73,73,73,73,69,69,69,69,69,69,69,69,69,69,69,69,69],"card_choices":[{"not_picked":["Catalyst","Acrobatics"],"picked":"Dagger Throw","floor":1.0},{"not_picked":["Slice","Phantasmal Killer"],"picked":"Quick Slash","floor":4.0},{"not_picked":["Slice","Choke"],"picked":"Backstab","floor":7.0},{"not_picked":["Bane","Slice"],"picked":"Calculated Gamble+1","floor":11.0},{"not_picked":["Poisoned Stab","Flying Knee"],"picked":"Dodge and Roll+1","floor":12.0},{"not_picked":["Grand Finale","Bullet Time+1"],"picked":"Glass Knife","floor":16.0},{"not_picked":["Distraction+1","Escape Plan+1"],"picked":"Cloak And Dagger+1","floor":18.0},{"not_picked":["Acrobatics+1","Terror+1"],"picked":"Backflip+1","floor":19.0},{"not_picked":["Deflect+1","Riddle With Holes","Infinite Blades"],"picked":"SKIP","floor":22.0},{"not_picked":["Underhanded Strike","Reflex+1"],"picked":"Crippling Poison+1","floor":24.0},{"not_picked":["Acrobatics+1","Prepared+1"],"picked":"Footwork","floor":29.0},{"not_picked":["Dagger Throw","Endless Agony"],"picked":"Dodge and Roll+1","floor":31.0},{"not_picked":["Adrenaline+1","Glass Knife"],"picked":"After Image","floor":33},{"not_picked":["Outmaneuver+1","Eviscerate"],"picked":"Deadly Poison+1","floor":34},{"not_picked":["Dodge and Roll+1","PiercingWail+1"],"picked":"Dash","floor":34},{"not_picked":["Die Die Die","Dagger Throw"],"picked":"Cloak And Dagger+1","floor":35},{"not_picked":["Bane","Choke+1"],"picked":"Catalyst+1","floor":37},{"not_picked":["Quick Slash","Predator+1","Dodge and Roll+1"],"picked":"SKIP","floor":41},{"not_picked":["Underhanded Strike","Flechettes"],"picked":"Backflip+1","floor":44},{"not_picked":["Deflect+1","Endless Agony"],"picked":"Blur+1","floor":45},{"not_picked":["Forethought+1","Blind+1"],"picked":"Dramatic Entrance","floor":46},{"not_picked":["Quick Slash+1","Cloak And Dagger+1"],"picked":"Well Laid Plans","floor":48}],"player_experience":697593,"relics_obtained":[{"floor":7.0,"key":"Vajra"},{"floor":9.0,"key":"Toxic Egg 2"},{"floor":24.0,"key":"Mummified Hand"},{"floor":25.0,"key":"Anchor"},{"floor":26.0,"key":"Du-Vu Doll"},{"floor":43,"key":"Pantograph"},{"floor":45,"key":"StoneCalendar"},{"floor":48,"key":"Meat on the Bone"}],"event_choices":[{"damage_healed":0.0,"max_hp_gain":0.0,"max_hp_loss":0.0,"gold_gain":75.0,"event_name":"World of Goop","player_choice":"Gather Gold","floor":2.0,"gold_loss":0.0,"damage_taken":11.0},{"damage_healed":0.0,"max_hp_gain":0.0,"max_hp_loss":0.0,"gold_gain":0.0,"event_name":"Accursed Blacksmith","player_choice":"Forge","floor":3.0,"gold_loss":0.0,"damage_taken":0.0,"cards_upgraded":["Neutralize"]},{"damage_healed":0.0,"max_hp_gain":0.0,"max_hp_loss":0.0,"gold_gain":0.0,"event_name":"Scrap Ooze","player_choice":"Success","floor":13.0,"gold_loss":0.0,"damage_taken":11.0,"relics_obtained":["The Courier"]},{"damage_healed":0.0,"max_hp_gain":0.0,"max_hp_loss":0.0,"gold_gain":0.0,"cards_transformed":["Defend_G"],"event_name":"Transmorgrifier","player_choice":"Transformed","floor":21.0,"gold_loss":0.0,"damage_taken":0.0,"cards_obtained":["Flying Knee"]},{"damage_healed":0.0,"max_hp_gain":0.0,"max_hp_loss":0.0,"gold_gain":0.0,"event_name":"Wheel of Change","player_choice":"Relic","floor":25.0,"gold_loss":0.0,"damage_taken":0.0},{"damage_healed":0,"gold_gain":0,"player_choice":"Max HP","damage_taken":0,"max_hp_gain":0,"max_hp_loss":4,"event_name":"Winding Halls","floor":38,"gold_loss":0},{"cards_removed":["Glass Knife"],"damage_healed":0,"gold_gain":0,"player_choice":"Removed Attack","damage_taken":0,"max_hp_gain":0,"max_hp_loss":0,"event_name":"Falling","floor":39,"gold_loss":0},{"damage_healed":0,"gold_gain":0,"player_choice":"Memory 1","damage_taken":0,"max_hp_gain":0,"max_hp_loss":0,"event_name":"SensoryStone","floor":46,"gold_loss":0}],"is_beta":false,"boss_relics":[{"not_picked":["Fusion Hammer","Ring of the Serpent"],"picked":"Philosopher\u0027s Stone"},{"not_picked":["Snecko Eye","Velvet Choker"],"picked":"Orrery"}],"items_purged_floors":[20],"is_endless":false,"potions_floor_spawned":[1,11,12,18,22,33,37],"ascension_level":15}