{"gold_per_floor":[115,115,125,125,36,36,62,74,86,98,135,161,189,211,223,235],"floor_reached":16,"playtime":466,"items_purged":[],"score":220,"play_id":"93f57d3f-f62a-45ba-bf66-dae87d448cea","local_time":"20190804173526","is_ascension_mode":true,"campfire_choices":[{"data":"Bludgeon","floor":6.0,"key":"SMITH"},{"floor":8.0,"key":"REST"},{"data":"Bash","floor":10.0,"key":"SMITH"},{"data":"Disarm","floor":15,"key":"SMITH"}],"neow_cost":"PERCENT_DAMAGE","seed_source_timestamp":32667936216569,"circlet_count":0,"master_deck":["AscendersBane","Strike_R","Strike_R","Strike_R","Strike_R","Strike_R","Defend_R","Defend_R","Defend_R","Defend_R","Bash+1","Bludgeon+1","Flame Barrier","Disarm+1","True Grit","Inflame","Shrug It Off"],"special_seed":0,"relics":["Burning Blood","MawBank","Omamori","Art of War"],"potions_floor_usage":[11,16],"damage_taken":[{"damage":7.0,"enemies":"2 Louse","floor":1.0,"turns":3.0},{"damage":0.0,"enemies":"Small Slimes","floor":3.0,"turns":3.0},{"damage":48.0,"enemies":"Gremlin Nob","floor":7.0,"turns":5.0},{"damage":30,"enemies":"3 Sentries","floor":11,"turns":7},{"damage":0,"enemies":"Cultist","floor":12,"turns":3},{"damage":0,"enemies":"2 Fungi Beasts","floor":13,"turns":3},{"damage":0,"enemies":"Exordium Wildlife","floor":14,"turns":4},{"damage":57,"enemies":"Hexaghost","floor":16,"turns":13}],"seed_played":"-6558387425387871435","potions_obtained":[{"floor":3.0,"key":"SkillPotion"},{"floor":12,"key":"Ancient Potion"},{"floor":14,"key":"Swift Potion"}],"is_trial":false,"path_per_floor":["M","?","M","?","$","R","E","R","T","R","E","M","M","M","R","B"],"character_chosen":"IRONCLAD","items_purchased":["Flame Barrier"],"campfire_rested":1,"item_purchase_floors":[5],"current_hp_per_floor":[49,54,60,80,80,80,38,62,62,62,38,44,50,56,56,0],"gold":235,"neow_bonus":"THREE_RARE_CARDS","is_prod":false,"is_daily":false,"chose_seed":false,"campfire_upgraded":3,"win_rate":0,"timestamp":1564929326,"path_taken":["M","?","M","?","$","R","E","R","T","R","E","M","M","M","R","BOSS"],"build_version":"2019-07-17","purchased_purges":0,"victory":false,"max_hp_per_floor":[75,80,80,80,80,80,80,80,80,80,80,80,80,80,80,80],"card_choices":[{"not_picked":["Impervious","Exhume"],"picked":"Bludgeon","floor":0.0},{"not_picked":["Heavy Blade","Cleave","Twin Strike"],"picked":"SKIP","floor":1.0},{"not_picked":["Perfected Strike","Thunderclap","Feel No Pain"],"picked":"SKIP","floor":3.0},{"not_picked":["Evolve","Twin Strike"],"picked":"Disarm","floor":7.0},{"not_picked":["Heavy Blade","Body Slam","Havoc"],"picked":"SKIP","floor":11},{"not_picked":["Anger","Clash"],"picked":"True Grit","floor":12},{"not_picked":["Feel No Pain","Sword Boomerang"],"picked":"Inflame","floor":13},{"not_picked":["Wild Strike","Pommel Strike"],"picked":"Shrug It Off","floor":14}],"player_experience":1120492,"relics_obtained":[{"floor":7.0,"key":"MawBank"},{"floor":9.0,"key":"Omamori"},{"floor":11,"key":"Art of War"}],"event_choices":[{"damage_healed":0.0,"max_hp_gain":5.0,"max_hp_loss":0.0,"gold_gain":0.0,"event_name":"Big Fish","player_choice":"Donut","floor":2.0,"gold_loss":0.0,"damage_taken":0.0},{"damage_healed":20.0,"max_hp_gain":0.0,"max_hp_loss":0.0,"gold_gain":0.0,"event_name":"Wheel of Change","player_choice":"Full Heal","floor":4.0,"gold_loss":0.0,"damage_taken":0.0}],"is_beta":false,"boss_relics":[],"items_purged_floors":[],"is_endless":false,"potions_floor_spawned":[3,12,14],"killed_by":"Hexaghost","ascension_level":20}