{"gold_per_floor":[118,118,118,130,144,144,161,161,186,200,210,11,11,22,22,22],"floor_reached":16,"playtime":876,"items_purged":["Strike_R"],"score":118,"play_id":"cb56f62f-63ba-4638-a435-43039e02ae3f","local_time":"20190517085918","is_ascension_mode":true,"campfire_choices":[{"data":"Shockwave","floor":6.0,"key":"SMITH"},{"data":"Dropkick","floor":8.0,"key":"SMITH"},{"data":"True Grit","floor":13.0,"key":"SMITH"},{"data":"Armaments","floor":15.0,"key":"SMITH"}],"neow_cost":"TEN_PERCENT_HP_LOSS","seed_source_timestamp":67655869675027,"circlet_count":0,"master_deck":["Strike_R","Strike_R","Strike_R","Defend_R","Defend_R","Defend_R","Bash","Shockwave+1","Reaper","Dropkick+1","Shrug It Off","True Grit+1","Metallicize","Entrench","Armaments+1"],"special_seed":0,"relics":["Burning Blood","Smiling Mask","Dream Catcher"],"potions_floor_usage":[16],"damage_taken":[{"damage":7.0,"enemies":"Jaw Worm","floor":1.0,"turns":3.0},{"damage":10.0,"enemies":"2 Louse","floor":4.0,"turns":3.0},{"damage":2.0,"enemies":"Cultist","floor":5.0,"turns":4.0},{"damage":23.0,"enemies":"Exordium Thugs","floor":7.0,"turns":6.0},{"damage":30.0,"enemies":"Large Slime","floor":10.0,"turns":6.0},{"damage":6.0,"enemies":"2 Fungi Beasts","floor":11.0,"turns":3.0},{"damage":8.0,"enemies":"Looter","floor":14.0,"turns":4.0},{"damage":77,"enemies":"Hexaghost","floor":16,"turns":16}],"seed_played":"1025154163829369150","potions_obtained":[{"floor":7.0,"key":"Weak Potion"},{"floor":10.0,"key":"LiquidBronze"},{"floor":14.0,"key":"Weak Potion"}],"is_trial":false,"path_per_floor":["M","?","?","M","M","R","M","R","T","M","M","$","R","M","R","B"],"character_chosen":"IRONCLAD","items_purchased":["Metallicize","Entrench"],"campfire_rested":0,"item_purchase_floors":[12,12],"current_hp_per_floor":[71,64,64,68,72,72,67,67,67,55,67,67,67,71,71,0],"gold":22,"neow_bonus":"REMOVE_TWO","is_prod":false,"is_daily":false,"chose_seed":false,"campfire_upgraded":4,"win_rate":0,"timestamp":1558076358,"path_taken":["M","?","?","M","M","R","?","R","T","M","M","$","R","M","R","BOSS"],"build_version":"2019-01-23","purchased_purges":1,"victory":false,"max_hp_per_floor":[72,72,72,72,72,72,72,72,72,72,72,72,72,72,72,72],"card_choices":[{"not_picked":["Iron Wave","Anger"],"picked":"Shockwave","floor":1.0},{"not_picked":["Pummel","Pommel Strike","Warcry"],"picked":"SKIP","floor":4.0},{"not_picked":["True Grit","Clash"],"picked":"Dropkick","floor":5.0},{"not_picked":["Anger","Searing Blow","Rage"],"picked":"SKIP","floor":7.0},{"not_picked":["Second Wind","Infernal Blade"],"picked":"Shrug It Off","floor":10.0},{"not_picked":["Combust","Clothesline"],"picked":"True Grit","floor":11.0},{"not_picked":["Twin Strike","Clash"],"picked":"Armaments","floor":14.0}],"player_experience":291076,"relics_obtained":[{"floor":9.0,"key":"Dream Catcher"}],"event_choices":[{"damage_healed":0.0,"max_hp_gain":0.0,"max_hp_loss":0.0,"gold_gain":0.0,"event_name":"Scrap Ooze","player_choice":"Success","floor":2.0,"gold_loss":0.0,"damage_taken":7.0,"relics_obtained":["Smiling Mask"]},{"damage_healed":0.0,"max_hp_gain":0.0,"max_hp_loss":0.0,"gold_gain":0.0,"event_name":"Match and Keep!","player_choice":"1 cards matched","floor":3.0,"gold_loss":0.0,"damage_taken":0.0,"cards_obtained":["Reaper"]}],"is_beta":false,"boss_relics":[],"items_purged_floors":[12],"is_endless":false,"potions_floor_spawned":[7,10,14],"killed_by":"Hexaghost","ascension_level":5}