{"gold_per_floor":[115,135,135,135,135,162,162,172,219,233,262,262],"floor_reached":12,"playtime":333,"items_purged":[],"score":88,"play_id":"f9f75676-ce72-405a-91bc-e4b62cc255c7","local_time":"20190712000036","is_ascension_mode":false,"campfire_choices":[{"data":"Bash","floor":7.0,"key":"SMITH"}],"neow_cost":"NONE","seed_source_timestamp":18401647100088,"circlet_count":0,"master_deck":["Strike_R","Strike_R","Strike_R","Strike_R","Defend_R","Defend_R","Defend_R","Bash+1","Searing Blow"],"special_seed":0,"relics":["Philosopher\u0027s Stone","Boot","Happy Flower","StoneCalendar"],"potions_floor_usage":[11],"damage_taken":[{"damage":0.0,"enemies":"2 Louse","floor":1.0,"turns":2.0},{"damage":10.0,"enemies":"Jaw Worm","floor":2.0,"turns":3.0},{"damage":32.0,"enemies":"Lagavulin","floor":6.0,"turns":6.0},{"damage":0.0,"enemies":"Small Slimes","floor":8.0,"turns":2.0},{"damage":9.0,"enemies":"Exordium Thugs","floor":10.0,"turns":4.0},{"damage":30,"enemies":"3 Sentries","floor":11,"turns":8},{"damage":5,"enemies":"Gremlin Gang","floor":12,"turns":2}],"seed_played":"-6875394218999802639","potions_obtained":[{"floor":1.0,"key":"Weak Potion"},{"floor":2.0,"key":"PowerPotion"}],"is_trial":false,"path_per_floor":["M","M","?","?","?","E","R","M","T","M","E","M"],"character_chosen":"IRONCLAD","items_purchased":[],"campfire_rested":0,"item_purchase_floors":[],"current_hp_per_floor":[80,70,70,75,75,43,43,43,43,34,4,0],"gold":262,"neow_bonus":"BOSS_RELIC","is_prod":false,"is_daily":false,"chose_seed":false,"campfire_upgraded":1,"win_rate":0,"timestamp":1562914836,"path_taken":["M","M","?","?","?","E","R","?","T","?","E","M"],"build_version":"2019-07-05","purchased_purges":0,"victory":false,"max_hp_per_floor":[80,80,80,85,85,85,85,85,85,85,85,85],"card_choices":[{"not_picked":["Bloodletting","Clash","Twin Strike"],"picked":"SKIP","floor":1.0},{"not_picked":["Headbutt","Sword Boomerang","Cleave"],"picked":"SKIP","floor":2.0},{"not_picked":["Headbutt","Shrug It Off","Fire Breathing"],"picked":"SKIP","floor":6.0},{"not_picked":["Clash","Perfected Strike","Bloodletting"],"picked":"SKIP","floor":8.0},{"not_picked":["Shrug It Off","Thunderclap","Dark Embrace"],"picked":"SKIP","floor":10.0},{"not_picked":["Sever Soul","Body Slam"],"picked":"Searing Blow","floor":11}],"player_experience":561904,"relics_obtained":[{"floor":6.0,"key":"Boot"},{"floor":9.0,"key":"Happy Flower"},{"floor":11,"key":"StoneCalendar"}],"event_choices":[{"cards_removed":["Strike_R"],"damage_healed":0.0,"max_hp_gain":0.0,"max_hp_loss":0.0,"gold_gain":0.0,"event_name":"Living Wall","player_choice":"Forget","floor":3.0,"gold_loss":0.0,"damage_taken":0.0},{"damage_healed":0.0,"max_hp_gain":5.0,"max_hp_loss":0.0,"gold_gain":0.0,"event_name":"Big Fish","player_choice":"Donut","floor":4.0,"gold_loss":0.0,"damage_taken":0.0},{"cards_removed":["Defend_R"],"damage_healed":0.0,"max_hp_gain":0.0,"max_hp_loss":0.0,"gold_gain":0.0,"event_name":"Purifier","player_choice":"Purged","floor":5.0,"gold_loss":0.0,"damage_taken":0.0}],"is_beta":false,"boss_relics":[],"items_purged_floors":[],"is_endless":false,"potions_floor_spawned":[1,2],"killed_by":"Gremlin Gang","ascension_level":0}