{"gold_per_floor":[119,136,147,167,186,186,219,219,298,298,312,387,387,400,400,529,529,553,536,6,22,43,43,43,43,67,67,67,107,107,121,121,121],"floor_reached":33,"playtime":3667,"items_purged":["Regret"],"score":269,"play_id":"4faa59ac-c14d-4d96-8f78-c4e188e534a8","local_time":"20180720003924","is_ascension_mode":false,"campfire_choices":[{"data":"Perfected Strike","floor":8.0,"key":"SMITH"},{"data":"Rage","floor":10.0,"key":"SMITH"},{"floor":15,"key":"REST"},{"data":"Enlightenment","floor":23,"key":"SMITH"},{"data":"Rage","floor":25,"key":"SMITH"},{"data":"Seeing Red","floor":27,"key":"SMITH"},{"floor":32,"key":"REST"}],"neow_cost":"NONE","seed_source_timestamp":0,"circlet_count":0,"master_deck":["Strike_R","Strike_R","Strike_R","Strike_R","Strike_R","Defend_R","Defend_R","Defend_R","Bash+1","Rage+1","Perfected Strike+1","Clash","Second Wind","Anger","Metallicize","Dropkick+1","Injury","Sever Soul+1","Reaper+1","Thunderclap+1","Perfected Strike+1","Mind Blast+1","Enlightenment+1","Seeing Red+1","Rage+1","Pommel Strike+1","Dark Embrace"],"special_seed":0,"relics":["Burning Blood","Bird Faced Urn","Molten Egg 2","Golden Idol","Black Star","Lantern","Red Skull","Bag of Preparation","Juzu Bracelet","Bag of Marbles","Nloth\u0027s Gift"],"potions_floor_usage":[16,16,16,33,33,33],"damage_taken":[{"damage":6.0,"enemies":"Cultist","floor":1.0,"turns":3.0},{"damage":5.0,"enemies":"2 Louse","floor":2.0,"turns":2.0},{"damage":11.0,"enemies":"Small Slimes","floor":3.0,"turns":4.0},{"damage":4.0,"enemies":"Looter","floor":4.0,"turns":2.0},{"damage":0.0,"enemies":"Large Slime","floor":5.0,"turns":5.0},{"damage":34.0,"enemies":"Lagavulin","floor":7.0,"turns":6.0},{"damage":4.0,"enemies":"3 Louse","floor":11.0,"turns":4.0},{"damage":21.0,"floor":13.0,"turns":5.0},{"damage":12,"enemies":"3 Sentries","floor":14,"turns":7},{"damage":43,"enemies":"Hexaghost","floor":16,"turns":9},{"damage":30,"enemies":"3 Byrds","floor":18,"turns":7},{"damage":33,"enemies":"2 Thieves","floor":19,"turns":4},{"damage":25,"enemies":"Cultist and Chosen","floor":21,"turns":6},{"damage":7,"enemies":"Snecko","floor":22,"turns":4},{"damage":50,"enemies":"Slavers","floor":29,"turns":5},{"damage":12,"enemies":"Slaver and Parasite","floor":31,"turns":3},{"damage":55,"enemies":"Champ","floor":33,"turns":7}],"seed_played":"-135555568111150645","potions_obtained":[{"floor":3.0,"key":"Poison Potion"},{"floor":5.0,"key":"SteroidPotion"},{"floor":7.0,"key":"Dexterity Potion"},{"floor":19,"key":"Dexterity Potion"},{"floor":21,"key":"SpeedPotion"},{"floor":22,"key":"Ancient Potion"}],"is_trial":false,"path_per_floor":["M","M","M","M","M","?","E","R","T","R","M","?","?","E","R","B",null,"M","M","$","M","M","R","?","R","T","R","?","E","?","M","R"],"character_chosen":"IRONCLAD","items_purchased":["Mind Blast+1","Enlightenment","Lantern"],"campfire_rested":2,"item_purchase_floors":[20,20,20],"current_hp_per_floor":[80,80,75,77,80,80,52,52,52,52,56,45,32,28,52,17,80,65,52,52,45,46,46,46,46,46,46,46,19,19,13,37,0],"gold":121,"neow_bonus":"UPGRADE_CARD","is_prod":false,"is_daily":false,"chose_seed":false,"campfire_upgraded":5,"win_rate":0.0,"timestamp":1532027364,"path_taken":["M","M","M","M","?","?","E","R","T","R","M","?","?","E","R","BOSS","M","M","$","M","M","R","?","R","T","R","?","E","?","M","R","BOSS"],"build_version":"2018-07-12","purchased_purges":1,"victory":false,"max_hp_per_floor":[80,80,80,80,80,80,80,80,80,80,80,80,80,80,80,80,80,80,80,80,80,80,80,80,80,80,80,80,80,80,80,80,80],"card_choices":[{"not_picked":["Warcry","Fire Breathing"],"picked":"Rage","floor":1.0},{"not_picked":["Metallicize","Inflame"],"picked":"Perfected Strike","floor":2.0},{"not_picked":["Perfected Strike","Entrench"],"picked":"Clash","floor":3.0},{"not_picked":["Iron Wave","Pummel"],"picked":"Second Wind","floor":4.0},{"not_picked":["Intimidate","Twin Strike"],"picked":"Anger","floor":5.0},{"not_picked":["Thunderclap","Power Through"],"picked":"Metallicize","floor":7.0},{"not_picked":["Headbutt+1","Sword Boomerang+1"],"picked":"Dropkick+1","floor":11.0},{"not_picked":["Clash+1","Pommel Strike+1"],"picked":"Sever Soul+1","floor":14},{"not_picked":["Barricade","Fiend Fire+1"],"picked":"Reaper+1","floor":16},{"not_picked":["Infernal Blade","Iron Wave+1"],"picked":"Thunderclap+1","floor":18},{"not_picked":["Whirlwind+1","Corruption+1"],"picked":"Perfected Strike+1","floor":19},{"not_picked":["Clothesline+1","Shrug It Off+1"],"picked":"Seeing Red","floor":21},{"not_picked":["Second Wind","Ghostly Armor"],"picked":"Rage","floor":22},{"not_picked":["Flex","Flame Barrier"],"picked":"Pommel Strike+1","floor":29},{"not_picked":["True Grit","Shrug It Off"],"picked":"Dark Embrace","floor":31}],"player_experience":1763,"relics_obtained":[{"floor":7.0,"key":"Bird Faced Urn"},{"floor":9.0,"key":"Molten Egg 2"},{"floor":26,"key":"Red Skull"},{"floor":29,"key":"Juzu Bracelet"},{"floor":29,"key":"Bag of Marbles"}],"event_choices":[{"event_name":"Big Fish","player_choice":"Box","floor":6.0,"damage_taken":0.0},{"event_name":"World of Goop","player_choice":"Gather Gold","floor":12.0,"damage_taken":0.0},{"event_name":"Mushrooms","player_choice":"Fought Mushrooms","floor":13.0,"damage_taken":0.0},{"event_name":"Golden Idol","player_choice":"Take Wound","floor":13,"damage_taken":0},{"event_name":"Purifier","player_choice":"One Purge","floor":24,"damage_taken":0},{"event_name":"The Mausoleum","player_choice":"Yes","floor":28,"damage_taken":0},{"event_name":"N\u0027loth","player_choice":"Traded a Kunai","floor":30,"damage_taken":0}],"boss_relics":[{"not_picked":["Philosopher\u0027s Stone","Calling Bell"],"picked":"Black Star"}],"items_purged_floors":[20],"is_endless":false,"potions_floor_spawned":[3,5,7,13,19,21,22],"killed_by":"Champ","ascension_level":0}