{"gold_per_floor":[116,36,56,73,73,107,117,147,170,170,170,184,196,23,23,124,124,124,124,124,43,43,43,43,43,43,0,0,0,0,0,0,0,0,0,0,0,0,0,0,0,0,0,0,0,0,0,0,0,0],"floor_reached":51,"playtime":2241,"items_purged":["Strike_R"],"score":919,"play_id":"528c5f92-76cd-4fee-b808-f7a2bd860d9f","local_time":"20190204193133","is_ascension_mode":true,"campfire_choices":[{"data":"Armaments","floor":10.0,"key":"SMITH"},{"data":"Metallicize","floor":15.0,"key":"SMITH"},{"data":"1","floor":23.0,"key":"LIFT"},{"data":"2","floor":25.0,"key":"LIFT"},{"floor":32.0,"key":"REST"},{"data":"3","floor":40.0,"key":"LIFT"},{"data":"Disarm","floor":42.0,"key":"SMITH"},{"data":"Inflame","floor":45.0,"key":"SMITH"},{"floor":49.0,"key":"REST"}],"neow_cost":"NONE","seed_source_timestamp":3047804635930,"circlet_count":0,"master_deck":["Strike_R","Strike_R","Strike_R","Defend_R","Defend_R","Defend_R","Defend_R","Bash+1","Armaments+1","Iron Wave","Metallicize+1","Offering","Shockwave","Fiend Fire","Uppercut+1","Shame","Inflame+1","Fire Breathing","Flame Barrier","Battle Trance+1","Disarm+1","Reaper","Burning Pact","Madness","Madness","Offering","Dramatic Entrance+1","Flash of Steel+1","Pummel+1"],"special_seed":0,"relics":["Burning Blood","Dream Catcher","Bronze Scales","Art of War","Potion Belt","Ectoplasm","Girya","Pear","Meat on the Bone","Boot","Strawberry","Gremlin Horn","Blood Vial","Molten Egg 2","Red Mask"],"potions_floor_usage":[50,50,50,50,50,50,50,50],"damage_taken":[{"damage":0.0,"enemies":"2 Louse","floor":1.0,"turns":3.0},{"damage":1.0,"enemies":"Cultist","floor":3.0,"turns":3.0},{"damage":7.0,"enemies":"Jaw Worm","floor":4.0,"turns":3.0},{"damage":20.0,"enemies":"3 Sentries","floor":6.0,"turns":9.0},{"damage":11.0,"enemies":"3 Louse","floor":7.0,"turns":4.0},{"damage":26.0,"enemies":"Lagavulin","floor":8.0,"turns":7.0},{"damage":9.0,"enemies":"2 Fungi Beasts","floor":12.0,"turns":2.0},{"damage":21.0,"enemies":"Exordium Wildlife","floor":13.0,"turns":7.0},{"damage":25.0,"enemies":"The Guardian","floor":16.0,"turns":14.0},{"damage":6.0,"enemies":"Chosen","floor":18.0,"turns":3.0},{"damage":0.0,"enemies":"Colosseum Slavers","floor":19.0,"turns":1.0},{"damage":11.0,"enemies":"Colosseum Nobs","floor":19.0,"turns":4.0},{"damage":34.0,"enemies":"Book of Stabbing","floor":24.0,"turns":6.0},{"damage":23.0,"enemies":"2 Thieves","floor":27.0,"turns":4.0},{"damage":6.0,"enemies":"Snecko","floor":28.0,"turns":5.0},{"damage":27.0,"enemies":"Slavers","floor":29.0,"turns":7.0},{"damage":10.0,"enemies":"3 Cultists","floor":30.0,"turns":5.0},{"damage":32.0,"enemies":"Sentry and Sphere","floor":31.0,"turns":6.0},{"damage":49.0,"enemies":"Champ","floor":33.0,"turns":8.0},{"damage":24.0,"enemies":"3 Darklings","floor":35.0,"turns":5.0},{"damage":16.0,"enemies":"3 Shapes","floor":36.0,"turns":6.0},{"damage":47.0,"enemies":"Transient","floor":38.0,"turns":5.0},{"damage":33.0,"enemies":"Reptomancer","floor":41.0,"turns":10.0},{"damage":26.0,"enemies":"Writhing Mass","floor":44.0,"turns":6.0},{"damage":48,"enemies":"Awakened One","floor":50,"turns":11}],"seed_played":"5524254172344911045","potions_obtained":[{"floor":4.0,"key":"Explosive Potion"},{"floor":6.0,"key":"Explosive Potion"},{"floor":8.0,"key":"SmokeBomb"},{"floor":13.0,"key":"SpeedPotion"},{"floor":16.0,"key":"Weak Potion"},{"floor":18.0,"key":"Weak Potion"},{"floor":28.0,"key":"PowerPotion"},{"floor":33.0,"key":"SteroidPotion"},{"floor":35.0,"key":"BloodPotion"},{"floor":38.0,"key":"Dexterity Potion"},{"floor":44.0,"key":"BloodPotion"}],"is_trial":false,"path_per_floor":["M","?","M","M","?","E","M","E","T","R","?","M","M","$","R","B",null,"M","?","?","$","?","R","E","R","T","M","M","E","M","M","R","B",null,"M","M","$","M","?","R","E","R","T","M","R","?","?","$","R","B",null],"character_chosen":"IRONCLAD","items_purchased":["EntropicBrew","Inflame"],"campfire_rested":2,"item_purchase_floors":[14,21],"current_hp_per_floor":[80,80,80,79,79,65,60,40,40,40,45,42,27,27,27,8,66,66,77,77,77,77,77,61,61,68,63,63,54,62,48,78,47,88,84,91,91,62,49,49,56,56,56,63,63,63,53,53,83,76],"gold":0,"neow_bonus":"UPGRADE_CARD","is_prod":false,"is_daily":false,"chose_seed":false,"campfire_upgraded":4,"win_rate":0,"timestamp":1549297893,"path_taken":["M","?","?","M","?","E","M","E","T","R","?","M","M","$","R","BOSS","M","?","?","?","?","R","E","R","T","M","M","E","?","M","R","BOSS","M","M","?","M","?","R","E","R","T","?","R","?","?","$","R","BOSS"],"build_version":"2019-01-23","purchased_purges":1,"victory":true,"max_hp_per_floor":[80,80,80,80,80,80,80,80,80,80,85,85,85,85,85,85,85,85,95,95,95,95,95,95,95,102,102,102,102,102,102,102,102,102,102,102,102,102,102,102,102,102,102,102,102,102,102,102,102,102],"card_choices":[{"not_picked":["Twin Strike","Anger"],"picked":"Armaments","floor":1.0},{"not_picked":["Body Slam","Burning Pact"],"picked":"Iron Wave","floor":3.0},{"not_picked":["Heavy Blade","Flex"],"picked":"Metallicize","floor":4.0},{"not_picked":["Intimidate","Seeing Red","Searing Blow"],"picked":"SKIP","floor":6.0},{"not_picked":["Armaments","Anger"],"picked":"Offering","floor":7.0},{"not_picked":["Pommel Strike","Sword Boomerang"],"picked":"Shockwave","floor":8.0},{"not_picked":["Headbutt","Thunderclap","Armaments"],"picked":"SKIP","floor":12.0},{"not_picked":["Intimidate","Thunderclap","Sword Boomerang"],"picked":"SKIP","floor":13.0},{"not_picked":["Limit Break","Bludgeon"],"picked":"Fiend Fire","floor":16.0},{"not_picked":["Thunderclap","Clash"],"picked":"Uppercut+1","floor":18.0},{"not_picked":["Metallicize","Wild Strike"],"picked":"Flame Barrier","floor":24.0},{"not_picked":["Metallicize","Rupture"],"picked":"Battle Trance+1","floor":27.0},{"not_picked":["True Grit+1","Wild Strike"],"picked":"Disarm","floor":28.0},{"not_picked":["Clash","Cleave","Wild Strike"],"picked":"SKIP","floor":29.0},{"not_picked":["Fire Breathing+1","Rampage","Armaments"],"picked":"SKIP","floor":30.0},{"not_picked":["Entrench","Armaments","Power Through+1"],"picked":"SKIP","floor":31.0},{"not_picked":["Impervious","Bludgeon"],"picked":"Reaper","floor":33.0},{"not_picked":["Flex+1","Warcry","Carnage"],"picked":"SKIP","floor":35.0},{"not_picked":["Pommel Strike+1","Warcry"],"picked":"Burning Pact","floor":36.0},{"not_picked":["Havoc","Twin Strike","Anger"],"picked":"SKIP","floor":38.0},{"not_picked":["Warcry+1","Wild Strike"],"picked":"Offering","floor":41.0},{"not_picked":["Wild Strike+1","Thunderclap+1","Headbutt+1"],"picked":"SKIP","floor":44.0},{"not_picked":["Sadistic Nature","Mind Blast+1"],"picked":"Dramatic Entrance+1","floor":47.0},{"not_picked":["Enlightenment","Mind Blast+1"],"picked":"Flash of Steel+1","floor":47.0},{"not_picked":["Perfected Strike+1","Havoc"],"picked":"Pummel+1","floor":49.0}],"player_experience":743310,"relics_obtained":[{"floor":6.0,"key":"Bronze Scales"},{"floor":8.0,"key":"Art of War"},{"floor":9.0,"key":"Potion Belt"},{"floor":19.0,"key":"Girya"},{"floor":19.0,"key":"Pear"},{"floor":24.0,"key":"Boot"},{"floor":26.0,"key":"Strawberry"},{"floor":29.0,"key":"Gremlin Horn"},{"floor":41.0,"key":"Blood Vial"},{"floor":43.0,"key":"Molten Egg 2"}],"event_choices":[{"damage_healed":0.0,"max_hp_gain":0.0,"max_hp_loss":0.0,"gold_gain":0.0,"event_name":"WeMeetAgain","player_choice":"Paid Gold","floor":2.0,"gold_loss":80.0,"damage_taken":0.0,"relics_obtained":["Dream Catcher"]},{"damage_healed":0.0,"max_hp_gain":0.0,"max_hp_loss":0.0,"gold_gain":0.0,"event_name":"Liars Game","player_choice":"Ignored","floor":5.0,"gold_loss":0.0,"damage_taken":0.0},{"damage_healed":0.0,"max_hp_gain":5.0,"max_hp_loss":0.0,"gold_gain":0.0,"event_name":"Big Fish","player_choice":"Donut","floor":11.0,"gold_loss":0.0,"damage_taken":0.0},{"damage_healed":0.0,"max_hp_gain":0.0,"max_hp_loss":0.0,"gold_gain":0.0,"event_name":"Colosseum","player_choice":"Fight","floor":19.0,"gold_loss":0.0,"damage_taken":0.0},{"damage_healed":0.0,"max_hp_gain":0.0,"max_hp_loss":0.0,"gold_gain":0.0,"event_name":"Colosseum","player_choice":"Fought Nobs","floor":19.0,"gold_loss":0.0,"damage_taken":0.0},{"damage_healed":0.0,"max_hp_gain":0.0,"max_hp_loss":0.0,"gold_gain":0.0,"event_name":"Addict","player_choice":"Stole Relic","floor":20.0,"gold_loss":0.0,"damage_taken":0.0,"relics_obtained":["Meat on the Bone"],"cards_obtained":["Shame"]},{"damage_healed":0.0,"max_hp_gain":0.0,"max_hp_loss":0.0,"gold_gain":0.0,"cards_transformed":["Strike_R"],"event_name":"Transmorgrifier","player_choice":"Transformed","floor":22.0,"gold_loss":0.0,"damage_taken":0.0,"cards_obtained":["Fire Breathing"]},{"damage_healed":0.0,"max_hp_gain":0.0,"max_hp_loss":0.0,"gold_gain":0.0,"event_name":"Winding Halls","player_choice":"Embrace Madness","floor":39.0,"gold_loss":0.0,"damage_taken":13.0,"cards_obtained":["Madness","Madness"]},{"damage_healed":0.0,"max_hp_gain":0.0,"max_hp_loss":0.0,"gold_gain":0.0,"event_name":"Tomb of Lord Red Mask","player_choice":"Paid","floor":46.0,"gold_loss":0.0,"damage_taken":0.0,"relics_obtained":["Red Mask"]},{"damage_healed":0.0,"max_hp_gain":0.0,"max_hp_loss":0.0,"gold_gain":0.0,"event_name":"SensoryStone","player_choice":"Memory 3","floor":47.0,"gold_loss":0.0,"damage_taken":10.0}],"is_beta":false,"boss_relics":[{"not_picked":["Orrery","Runic Pyramid"],"picked":"Ectoplasm"},{"not_picked":["Runic Dome","Calling Bell","Pandora\u0027s Box"]}],"items_purged_floors":[14],"is_endless":false,"potions_floor_spawned":[4,6,8,13,16,18,19,28,33,35,38,44],"ascension_level":5}