{"gold_per_floor":[111,186,50,50,50,50,85,85,85,85,33,43,60,80,80,155,155,145,157,72,72],"floor_reached":21,"playtime":658,"items_purged":["Strike_R"],"score":319,"play_id":"2bf22f5f-45e3-432c-bf63-45427d6d65e6","local_time":"20180830154954","is_ascension_mode":true,"campfire_choices":[{"data":"Clothesline","floor":6.0,"key":"SMITH"},{"floor":8.0,"key":"REST"},{"floor":10.0,"key":"DIG"},{"data":"Flex","floor":15,"key":"SMITH"}],"neow_cost":"NONE","seed_source_timestamp":87761805041358,"circlet_count":0,"master_deck":["Strike_R","Strike_R","Strike_R","Strike_R","Defend_R","Defend_R","Defend_R","Defend_R","Bash","AscendersBane","Disarm","Clothesline+1","Flex+1","Shrug It Off","Fiend Fire"],"special_seed":0,"relics":["Burning Blood","Bag of Preparation","Shovel","Self Forming Clay","Orichalcum","Eternal Feather","Potion Belt"],"potions_floor_usage":[16],"damage_taken":[{"damage":0.0,"enemies":"Small Slimes","floor":1.0,"turns":3.0},{"damage":57.0,"enemies":"3 Sentries","floor":7.0,"turns":12.0},{"damage":4.0,"enemies":"Jaw Worm","floor":12.0,"turns":3.0},{"damage":0.0,"enemies":"2 Louse","floor":13.0,"turns":2.0},{"damage":3.0,"enemies":"Blue Slaver","floor":14.0,"turns":4.0},{"damage":17,"enemies":"The Guardian","floor":16,"turns":13},{"damage":27,"enemies":"2 Thieves","floor":18,"turns":4},{"damage":31,"enemies":"3 Byrds","floor":19,"turns":10},{"damage":2,"enemies":"Cultist and Chosen","floor":21,"turns":4}],"seed_played":"-3039061957408562481","potions_obtained":[{"floor":1.0,"key":"SpeedPotion"},{"floor":12.0,"key":"Fire Potion"}],"is_trial":false,"path_per_floor":["M","?","$","?","?","R","E","R","T","R","$","M","M","M","R","B",null,"M","M","?"],"character_chosen":"IRONCLAD","items_purchased":["Clothesline","Shrug It Off"],"campfire_rested":1,"item_purchase_floors":[3,11],"current_hp_per_floor":[74,63,63,68,68,68,17,41,41,41,41,43,49,52,52,41,70,49,24,24,22],"gold":72,"neow_bonus":"RANDOM_COMMON_RELIC","is_prod":false,"is_daily":false,"chose_seed":false,"campfire_upgraded":2,"win_rate":0,"timestamp":1535633394,"path_taken":["M","?","$","?","?","R","E","R","T","R","$","M","M","M","R","BOSS","M","M","?","M"],"build_version":"2018-08-23v2","purchased_purges":1,"victory":false,"max_hp_per_floor":[75,75,75,80,80,80,80,80,80,80,80,80,80,80,80,80,80,80,80,80,80],"card_choices":[{"not_picked":["Shockwave","Clash"],"picked":"Disarm","floor":1.0},{"not_picked":["Armaments","Corruption"],"picked":"Flex","floor":7.0},{"not_picked":["Wild Strike","Corruption","Armaments"],"picked":"SKIP","floor":12.0},{"not_picked":["Infernal Blade","Clash","Clothesline"],"picked":"SKIP","floor":13.0},{"not_picked":["Perfected Strike","Body Slam","Ghostly Armor"],"picked":"SKIP","floor":14.0},{"not_picked":["Barricade","Exhume"],"picked":"Fiend Fire","floor":16},{"not_picked":["Sword Boomerang","Infernal Blade","Cleave+1"],"picked":"SKIP","floor":18},{"not_picked":["Headbutt+1","Rupture","Sever Soul"],"picked":"SKIP","floor":19}],"player_experience":451958,"relics_obtained":[{"floor":7.0,"key":"Shovel"},{"floor":9.0,"key":"Self Forming Clay"},{"floor":10.0,"key":"Orichalcum"}],"event_choices":[{"event_name":"World of Goop","player_choice":"Gather Gold","floor":2.0,"damage_taken":0.0},{"event_name":"Big Fish","player_choice":"Donut","floor":4.0,"damage_taken":0.0},{"event_name":"Shining Light","player_choice":"Ignored","floor":5.0,"damage_taken":0.0},{"event_name":"Addict","player_choice":"Obtained Relic","floor":20,"damage_taken":0}],"is_beta":false,"boss_relics":[{"not_picked":["Philosopher\u0027s Stone","Runic Dome"],"picked":"Eternal Feather"}],"items_purged_floors":[3],"is_endless":false,"potions_floor_spawned":[1,12],"killed_by":"Cultist and Chosen","ascension_level":16}