{"gold_per_floor":[12,187,21,36,52,83,93,93,93,105,163,190,51,65,65,161,161,176,176,176,189,41,76,1,1,1,1,1,35,35,50,50,145,145,163,0,0,18,18,18,43,57,57,69,99,117,128,128,128,128],"floor_reached":51,"playtime":5228,"items_purged":["Doubt"],"score":780,"play_id":"faadee31-7d03-4829-93d9-745c5be6ccb2","local_time":"20180721074032","is_ascension_mode":false,"campfire_choices":[{"data":"Rampage","floor":15,"key":"SMITH"},{"data":"Barricade","floor":25,"key":"SMITH"},{"data":"Whirlwind","floor":28,"key":"SMITH"},{"floor":30,"key":"REST"},{"data":"Perfected Strike","floor":32,"key":"SMITH"},{"data":"Demon Form","floor":40,"key":"SMITH"},{"floor":49,"key":"REST"}],"neow_cost":"NO_GOLD","seed_source_timestamp":18811760870268,"circlet_count":0,"master_deck":["Strike_R","Strike_R","Strike_R","Strike_R","Strike_R","Defend_R","Defend_R","Bash","Evolve","Demon Form+1","Perfected Strike","Pommel Strike","Dual Wield","Rage","Anger","Rampage+1","Spot Weakness+1","Body Slam","Bludgeon","Immolate","Anger","Brutality","Clash","RitualDagger","Armaments+1","Barricade+1","Whirlwind+1","Perfected Strike+1","Battle Trance+1","Impervious+1","Juggernaut","Heavy Blade+1","Heavy Blade+1","Shockwave+1","Sword Boomerang+1","Heavy Blade+1","Blood for Blood+1","Reaper+1","Perfected Strike+1","Pummel+1","Magnetism","Secret Weapon","Dramatic Entrance+1"],"relics":["Burning Blood","Thread and Needle","Red Skull","Pen Nib","Orichalcum","Darkstone Periapt","Juzu Bracelet","Black Star","CultistMask","Mummified Hand","Pantograph","Ginger","Question Card","Molten Egg 2","Sozu","Red Mask","Torii","Regal Pillow","War Paint","Omamori","Gremlin Horn","Kunai"],"potions_floor_usage":[16,16,21,23,23,29,41],"damage_taken":[{"damage":0,"enemies":"Cultist","floor":1,"turns":4},{"damage":2,"enemies":"2 Louse","floor":4,"turns":2},{"damage":0,"enemies":"Small Slimes","floor":5,"turns":5},{"damage":19,"enemies":"Gremlin Nob","floor":6,"turns":5},{"damage":17,"enemies":"Exordium Thugs","floor":7,"turns":5},{"damage":2,"enemies":"Red Slaver","floor":10,"turns":3},{"damage":7,"enemies":"Gremlin Nob","floor":11,"turns":5},{"damage":0,"enemies":"3 Sentries","floor":12,"turns":6},{"damage":0,"enemies":"Looter","floor":14,"turns":2},{"damage":26,"enemies":"The Guardian","floor":16,"turns":8},{"damage":9,"enemies":"Spheric Guardian","floor":18,"turns":4},{"damage":20,"enemies":"2 Thieves","floor":21,"turns":4},{"damage":42,"enemies":"Gremlin Leader","floor":23,"turns":8},{"damage":22,"enemies":"Book of Stabbing","floor":29,"turns":4},{"damage":5,"enemies":"Cultist and Chosen","floor":31,"turns":5},{"damage":39,"enemies":"Automaton","floor":33,"turns":8},{"damage":0,"enemies":"3 Shapes","floor":35,"turns":3},{"damage":4,"enemies":"Orb Walker","floor":38,"turns":3},{"damage":2,"floor":39,"turns":6},{"damage":18,"enemies":"Giant Head","floor":41,"turns":7},{"damage":8,"enemies":"Transient","floor":42,"turns":5},{"damage":9,"enemies":"Spire Growth","floor":44,"turns":3},{"damage":26,"enemies":"2 Orb Walkers","floor":45,"turns":3},{"damage":8,"enemies":"Maw","floor":46,"turns":7},{"damage":11,"enemies":"Flame Bruiser 2 Orb","floor":47,"turns":3},{"damage":70,"enemies":"Donu and Deca","floor":50,"turns":5}],"seed_played":"-3628471416004743168","potions_obtained":[{"floor":1,"key":"Swift Potion"},{"floor":10,"key":"FearPotion"},{"floor":11,"key":"Block Potion"},{"floor":14,"key":"Explosive Potion"},{"floor":16,"key":"Strength Potion"},{"floor":21,"key":"Swift Potion"},{"floor":23,"key":"BloodPotion"},{"floor":33,"key":"Block Potion"}],"is_trial":false,"path_per_floor":["M","?","$","M","M","E","M","T","T","M","?","E","$","M","R","B",null,"M","?","?","M","$","E","$","R","T","?","R","E","R","M","R","B",null,"M","?","?","M","?","R","E","M","T","M","E","M","M","?","R","B"],"character_chosen":"IRONCLAD","items_purchased":["Demon Form","Perfected Strike","Pommel Strike","Immolate","Barricade","Whirlwind"],"campfire_rested":2,"item_purchase_floors":[3,3,3,13,22,22],"current_hp_per_floor":[80,80,80,80,80,67,56,56,56,60,59,65,65,71,71,51,80,77,71,71,57,57,21,21,21,21,21,21,13,37,38,38,30,80,80,80,80,80,80,80,68,66,66,63,43,48,43,33,72,16],"gold":128,"neow_bonus":"ONE_RARE_RELIC","is_prod":false,"is_daily":false,"chose_seed":false,"campfire_upgraded":5,"win_rate":0.0,"timestamp":1532139032,"path_taken":["M","?","?","?","M","E","M","?","T","M","?","E","?","M","R","BOSS","M","?","?","M","$","E","?","R","T","?","R","E","R","M","R","BOSS","M","?","?","M","?","R","E","M","T","M","E","M","M","?","R","BOSS"],"build_version":"2018-07-19v2","purchased_purges":1,"victory":true,"max_hp_per_floor":[80,80,80,80,80,80,80,80,80,80,80,80,80,80,80,80,80,80,80,80,80,80,80,80,80,80,80,80,80,80,80,80,80,80,80,80,80,80,80,80,80,80,80,80,80,80,80,80,80,80],"card_choices":[{"not_picked":["Flame Barrier","Corruption"],"picked":"Evolve","floor":1},{"not_picked":["Flex","Headbutt"],"picked":"Dual Wield","floor":4},{"not_picked":["Power Through","Shrug It Off"],"picked":"Rage","floor":5},{"not_picked":["Carnage","Cleave"],"picked":"Anger","floor":6},{"not_picked":["Clothesline","Warcry"],"picked":"Rampage","floor":7},{"not_picked":["Shrug It Off","Headbutt"],"picked":"Spot Weakness","floor":10},{"not_picked":["Spot Weakness","Evolve"],"picked":"Body Slam","floor":11},{"not_picked":["Flex","Iron Wave"],"picked":"Bludgeon","floor":12},{"not_picked":["Flex","Iron Wave"],"picked":"Anger","floor":14},{"not_picked":["Fiend Fire","Immolate"],"picked":"Brutality","floor":16},{"not_picked":["Rampage","True Grit"],"picked":"Clash","floor":18},{"not_picked":["True Grit","Body Slam"],"picked":"Armaments+1","floor":21},{"not_picked":["Iron Wave","Battle Trance"],"picked":"Perfected Strike","floor":23},{"not_picked":["Whirlwind","Perfected Strike"],"picked":"Battle Trance+1","floor":29},{"not_picked":["Clash+1","Metallicize","Thunderclap+1"],"picked":"Impervious","floor":31},{"not_picked":["Bludgeon+1","Offering","Dark Embrace"],"picked":"Juggernaut","floor":33},{"not_picked":["Anger+1","Shrug It Off+1","Clash+1"],"picked":"Heavy Blade+1","floor":35},{"not_picked":["Warcry","Cleave+1","Wild Strike+1"],"picked":"Heavy Blade+1","floor":38},{"not_picked":["Flex+1","Iron Wave+1","Feel No Pain+1"],"picked":"Shockwave+1","floor":39},{"not_picked":["Iron Wave+1","Combust+1","Immolate+1"],"picked":"Sword Boomerang+1","floor":41},{"not_picked":["Battle Trance+1","Clothesline+1","Clash+1"],"picked":"Heavy Blade+1","floor":42},{"not_picked":["Perfected Strike+1","Warcry","Wild Strike+1"],"picked":"Blood for Blood+1","floor":44},{"not_picked":["Anger+1","Sword Boomerang+1","Pummel+1"],"picked":"Reaper+1","floor":45},{"not_picked":["Evolve+1","Searing Blow+1","Spot Weakness"],"picked":"Perfected Strike+1","floor":46},{"not_picked":["Flex+1","Cleave+1","Inflame+1"],"picked":"Pummel+1","floor":47},{"not_picked":["Secret Weapon","Purity","Swift Strike+1"],"picked":"Magnetism","floor":48},{"not_picked":["Good Instincts","Flash of Steel+1","Thinking Ahead"],"picked":"Secret Weapon","floor":48},{"not_picked":["Trip","Blind","Flash of Steel+1"],"picked":"Dramatic Entrance+1","floor":48}],"player_experience":28090,"relics_obtained":[{"floor":6,"key":"Red Skull"},{"floor":8,"key":"Pen Nib"},{"floor":9,"key":"Orichalcum"},{"floor":11,"key":"Darkstone Periapt"},{"floor":12,"key":"Juzu Bracelet"},{"floor":23,"key":"Mummified Hand"},{"floor":23,"key":"Pantograph"},{"floor":26,"key":"Ginger"},{"floor":29,"key":"Question Card"},{"floor":29,"key":"Molten Egg 2"},{"floor":39,"key":"Torii"},{"floor":41,"key":"Regal Pillow"},{"floor":41,"key":"War Paint"},{"floor":43,"key":"Omamori"},{"floor":45,"key":"Gremlin Horn"},{"floor":45,"key":"Kunai"}],"event_choices":[{"event_name":"Liars Game","player_choice":"agreed","floor":2,"damage_taken":0},{"event_name":"Dead Adventurer","player_choice":"Searched \u00273\u0027 times","floor":11,"damage_taken":0},{"event_name":"Nest","player_choice":"Joined the Cult","floor":19,"damage_taken":0},{"event_name":"FaceTrader","player_choice":"Trade","floor":20,"damage_taken":0},{"event_name":"Purifier","player_choice":"One Purge","floor":27,"damage_taken":0},{"event_name":"Tomb of Lord Red Mask","player_choice":"Paid","floor":36,"damage_taken":0},{"event_name":"Falling","player_choice":"Removed Skill","floor":37,"damage_taken":0},{"event_name":"MindBloom","player_choice":"Fight","floor":39,"damage_taken":0},{"event_name":"SensoryStone","player_choice":"Memory 3","floor":48,"damage_taken":0}],"is_beta":false,"boss_relics":[{"not_picked":["Lizard Tail","Velvet Choker"],"picked":"Black Star"},{"not_picked":["Runic Dome","Empty Cage"],"picked":"Sozu"}],"items_purged_floors":[24],"is_endless":false,"potions_floor_spawned":[1,10,11,14,16,21,23,33,35,39,46,47],"ascension_level":0}