{"gold_per_floor":[116,116,42,42,54,85,103,135,135,23,43,60,60,12,12,12],"floor_reached":16,"playtime":385,"items_purged":["Defend_B"],"score":236,"play_id":"1045fd99-9a95-471e-8971-1525c55312f8","local_time":"20180810173550","is_ascension_mode":true,"campfire_choices":[{"data":"Zap","floor":13,"key":"SMITH"},{"data":"Ball Lightning","floor":15,"key":"SMITH"}],"neow_cost":"NONE","seed_source_timestamp":3235350123961,"circlet_count":0,"master_deck":["Strike_B","Strike_B","Strike_B","Strike_B","Defend_B","Defend_B","Zap+1","Dualcast","AscendersBane","Conserve Battery","BootSequence","Melter","Leap","Self Repair","Ball Lightning+1"],"relics":["Cracked Core","NeowsBlessing","Cables","Mercury Hourglass","Gremlin Horn"],"potions_floor_usage":[],"damage_taken":[{"damage":0,"enemies":"Jaw Worm","floor":1,"turns":1},{"damage":0,"enemies":"Small Slimes","floor":5,"turns":1},{"damage":0,"enemies":"Gremlin Nob","floor":6,"turns":1},{"damage":1,"enemies":"Cultist","floor":7,"turns":3},{"damage":33,"enemies":"3 Sentries","floor":8,"turns":7},{"damage":0,"enemies":"Lots of Slimes","floor":11,"turns":2},{"damage":0,"enemies":"Gremlin Gang","floor":12,"turns":3},{"damage":42,"enemies":"Hexaghost","floor":16,"turns":9}],"seed_played":"-2329670381771908266","potions_obtained":[{"floor":5,"key":"SpeedPotion"},{"floor":6,"key":"EssenceOfSteel"}],"is_trial":false,"path_per_floor":["M","?","$","?","M","E","M","E","T","$","M","M","R","$","R"],"character_chosen":"DEFECT","items_purchased":["BootSequence","Self Repair","Ball Lightning"],"campfire_rested":0,"item_purchase_floors":[3,10,14],"current_hp_per_floor":[64,69,69,62,62,62,61,28,28,28,35,42,42,42,42,0],"gold":12,"neow_bonus":"THREE_ENEMY_KILL","is_prod":false,"is_daily":false,"chose_seed":false,"campfire_upgraded":2,"win_rate":0,"timestamp":1533911750,"path_taken":["M","?","$","?","M","E","M","E","T","$","M","?","R","$","R","BOSS"],"build_version":"2018-08-09","purchased_purges":1,"victory":false,"max_hp_per_floor":[71,76,76,76,76,76,76,76,76,76,76,76,76,76,76,76],"card_choices":[{"not_picked":["Compile Driver","Lockon"],"picked":"Conserve Battery","floor":1},{"not_picked":["Force Field","Compile Driver"],"picked":"Melter","floor":5},{"not_picked":["Rebound","BootSequence","Gash"],"picked":"SKIP","floor":6},{"not_picked":["Heatsinks","Reinforced Body","Genetic Algorithm"],"picked":"SKIP","floor":7},{"not_picked":["Recycle","Force Field"],"picked":"Leap","floor":8},{"not_picked":["Reinforced Body","Skim","Turbo"],"picked":"SKIP","floor":11},{"not_picked":["Gash","Scrape","Steam Power"],"picked":"SKIP","floor":12}],"player_experience":418207,"relics_obtained":[{"floor":6,"key":"Cables"},{"floor":8,"key":"Mercury Hourglass"},{"floor":9,"key":"Gremlin Horn"}],"event_choices":[{"event_name":"Big Fish","player_choice":"Donut","floor":2,"damage_taken":0},{"event_name":"Golden Wing","player_choice":"Card Removal","floor":4,"damage_taken":0}],"is_beta":false,"boss_relics":[],"items_purged_floors":[10],"is_endless":false,"potions_floor_spawned":[5,6,7,11],"killed_by":"Hexaghost","ascension_level":15}