{"gold_per_floor":[112,128,53,5,23,48,58,58,58,68,68,95,114,39,39,112,112,129,142,72,84,95,95,124,124,124,155,155,155,9,9,9,82,82,101,101,101,148,167,167,167,179,179,179,179,191,208,221,221,221],"floor_reached":51,"playtime":1755,"items_purged":["Strike_R"],"score":1326,"play_id":"22927c47-a601-4c9c-8c63-0b435b5bb552","local_time":"20180830005752","is_ascension_mode":true,"campfire_choices":[{"data":"Clothesline","floor":8.0,"key":"SMITH"},{"data":"Shockwave","floor":11.0,"key":"SMITH"},{"floor":15.0,"key":"REST"},{"data":"Demon Form","floor":23.0,"key":"SMITH"},{"floor":25.0,"key":"REST"},{"floor":32.0,"key":"REST"},{"floor":41.0,"key":"REST"},{"data":"Heavy Blade","floor":44,"key":"SMITH"},{"data":"Whirlwind","floor":49,"key":"SMITH"}],"neow_cost":"NONE","seed_source_timestamp":32971044158481,"circlet_count":0,"master_deck":["Strike_R+1","Strike_R+1","Strike_R+1","Defend_R+1","Defend_R+1","Defend_R+1","Defend_R+1","Bash","AscendersBane","Thunderclap","Cleave","Shockwave+1","Clothesline+1","Shrug It Off","Flex+1","Pommel Strike","Ghostly Armor+1","Demon Form+1","Sword Boomerang","Heavy Blade+1","Feed","Inflame","Offering+1","Limit Break+1","Seeing Red+1","Whirlwind+1"],"special_seed":0,"relics":["Burning Blood","Omamori","Bronze Scales","Dream Catcher","Toxic Egg 2","Cursed Key","War Paint","Bag of Preparation","Mercury Hourglass","MutagenicStrength","Vajra","Lizard Tail","Incense Burner","Thread and Needle"],"potions_floor_usage":[50,50],"damage_taken":[{"damage":2.0,"enemies":"Jaw Worm","floor":1.0,"turns":3.0},{"damage":0.0,"enemies":"2 Louse","floor":2.0,"turns":3.0},{"damage":6.0,"enemies":"Cultist","floor":5.0,"turns":4.0},{"damage":31.0,"enemies":"3 Sentries","floor":6.0,"turns":9.0},{"damage":5.0,"enemies":"Exordium Wildlife","floor":7.0,"turns":2.0},{"damage":8.0,"enemies":"Lots of Slimes","floor":10.0,"turns":1.0},{"damage":33.0,"enemies":"Lagavulin","floor":12.0,"turns":8.0},{"damage":0.0,"enemies":"2 Fungi Beasts","floor":13.0,"turns":1.0},{"damage":39.0,"enemies":"Hexaghost","floor":16.0,"turns":11.0},{"damage":10.0,"enemies":"2 Thieves","floor":18.0,"turns":4.0},{"damage":2.0,"enemies":"Chosen","floor":19.0,"turns":4.0},{"damage":2.0,"enemies":"Snecko","floor":21.0,"turns":4.0},{"damage":11.0,"enemies":"Centurion and Healer","floor":22.0,"turns":5.0},{"damage":35.0,"enemies":"Slavers","floor":24.0,"turns":4.0},{"damage":18.0,"enemies":"Book of Stabbing","floor":27.0,"turns":4.0},{"damage":11.0,"enemies":"Colosseum Slavers","floor":28.0,"turns":4.0},{"damage":48.0,"enemies":"Automaton","floor":33.0,"turns":8.0},{"damage":2.0,"enemies":"Orb Walker","floor":35.0,"turns":3.0},{"damage":27.0,"enemies":"Mysterious Sphere","floor":38.0,"turns":4.0},{"damage":34.0,"enemies":"Flame Bruiser 1 Orb","floor":39.0,"turns":3.0},{"damage":6.0,"enemies":"Transient","floor":42.0,"turns":5.0},{"damage":3,"enemies":"Mind Bloom Boss Battle","floor":45,"turns":5},{"damage":6,"enemies":"Maw","floor":46,"turns":4},{"damage":1,"enemies":"Sphere and 2 Shapes","floor":47,"turns":1},{"damage":7,"enemies":"3 Darklings","floor":48,"turns":1},{"damage":58,"enemies":"Donu and Deca","floor":50,"turns":8}],"seed_played":"8088164212645893979","potions_obtained":[{"floor":1.0,"key":"Energy Potion"},{"floor":6.0,"key":"Explosive Potion"},{"floor":16.0,"key":"BloodPotion"},{"floor":33.0,"key":"Dexterity Potion"},{"floor":38.0,"key":"Dexterity Potion"}],"is_trial":false,"path_per_floor":["M","M","?","$","M","E","M","R","T","M","R","E","M","$","R","B",null,"M","M","$","M","M","R","E","R","T","E","?","?","$","?","R","B",null,"M","?","$","?","M","?","R","M","T","R","?","M","M","M","R","B"],"character_chosen":"IRONCLAD","items_purchased":["Cleave","Feed","Vajra"],"campfire_rested":4,"item_purchase_floors":[4,20,30],"current_hp_per_floor":[72,75,75,75,75,50,51,51,51,49,49,22,28,28,50,17,61,57,61,61,65,60,60,34,57,57,45,40,40,40,40,63,28,66,70,70,70,49,21,37,60,60,60,60,63,66,74,73,73,21],"gold":221,"neow_bonus":"RANDOM_COMMON_RELIC","is_prod":false,"is_daily":false,"chose_seed":false,"campfire_upgraded":5,"win_rate":0,"timestamp":1535579872,"path_taken":["M","M","?","$","M","E","M","R","T","?","R","E","M","$","R","BOSS","M","M","$","M","M","R","E","R","T","E","?","?","?","?","R","BOSS","M","?","$","?","M","?","R","?","T","R","?","M","M","M","R","BOSS"],"build_version":"2018-08-23v2","purchased_purges":1,"victory":true,"max_hp_per_floor":[75,75,75,75,75,75,75,75,75,75,75,75,75,75,75,75,75,75,75,75,75,75,75,78,78,78,78,78,78,78,78,78,78,78,78,78,78,78,78,78,78,78,78,78,78,81,84,84,84,84],"card_choices":[{"not_picked":["Wild Strike","Heavy Blade"],"picked":"Thunderclap","floor":1.0},{"not_picked":["Combust","Heavy Blade"],"picked":"Rage","floor":2.0},{"not_picked":["Disarm","Entrench"],"picked":"Shockwave","floor":5.0},{"not_picked":["Iron Wave","Twin Strike"],"picked":"Clothesline","floor":6.0},{"not_picked":["Twin Strike","Perfected Strike","Feel No Pain"],"picked":"SKIP","floor":7.0},{"not_picked":["Heavy Blade","Anger"],"picked":"Shrug It Off","floor":10.0},{"not_picked":["Anger","Iron Wave"],"picked":"Flex","floor":12.0},{"not_picked":["Blood for Blood","Headbutt"],"picked":"Pommel Strike","floor":13.0},{"not_picked":["Bludgeon","Twin Strike"],"picked":"Ghostly Armor+1","floor":15.0},{"not_picked":["Double Tap+1","Impervious+1"],"picked":"Demon Form","floor":16.0},{"not_picked":["Body Slam","Shrug It Off+1"],"picked":"Sword Boomerang","floor":18.0},{"not_picked":["Metallicize","Anger"],"picked":"Heavy Blade","floor":19.0},{"not_picked":["Warcry+1","Combust"],"picked":"Inflame","floor":21.0},{"not_picked":["Power Through+1","Blood for Blood+1","Sword Boomerang"],"picked":"SKIP","floor":22.0},{"not_picked":["Pommel Strike","Barricade","Rampage"],"picked":"SKIP","floor":24.0},{"not_picked":["Cleave","Double Tap+1"],"picked":"Offering+1","floor":27.0},{"not_picked":["Pommel Strike+1","Heavy Blade","Havoc+1"],"picked":"SKIP","floor":35.0},{"not_picked":["Havoc+1","Perfected Strike+1"],"picked":"Limit Break+1","floor":38.0},{"not_picked":["Bloodletting+1","Twin Strike","Anger"],"picked":"SKIP","floor":39.0},{"not_picked":["Armaments+1","Iron Wave"],"picked":"Seeing Red+1","floor":42.0},{"not_picked":["Evolve","Iron Wave"],"picked":"Whirlwind","floor":46},{"not_picked":["Cleave+1","Pommel Strike","Heavy Blade"],"picked":"SKIP","floor":47},{"not_picked":["Inflame","Havoc+1","Hemokinesis+1"],"picked":"SKIP","floor":48}],"player_experience":450203,"relics_obtained":[{"floor":6.0,"key":"Bronze Scales"},{"floor":9.0,"key":"Dream Catcher"},{"floor":12.0,"key":"Toxic Egg 2"},{"floor":24.0,"key":"War Paint"},{"floor":26.0,"key":"Bag of Preparation"},{"floor":27.0,"key":"Mercury Hourglass"},{"floor":38.0,"key":"Incense Burner"},{"floor":45,"key":"Thread and Needle"}],"event_choices":[{"event_name":"The Cleric","player_choice":"Card Removal","floor":3.0,"damage_taken":0.0},{"event_name":"Colosseum","player_choice":"Fight","floor":28.0,"damage_taken":0.0},{"event_name":"Colosseum","player_choice":"Fled From Nobs","floor":28.0,"damage_taken":0.0},{"event_name":"Drug Dealer","player_choice":"Inject Mutagens","floor":29.0,"damage_taken":0.0},{"event_name":"Back to Basics","player_choice":"Simplicity","floor":31.0,"damage_taken":0.0},{"event_name":"Falling","player_choice":"Removed Skill","floor":36.0,"damage_taken":0.0},{"event_name":"Mysterious Sphere","player_choice":"Fight","floor":38.0,"damage_taken":0.0},{"event_name":"Winding Halls","player_choice":"Writhe","floor":40.0,"damage_taken":0.0},{"event_name":"MindBloom","player_choice":"Fight","floor":45,"damage_taken":0}],"is_beta":false,"boss_relics":[{"not_picked":["Tiny House","Ectoplasm"],"picked":"Cursed Key"},{"not_picked":["Mark of Pain","Calling Bell"],"picked":"Lizard Tail"}],"items_purged_floors":[14],"is_endless":false,"potions_floor_spawned":[1,6,7,16,21,24,27,33,38,45,47],"ascension_level":15}