{"gold_per_floor":[111,128,128,143,22,55,66,66,66,86,100,119,19,32,32,32],"floor_reached":16,"playtime":1349,"items_purged":["Strike_R","Strike_R"],"score":133,"play_id":"1f04fdff-5122-49e2-9af2-b59feffbe43a","local_time":"20190723220252","is_ascension_mode":true,"campfire_choices":[{"data":"True Grit","floor":8,"key":"SMITH"},{"data":"Spot Weakness","floor":15,"key":"SMITH"}],"neow_cost":"NONE","seed_source_timestamp":699409246006800,"circlet_count":0,"master_deck":["Strike_R","Strike_R","Defend_R","Defend_R","Defend_R","Defend_R","Bash","Juggernaut","Heavy Blade","Armaments","Shockwave","Sword Boomerang","Feel No Pain","True Grit+1","Spot Weakness+1","Offering","Sword Boomerang","True Grit"],"relics":["Burning Blood","Paper Frog","StoneCalendar"],"potions_floor_usage":[6],"damage_taken":[{"damage":1,"enemies":"2 Louse","floor":1,"turns":4},{"damage":6,"enemies":"Cultist","floor":2,"turns":3},{"damage":1,"enemies":"Small Slimes","floor":4,"turns":4},{"damage":47,"enemies":"Lagavulin","floor":6,"turns":8},{"damage":11,"enemies":"Looter","floor":7,"turns":2},{"damage":14,"enemies":"3 Louse","floor":10,"turns":4},{"damage":17,"enemies":"Exordium Thugs","floor":11,"turns":5},{"damage":3,"enemies":"Looter","floor":12,"turns":3},{"damage":12,"enemies":"3 Louse","floor":14,"turns":5},{"damage":31,"enemies":"The Guardian","floor":16,"turns":2}],"seed_played":"3491218133429165220","potions_obtained":[{"floor":1,"key":"Swift Potion"},{"floor":7,"key":"GamblersBrew"},{"floor":11,"key":"Poison Potion"},{"floor":12,"key":"EssenceOfSteel"}],"is_trial":false,"path_per_floor":["M","M","?","M","$","E","M","R","T","M","M","M","$","M","R","B"],"character_chosen":"IRONCLAD","items_purchased":["Sword Boomerang"],"campfire_rested":0,"item_purchase_floors":[5],"current_hp_per_floor":[80,80,80,80,80,39,34,34,34,26,15,18,18,12,12,0],"gold":32,"neow_bonus":"ONE_RANDOM_RARE_CARD","is_prod":false,"is_daily":false,"chose_seed":false,"campfire_upgraded":2,"win_rate":0,"timestamp":1563933772,"path_taken":["M","M","?","M","$","E","M","R","T","M","?","M","?","M","R","BOSS"],"build_version":"2019-07-17","purchased_purges":2,"victory":false,"max_hp_per_floor":[80,80,80,80,80,80,80,80,80,80,80,80,80,80,80,80],"card_choices":[{"not_picked":["Rupture","Body Slam"],"picked":"Heavy Blade","floor":1},{"not_picked":["Twin Strike","Thunderclap"],"picked":"Armaments","floor":2},{"not_picked":["Ghostly Armor","Body Slam"],"picked":"Shockwave","floor":4},{"not_picked":["Combust","Bloodletting"],"picked":"Feel No Pain","floor":6},{"not_picked":["Bloodletting","Heavy Blade"],"picked":"True Grit","floor":7},{"not_picked":["Perfected Strike","Flex"],"picked":"Spot Weakness","floor":10},{"not_picked":["Warcry","Heavy Blade"],"picked":"Offering","floor":11},{"not_picked":["Thunderclap","Bloodletting"],"picked":"Sword Boomerang","floor":12},{"not_picked":["Perfected Strike","Clash"],"picked":"True Grit","floor":14}],"player_experience":493097,"relics_obtained":[{"floor":6,"key":"Paper Frog"},{"floor":9,"key":"StoneCalendar"}],"event_choices":[{"cards_removed":["Strike_R"],"damage_healed":0,"gold_gain":0,"player_choice":"Purged","damage_taken":0,"max_hp_gain":0,"max_hp_loss":0,"event_name":"Purifier","floor":3,"gold_loss":0}],"is_beta":false,"boss_relics":[],"items_purged_floors":[5,13],"is_endless":false,"potions_floor_spawned":[1,7,11,12],"killed_by":"The Guardian","ascension_level":5}