{"gold_per_floor":[112,112,112,187,199,199,215,215,215,239,239,256,35,51,51,153,153,172,50,50,63,77,77,101,135,135,152,152],"floor_reached":28,"playtime":1106,"items_purged":["Strike_B","Strike_B"],"score":228,"play_id":"07e4eb3b-fc87-4267-8d4c-c5c9d2ff388f","local_time":"20181011203626","is_ascension_mode":false,"campfire_choices":[{"data":"Zap","floor":6.0,"key":"SMITH"},{"data":"Dualcast","floor":8.0,"key":"SMITH"},{"data":"Conserve Battery","floor":11.0,"key":"SMITH"},{"data":"Genetic Algorithm","floor":15.0,"key":"SMITH"},{"data":"RitualDagger","floor":23.0,"key":"SMITH"}],"neow_cost":"NONE","seed_source_timestamp":0,"circlet_count":0,"master_deck":["Defend_B","Defend_B","Defend_B","Defend_B","Zap+1","Dualcast+1","Gash","Rebound","Conserve Battery+1","Compile Driver","Genetic Algorithm+1","Electrodynamics","Go for the Eyes","Steam","RitualDagger+1","Hologram","Core Surge"],"special_seed":0,"relics":["Cracked Core","Art of War","Strawberry","Centennial Puzzle","Orichalcum","Inserter","Ancient Tea Set","Vajra","The Courier"],"potions_floor_usage":[],"damage_taken":[{"damage":7.0,"enemies":"Small Slimes","floor":1.0,"turns":3.0},{"damage":1.0,"enemies":"Jaw Worm","floor":5.0,"turns":2.0},{"damage":0.0,"enemies":"Cultist","floor":7.0,"turns":3.0},{"damage":0.0,"enemies":"3 Louse","floor":12.0,"turns":3.0},{"damage":3.0,"enemies":"2 Fungi Beasts","floor":14.0,"turns":3.0},{"damage":40.0,"enemies":"Hexaghost","floor":16.0,"turns":12.0},{"damage":5.0,"enemies":"Spheric Guardian","floor":18.0,"turns":3.0},{"damage":0.0,"enemies":"3 Byrds","floor":21.0,"turns":2.0},{"damage":35.0,"enemies":"Sentry and Sphere","floor":22.0,"turns":8.0},{"damage":21.0,"enemies":"Book of Stabbing","floor":25.0,"turns":7.0},{"damage":12,"enemies":"Centurion and Healer","floor":27,"turns":6}],"seed_played":"1887642600703441260","potions_obtained":[{"floor":1.0,"key":"FearPotion"},{"floor":7.0,"key":"Swift Potion"},{"floor":16.0,"key":"Dexterity Potion"},{"floor":18.0,"key":"SpeedPotion"},{"floor":25.0,"key":"Block Potion"}],"is_trial":false,"path_per_floor":["M","?","?","?","M","R","M","R","T","T","R","M","$","M","R","B",null,"M","$","?","M","M","R","T","E","T","M"],"character_chosen":"DEFECT","items_purchased":["Orichalcum","Steam"],"campfire_rested":0,"item_purchase_floors":[13,19],"current_hp_per_floor":[68,61,61,54,53,53,53,53,60,60,60,60,60,57,57,17,82,77,77,71,71,36,36,36,15,15,3,0],"gold":152,"neow_bonus":"REMOVE_CARD","is_prod":false,"is_daily":false,"chose_seed":false,"campfire_upgraded":5,"win_rate":0,"timestamp":1539315386,"path_taken":["M","?","?","?","?","R","M","R","T","?","R","?","$","?","R","BOSS","M","$","?","M","M","R","?","E","T","M","?"],"build_version":"2018-10-04v2","purchased_purges":2,"victory":false,"max_hp_per_floor":[75,75,75,75,75,75,75,75,82,82,82,82,82,82,82,82,82,82,82,82,82,82,82,82,82,82,82,82],"card_choices":[{"not_picked":["BootSequence","Streamline"],"picked":"Gash","floor":1.0},{"not_picked":["Ball Lightning","Redo"],"picked":"Conserve Battery","floor":5.0},{"not_picked":["FTL","Cold Snap"],"picked":"Compile Driver","floor":7.0},{"not_picked":["Coolheaded","Redo","Rebound"],"picked":"SKIP","floor":12.0},{"not_picked":["Beam Cell","Redo"],"picked":"Genetic Algorithm","floor":14.0},{"not_picked":["Seek","Core Surge"],"picked":"Electrodynamics","floor":16.0},{"not_picked":["Streamline","Rebound"],"picked":"Go for the Eyes","floor":18.0},{"not_picked":["Hello World","Rebound+1"],"picked":"Hologram","floor":21.0},{"not_picked":["Ball Lightning","Stack+1","Go for the Eyes"],"picked":"SKIP","floor":22.0},{"not_picked":["Skim","Hologram"],"picked":"Core Surge","floor":25.0},{"not_picked":["Sunder+1","Steam","Genetic Algorithm+1"],"picked":"SKIP","floor":27}],"player_experience":355962,"relics_obtained":[{"floor":9.0,"key":"Strawberry"},{"floor":10.0,"key":"Centennial Puzzle"},{"floor":24.0,"key":"Ancient Tea Set"},{"floor":25.0,"key":"Vajra"},{"floor":26.0,"key":"The Courier"}],"event_choices":[{"event_name":"Scrap Ooze","player_choice":"success","floor":2.0,"damage_taken":7.0},{"event_name":"Transmorgrifier","player_choice":"Transform","floor":3.0,"damage_taken":0.0},{"event_name":"FaceTrader","player_choice":"Touch","floor":4.0,"damage_taken":0.0},{"event_name":"Nest","player_choice":"Joined the Cult","floor":20.0,"damage_taken":0.0}],"is_beta":false,"boss_relics":[{"not_picked":["Fusion Hammer","Ectoplasm"],"picked":"Inserter"}],"items_purged_floors":[13,19],"is_endless":false,"potions_floor_spawned":[1,7,16,18,25],"ascension_level":0}