{"gold_per_floor":[117,130,130,148,49,49,49,49,121,121,50,50,78,96,96,195,195,214,227,56,70,70,70,83,83,83,113,113,133,133,161,161,266,266,278,295,99,99,199,232,243,243,243,243,243,53,81,101,101,101],"floor_reached":51,"playtime":1488,"items_purged":["Pain","Strike_R","Strike_R"],"score":1090,"play_id":"f97595cb-3fdb-4781-9c13-cfa2eebb89e1","local_time":"20181214135732","is_ascension_mode":true,"campfire_choices":[{"data":"Immolate","floor":6.0,"key":"SMITH"},{"data":"Bash","floor":8.0,"key":"SMITH"},{"floor":10.0,"key":"REST"},{"data":"True Grit","floor":15.0,"key":"SMITH"},{"floor":23.0,"key":"REST"},{"data":"Double Tap","floor":25.0,"key":"SMITH"},{"floor":28.0,"key":"REST"},{"data":"Shrug It Off","floor":30.0,"key":"SMITH"},{"floor":32.0,"key":"REST"},{"floor":42.0,"key":"REST"},{"floor":49,"key":"REST"}],"neow_cost":"NONE","seed_source_timestamp":6148824846591,"circlet_count":0,"master_deck":["AscendersBane","Strike_R","Strike_R","Strike_R","Defend_R","Defend_R","Defend_R","Defend_R","Bash+1","Immolate+1","Thunderclap","Twin Strike+1","Spot Weakness+1","Flex","True Grit+1","Body Slam","Clothesline","Double Tap+1","Flame Barrier","Battle Trance","Pommel Strike+1","Shrug It Off+1","Disarm","Offering","Flame Barrier","Body Slam+1","Disarm"],"special_seed":0,"relics":["Burning Blood","WarpedTongs","Frozen Egg 2","Bag of Marbles","Dream Catcher","Sozu","FossilizedHelix","Red Mask","Anchor","Busted Crown","Incense Burner","Magic Flower","Self Forming Clay","DollysMirror","Smiling Mask"],"potions_floor_usage":[50],"damage_taken":[{"damage":4.0,"enemies":"2 Louse","floor":1.0,"turns":2.0},{"damage":1.0,"enemies":"Cultist","floor":2.0,"turns":3.0},{"damage":14.0,"enemies":"Jaw Worm","floor":4.0,"turns":2.0},{"damage":24.0,"enemies":"Gremlin Nob","floor":13.0,"turns":4.0},{"damage":7.0,"enemies":"Exordium Wildlife","floor":14.0,"turns":3.0},{"damage":11.0,"enemies":"Slime Boss","floor":16.0,"turns":6.0},{"damage":14.0,"enemies":"3 Byrds","floor":18.0,"turns":3.0},{"damage":14.0,"enemies":"2 Thieves","floor":19.0,"turns":2.0},{"damage":33.0,"enemies":"Snake Plant","floor":21.0,"turns":5.0},{"damage":0.0,"enemies":"Snecko","floor":24.0,"turns":2.0},{"damage":31.0,"enemies":"Masked Bandits","floor":27.0,"turns":4.0},{"damage":0.0,"enemies":"3 Cultists","floor":29.0,"turns":4.0},{"damage":29.0,"enemies":"Slavers","floor":31.0,"turns":4.0},{"damage":9.0,"enemies":"Champ","floor":33.0,"turns":9.0},{"damage":0.0,"enemies":"3 Shapes","floor":35.0,"turns":3.0},{"damage":0.0,"enemies":"3 Darklings","floor":36.0,"turns":1.0},{"damage":0.0,"enemies":"Mind Bloom Boss Battle","floor":39.0,"turns":4.0},{"damage":35.0,"enemies":"Giant Head","floor":40.0,"turns":8.0},{"damage":24.0,"enemies":"Writhing Mass","floor":41.0,"turns":5.0},{"damage":45.0,"enemies":"Reptomancer","floor":47.0,"turns":5.0},{"damage":6,"enemies":"4 Shapes","floor":48,"turns":6},{"damage":36,"enemies":"Awakened One","floor":50,"turns":11}],"seed_played":"7953978855558193520","potions_obtained":[{"floor":1.0,"key":"Weak Potion"},{"floor":2.0,"key":"Strength Potion"}],"is_trial":false,"path_per_floor":["M","M","?","M","$","R","?","R","T","R","$","?","E","M","R","B",null,"M","M","$","M","?","R","M","R","T","?","R","M","R","E","R","B",null,"M","M","$","?","?","E","M","R","T","?","?","$","E","M","R","B",null],"character_chosen":"IRONCLAD","items_purchased":["Flex","True Grit","Body Slam","Battle Trance","Flame Barrier","DollysMirror"],"campfire_rested":6,"item_purchase_floors":[5,11,11,20,37,46],"current_hp_per_floor":[74,79,79,71,71,71,55,55,55,79,79,79,61,60,60,55,74,66,58,58,31,16,41,47,47,47,22,47,53,53,30,55,52,77,83,85,85,81,81,52,37,61,61,61,61,61,25,28,52,25],"gold":101,"neow_bonus":"ONE_RANDOM_RARE_CARD","is_prod":false,"is_daily":false,"chose_seed":false,"campfire_upgraded":5,"win_rate":0,"timestamp":1544785052,"path_taken":["M","M","?","?","$","R","?","R","T","R","?","?","E","M","R","BOSS","M","M","$","M","?","R","M","R","T","?","R","M","R","E","R","BOSS","M","M","$","?","?","E","M","R","T","?","?","$","E","M","R","BOSS"],"build_version":"2018-12-13","purchased_purges":3,"victory":true,"max_hp_per_floor":[80,80,80,80,80,80,80,80,80,80,80,80,80,80,80,80,80,80,80,80,80,85,85,85,85,85,85,85,85,85,85,85,85,85,85,85,85,81,81,81,81,81,81,81,81,81,81,81,81,81],"card_choices":[{"not_picked":["Power Through","Anger"],"picked":"Thunderclap","floor":1.0},{"not_picked":["Clash","Wild Strike"],"picked":"Twin Strike","floor":2.0},{"not_picked":["Cleave","Headbutt"],"picked":"Spot Weakness","floor":4.0},{"not_picked":["Havoc","Body Slam"],"picked":"Clothesline","floor":13.0},{"not_picked":["Evolve+1","Havoc"],"picked":"Metallicize+1","floor":14.0},{"not_picked":["Fiend Fire","Offering"],"picked":"Double Tap","floor":16.0},{"not_picked":["Evolve+1","Dropkick+1","Rage+1"],"picked":"SKIP","floor":18.0},{"not_picked":["Wild Strike","Flex+1"],"picked":"Flame Barrier","floor":19.0},{"not_picked":["Iron Wave","Seeing Red+1","Armaments"],"picked":"SKIP","floor":21.0},{"not_picked":["Carnage+1","Flex"],"picked":"Pommel Strike+1","floor":23.0},{"not_picked":["Thunderclap","Warcry"],"picked":"Shrug It Off","floor":24.0},{"not_picked":["True Grit","Hemokinesis"],"picked":"Disarm","floor":28.0},{"not_picked":["Wild Strike","Combust+1","True Grit"],"picked":"SKIP","floor":29.0},{"not_picked":["Power Through","Warcry","Infernal Blade"],"picked":"SKIP","floor":31.0},{"not_picked":["Exhume","Demon Form+1"],"picked":"Offering","floor":33.0},{"not_picked":["Twin Strike+1"],"picked":"SKIP","floor":35.0},{"not_picked":["Iron Wave+1"],"picked":"SKIP","floor":36.0},{"not_picked":[],"picked":"Body Slam+1","floor":39.0},{"not_picked":["Whirlwind"],"picked":"SKIP","floor":40.0},{"not_picked":["Havoc+1"],"picked":"SKIP","floor":41.0},{"not_picked":["Immolate"],"picked":"SKIP","floor":47.0},{"not_picked":["Intimidate+1"],"picked":"SKIP","floor":48}],"player_experience":584404,"relics_obtained":[{"floor":9.0,"key":"Frozen Egg 2"},{"floor":13.0,"key":"Dream Catcher"},{"floor":26.0,"key":"FossilizedHelix"},{"floor":27.0,"key":"Red Mask"},{"floor":31.0,"key":"Anchor"},{"floor":39.0,"key":"Incense Burner"},{"floor":40.0,"key":"Magic Flower"},{"floor":43.0,"key":"Self Forming Clay"},{"floor":47.0,"key":"Smiling Mask"}],"event_choices":[{"damage_healed":0.0,"max_hp_gain":0.0,"max_hp_loss":0.0,"gold_gain":0.0,"event_name":"Accursed Blacksmith","player_choice":"Rummage","floor":3.0,"gold_loss":0.0,"damage_taken":0.0,"relics_obtained":["WarpedTongs"],"cards_obtained":["Pain"]},{"damage_healed":0.0,"max_hp_gain":0.0,"max_hp_loss":0.0,"gold_gain":0.0,"event_name":"Shining Light","player_choice":"Entered Light","floor":7.0,"gold_loss":0.0,"damage_taken":16.0,"cards_upgraded":["Twin Strike","Spot Weakness"]},{"damage_healed":0.0,"max_hp_gain":0.0,"max_hp_loss":0.0,"gold_gain":0.0,"event_name":"Dead Adventurer","player_choice":"Searched \u00272\u0027 times","floor":12.0,"gold_loss":0.0,"damage_taken":0.0,"relics_obtained":["Bag of Marbles"]},{"damage_healed":0.0,"max_hp_gain":5.0,"max_hp_loss":0.0,"gold_gain":0.0,"event_name":"Forgotten Altar","player_choice":"Shed Blood","floor":22.0,"gold_loss":0.0,"damage_taken":20.0},{"damage_healed":0.0,"max_hp_gain":0.0,"max_hp_loss":0.0,"gold_gain":0.0,"event_name":"Masked Bandits","player_choice":"Fought Bandits","floor":27.0,"gold_loss":0.0,"damage_taken":0.0},{"damage_healed":0.0,"max_hp_gain":0.0,"max_hp_loss":4.0,"gold_gain":0.0,"event_name":"Winding Halls","player_choice":"Max HP","floor":38.0,"gold_loss":0.0,"damage_taken":0.0},{"damage_healed":0.0,"max_hp_gain":0.0,"max_hp_loss":0.0,"gold_gain":0.0,"event_name":"MindBloom","player_choice":"Fight","floor":39.0,"gold_loss":0.0,"damage_taken":0.0},{"cards_removed":["Metallicize"],"damage_healed":0.0,"max_hp_gain":0.0,"max_hp_loss":0.0,"gold_gain":0.0,"event_name":"Falling","player_choice":"Removed Power","floor":44.0,"gold_loss":0.0,"damage_taken":0.0},{"damage_healed":0.0,"max_hp_gain":0.0,"max_hp_loss":0.0,"gold_gain":0.0,"event_name":"Mysterious Sphere","player_choice":"Ignored","floor":45.0,"gold_loss":0.0,"damage_taken":0.0}],"is_beta":false,"boss_relics":[{"not_picked":["Fusion Hammer","Black Blood"],"picked":"Sozu"},{"not_picked":["Mark of Pain","Velvet Choker"],"picked":"Busted Crown"}],"items_purged_floors":[5,20,37],"is_endless":false,"potions_floor_spawned":[1,2,18,21,29,31,36,47,48],"ascension_level":11}