{"gold_per_floor":[113,132,132,44,61,61,72,97,148,113,113,128,178,194,194,268,268,246,258,269,104,104,104,115,147,147,147,147,166,166,179,179,179],"floor_reached":33,"playtime":1234,"items_purged":["Strike_G"],"score":525,"play_id":"54c9e7a9-2015-4848-b1b1-c220f82a4fbe","local_time":"20190127021028","is_ascension_mode":true,"campfire_choices":[{"data":"Sucker Punch","floor":6.0,"key":"SMITH"},{"floor":11,"key":"REST"},{"data":"Bouncing Flask","floor":15,"key":"SMITH"},{"floor":23,"key":"REST"},{"floor":28,"key":"REST"},{"floor":32,"key":"REST"}],"neow_cost":"NONE","seed_source_timestamp":0,"circlet_count":0,"master_deck":["AscendersBane","Defend_G+1","Defend_G+1","Defend_G+1","Defend_G+1","Defend_G+1","Strike_G+1","Strike_G+1","Strike_G+1","Survivor","Neutralize","Sucker Punch+1","Bouncing Flask+1","Dagger Spray","Bane+1","Deflect","Cloak And Dagger","Backflip","Malaise","PiercingWail","Discovery","Deadly Poison","Quick Slash+1"],"special_seed":0,"relics":["Ring of the Snake","Omamori","Letter Opener","Whetstone","Busted Crown","Pantograph","Art of War","Frozen Egg 2"],"potions_floor_usage":[8,8,25,25,33],"damage_taken":[{"damage":7.0,"enemies":"Cultist","floor":1.0,"turns":6.0},{"damage":0.0,"enemies":"2 Louse","floor":2.0,"turns":3.0},{"damage":5.0,"enemies":"Small Slimes","floor":5.0,"turns":4.0},{"damage":8.0,"enemies":"Exordium Thugs","floor":7.0,"turns":4.0},{"damage":20,"enemies":"Lagavulin","floor":8,"turns":7},{"damage":0,"enemies":"Lots of Slimes","floor":12,"turns":3},{"damage":2,"enemies":"Looter","floor":14,"turns":3},{"damage":18,"enemies":"The Guardian","floor":16,"turns":10},{"damage":21,"enemies":"2 Thieves","floor":18,"turns":4},{"damage":8,"enemies":"Shell Parasite","floor":19,"turns":8},{"damage":22,"enemies":"Shelled Parasite and Fungi","floor":20,"turns":6},{"damage":8,"enemies":"Snake Plant","floor":24,"turns":7},{"damage":24,"enemies":"Book of Stabbing","floor":25,"turns":6},{"damage":13,"enemies":"Centurion and Healer","floor":29,"turns":9},{"damage":7,"enemies":"Shelled Parasite and Fungi","floor":31,"turns":6},{"damage":62,"enemies":"Champ","floor":33,"turns":10}],"seed_played":"3121802327057419620","potions_obtained":[{"floor":2.0,"key":"PowerPotion"},{"floor":7.0,"key":"Weak Potion"},{"floor":12,"key":"SpeedPotion"},{"floor":19,"key":"Regen Potion"},{"floor":31,"key":"FearPotion"}],"is_trial":false,"path_per_floor":["M","M","?","$","M","R","M","E","T","?","R","M","?","M","R","B",null,"M","M","M","$","T","R","M","E","T","?","R","M","?","M","R","B"],"character_chosen":"THE_SILENT","items_purchased":["Bouncing Flask","Discovery"],"campfire_rested":4,"item_purchase_floors":[4,21],"current_hp_per_floor":[52,52,45,45,40,40,32,12,12,28,47,47,47,45,45,27,56,35,27,5,5,5,24,16,7,7,7,26,13,13,6,25,0],"gold":179,"neow_bonus":"RANDOM_COMMON_RELIC","is_prod":false,"is_daily":false,"chose_seed":false,"campfire_upgraded":2,"win_rate":0,"timestamp":1548544228,"path_taken":["M","M","?","$","M","R","M","E","T","?","R","M","?","?","R","BOSS","M","?","M","$","?","R","M","E","T","?","R","M","?","M","R","BOSS"],"build_version":"2019-01-23","purchased_purges":1,"victory":false,"max_hp_per_floor":[66,66,66,66,66,66,66,66,66,66,66,66,66,66,66,66,66,66,66,66,66,66,66,66,66,66,66,66,66,66,66,66,66],"card_choices":[{"not_picked":["Underhanded Strike","Blade Dance"],"picked":"Sucker Punch","floor":1.0},{"not_picked":["Bane","Calculated Gamble","Outmaneuver"],"picked":"SKIP","floor":2.0},{"not_picked":["Slice","PiercingWail"],"picked":"Dagger Spray","floor":5.0},{"not_picked":["Concentrate","Catalyst"],"picked":"Bane","floor":7.0},{"not_picked":["Concentrate","Backflip"],"picked":"Deflect","floor":8},{"not_picked":["Poisoned Stab","Quick Slash"],"picked":"Cloak And Dagger","floor":12},{"not_picked":["Calculated Gamble","Outmaneuver"],"picked":"Backflip","floor":14},{"not_picked":["Burst","Tools of the Trade"],"picked":"Malaise","floor":16},{"not_picked":[],"picked":"PiercingWail","floor":18},{"not_picked":["Acrobatics"],"picked":"SKIP","floor":19},{"not_picked":["Tactician"],"picked":"SKIP","floor":20},{"not_picked":["Slice"],"picked":"SKIP","floor":24},{"not_picked":["Acrobatics"],"picked":"SKIP","floor":25},{"not_picked":[],"picked":"Quick Slash+1","floor":29},{"not_picked":["Finisher"],"picked":"SKIP","floor":31}],"player_experience":713954,"relics_obtained":[{"floor":8,"key":"Letter Opener"},{"floor":9,"key":"Whetstone"},{"floor":22,"key":"Pantograph"},{"floor":25,"key":"Art of War"},{"floor":26,"key":"Frozen Egg 2"}],"event_choices":[{"cards_removed":["Strike_G"],"damage_healed":0.0,"max_hp_gain":0.0,"max_hp_loss":0.0,"gold_gain":0.0,"event_name":"Golden Wing","player_choice":"Card Removal","floor":3.0,"gold_loss":0.0,"damage_taken":7.0},{"damage_healed":16,"gold_gain":0,"player_choice":"Healed","damage_taken":0,"max_hp_gain":0,"max_hp_loss":0,"event_name":"The Cleric","floor":10,"gold_loss":35},{"damage_healed":0,"gold_gain":50,"player_choice":"Pray","damage_taken":0,"max_hp_gain":0,"max_hp_loss":0,"event_name":"Golden Shrine","floor":13,"gold_loss":0},{"damage_healed":0,"gold_gain":0,"player_choice":"Read","damage_taken":0,"max_hp_gain":0,"max_hp_loss":0,"event_name":"The Library","floor":27,"gold_loss":0,"cards_obtained":["Deadly Poison"]},{"damage_healed":0,"gold_gain":0,"player_choice":"Simplicity","damage_taken":0,"max_hp_gain":0,"max_hp_loss":0,"event_name":"Back to Basics","floor":30,"gold_loss":0,"cards_upgraded":["Defend_G","Defend_G","Defend_G","Defend_G","Defend_G","Strike_G","Strike_G"]}],"is_beta":false,"boss_relics":[{"not_picked":["Runic Pyramid","Fusion Hammer"],"picked":"Busted Crown"}],"items_purged_floors":[21],"is_endless":false,"potions_floor_spawned":[2,7,12,19,24,31],"killed_by":"Champ","ascension_level":19}