{"gold_per_floor":[110,110,63,82,4,40,40,40,90,90,106,146,171,214,214,334,334,352,352,352],"floor_reached":20,"playtime":1291,"items_purged":[],"score":257,"play_id":"06042cf6-ea34-48c4-8f38-17cfe8f80b10","local_time":"20190804090332","is_ascension_mode":true,"campfire_choices":[{"data":"Bouncing Flask","floor":8,"key":"SMITH"},{"data":"Caltrops","floor":10,"key":"SMITH"},{"floor":15,"key":"REST"}],"neow_cost":"NONE","seed_source_timestamp":1689730833638000,"circlet_count":0,"master_deck":["Strike_G","Strike_G","Strike_G","Strike_G","Strike_G","Defend_G","Defend_G","Defend_G","Defend_G","Defend_G","Survivor","Neutralize","Caltrops+1","Backflip+1","Deadly Poison","Bouncing Flask+1","Die Die Die","Footwork","Deadly Poison","Corpse Explosion","Injury","Shame","Clumsy","Deflect"],"relics":["Sozu","Golden Idol","Singing Bowl","Potion Belt","Bag of Preparation","Strawberry","Calling Bell","Vajra","Matryoshka","Peace Pipe"],"potions_floor_usage":[],"damage_taken":[{"damage":0,"enemies":"2 Louse","floor":1,"turns":3},{"damage":0,"enemies":"Cultist","floor":4,"turns":4},{"damage":7,"enemies":"Lagavulin","floor":6,"turns":5},{"damage":0,"enemies":"Small Slimes","floor":11,"turns":3},{"damage":20,"enemies":"Gremlin Nob","floor":12,"turns":3},{"damage":0,"enemies":"Blue Slaver","floor":13,"turns":3},{"damage":15,"enemies":"Lagavulin","floor":14,"turns":4},{"damage":8,"enemies":"Hexaghost","floor":16,"turns":7},{"damage":43,"enemies":"2 Thieves","floor":18,"turns":4},{"damage":16,"enemies":"Masked Bandits","floor":20,"turns":2}],"seed_played":"-2278449612711503606","potions_obtained":[],"is_trial":false,"path_per_floor":["M","?","$","M","$","E","?","R","T","R","M","E","M","E","R","B",null,"M","?","?"],"character_chosen":"THE_SILENT","items_purchased":["Backflip","Bouncing Flask"],"campfire_rested":1,"item_purchase_floors":[3,5],"current_hp_per_floor":[63,46,46,46,46,39,39,39,39,39,39,21,21,15,39,31,69,26,10,0],"gold":352,"neow_bonus":"BOSS_RELIC","is_prod":false,"is_daily":false,"chose_seed":false,"campfire_upgraded":2,"win_rate":0,"timestamp":1564923812,"path_taken":["M","?","$","M","$","E","?","R","T","R","M","E","M","E","R","BOSS","M","?","?"],"build_version":"2019-07-17","purchased_purges":0,"victory":false,"max_hp_per_floor":[70,70,70,70,70,70,70,70,70,70,70,72,72,81,81,81,81,81,81,81],"card_choices":[{"not_picked":["Choke","Accuracy"],"picked":"Caltrops","floor":1},{"not_picked":["Dodge and Roll","Prepared"],"picked":"Deadly Poison","floor":4},{"not_picked":["Masterful Stab","Dagger Throw"],"picked":"Die Die Die","floor":6},{"not_picked":["PiercingWail","Dagger Throw"],"picked":"Footwork","floor":11},{"not_picked":["Blade Dance","Deflect","Slice"],"picked":"Singing Bowl","floor":12},{"not_picked":["Outmaneuver","Prepared"],"picked":"Deadly Poison","floor":13},{"not_picked":["Prepared","Reflex","Expertise"],"picked":"Singing Bowl","floor":14},{"not_picked":["Grand Finale","Tools of the Trade"],"picked":"Corpse Explosion","floor":16},{"not_picked":["Distraction+1","Accuracy+1"],"picked":"Deflect","floor":18}],"player_experience":530384,"relics_obtained":[{"floor":6,"key":"Singing Bowl"},{"floor":9,"key":"Potion Belt"},{"floor":12,"key":"Bag of Preparation"},{"floor":14,"key":"Strawberry"},{"floor":17,"key":"Vajra"},{"floor":17,"key":"Matryoshka"},{"floor":17,"key":"Peace Pipe"}],"event_choices":[{"damage_healed":0,"gold_gain":0,"player_choice":"Take Damage","damage_taken":17,"relics_obtained":["Golden Idol"],"max_hp_gain":0,"max_hp_loss":0,"event_name":"Golden Idol","floor":2,"gold_loss":0},{"damage_healed":0,"gold_gain":0,"player_choice":"Forge","damage_taken":0,"max_hp_gain":0,"max_hp_loss":0,"event_name":"Accursed Blacksmith","floor":7,"gold_loss":0,"cards_upgraded":["Backflip"]},{"damage_healed":0,"gold_gain":0,"player_choice":"Obtained Book","damage_taken":16,"max_hp_gain":0,"max_hp_loss":0,"event_name":"Cursed Tome","floor":19,"gold_loss":0},{"damage_healed":0,"gold_gain":0,"player_choice":"Fought Bandits","damage_taken":0,"max_hp_gain":0,"max_hp_loss":0,"event_name":"Masked Bandits","floor":20,"gold_loss":0}],"is_beta":false,"boss_relics":[{"not_picked":["White Beast Statue","Orrery"],"picked":"Calling Bell"}],"items_purged_floors":[],"is_endless":false,"potions_floor_spawned":[1,4,12,18],"killed_by":"Masked Bandits","ascension_level":7}