{"gold_per_floor":[119,133,151,151,169,195,195,215,262,273,291,310,272,272,272,272],"floor_reached":16,"playtime":1838,"items_purged":[],"score":106,"play_id":"232ec39d-dc8c-4aae-b956-64b1ce249f60","local_time":"20190804115930","is_ascension_mode":false,"campfire_choices":[{"data":"Double Tap","floor":7,"key":"SMITH"},{"floor":15,"key":"REST"}],"neow_cost":"NONE","seed_source_timestamp":236838796625100,"circlet_count":0,"master_deck":["Strike_R","Strike_R","Strike_R","Strike_R","Strike_R","Defend_R","Defend_R","Defend_R","Defend_R","Bash","Anger","Shrug It Off+1","Shrug It Off+1","Regret","Heavy Blade","Double Tap+1","Anger","Battle Trance","Fire Breathing","Seeing Red","Parasite"],"relics":["Burning Blood","Bag of Preparation","War Paint","Bottled Lightning","Juzu Bracelet"],"potions_floor_usage":[16,16],"damage_taken":[{"damage":1,"enemies":"Cultist","floor":1,"turns":3},{"damage":6,"enemies":"2 Louse","floor":2,"turns":3},{"damage":1,"enemies":"Jaw Worm","floor":3,"turns":3},{"damage":26,"enemies":"Large Slime","floor":5,"turns":8},{"damage":40,"enemies":"Lagavulin","floor":6,"turns":8},{"damage":5,"enemies":"Looter","floor":8,"turns":3},{"damage":12,"enemies":"3 Louse","floor":10,"turns":4},{"damage":3,"enemies":"2 Fungi Beasts","floor":11,"turns":3},{"damage":20,"enemies":"Exordium Thugs","floor":12,"turns":4},{"damage":56,"enemies":"The Guardian","floor":16,"turns":8}],"seed_played":"-5320073854430048942","potions_obtained":[{"floor":2,"key":"Dexterity Potion"},{"floor":5,"key":"SkillPotion"},{"floor":10,"key":"Fire Potion"}],"is_trial":false,"path_per_floor":["M","M","M","?","M","E","R","M","T","M","M","M","?","?","R","B"],"character_chosen":"IRONCLAD","items_purchased":[],"campfire_rested":1,"item_purchase_floors":[],"current_hp_per_floor":[80,80,80,80,60,26,26,27,27,21,24,10,10,30,54,0],"gold":272,"neow_bonus":"RANDOM_COMMON_RELIC","is_prod":false,"is_daily":false,"chose_seed":false,"campfire_upgraded":1,"win_rate":0.0,"timestamp":1564916370,"path_taken":["M","M","?","?","M","E","R","M","T","M","M","M","?","?","R","BOSS"],"build_version":"2019-07-17","purchased_purges":0,"victory":false,"max_hp_per_floor":[80,80,80,80,80,80,80,80,80,80,80,80,80,80,80,80],"card_choices":[{"not_picked":["Flex","Heavy Blade"],"picked":"Anger","floor":1},{"not_picked":["Armaments","Burning Pact"],"picked":"Shrug It Off","floor":2},{"not_picked":["True Grit","Armaments"],"picked":"Shrug It Off","floor":3},{"not_picked":["Corruption","Headbutt"],"picked":"Heavy Blade","floor":5},{"not_picked":["Power Through","Pommel Strike"],"picked":"Double Tap","floor":6},{"not_picked":["Heavy Blade","Iron Wave"],"picked":"Anger","floor":8},{"not_picked":["Body Slam","Heavy Blade"],"picked":"Battle Trance","floor":10},{"not_picked":["Disarm","Pommel Strike"],"picked":"Fire Breathing","floor":11},{"not_picked":["Hemokinesis","Burning Pact"],"picked":"Seeing Red","floor":12}],"player_experience":21346,"relics_obtained":[{"floor":6,"key":"Bottled Lightning"},{"floor":9,"key":"Juzu Bracelet"}],"event_choices":[{"damage_healed":0,"gold_gain":0,"player_choice":"Box","damage_taken":0,"relics_obtained":["War Paint"],"max_hp_gain":0,"max_hp_loss":0,"event_name":"Big Fish","floor":4,"gold_loss":0,"cards_obtained":["Regret"]},{"damage_healed":0,"gold_gain":0,"player_choice":"Left Gold","damage_taken":0,"max_hp_gain":0,"max_hp_loss":0,"event_name":"World of Goop","floor":13,"gold_loss":38},{"damage_healed":20,"gold_gain":0,"player_choice":"Healed and dodged fight","damage_taken":0,"max_hp_gain":0,"max_hp_loss":0,"event_name":"Mushrooms","floor":14,"gold_loss":0,"cards_obtained":["Parasite"]}],"is_beta":false,"boss_relics":[],"items_purged_floors":[],"is_endless":false,"potions_floor_spawned":[2,5,10],"killed_by":"The Guardian","ascension_level":0}