{"gold_per_floor":[113,113,188,205,54,87,87,87,87,87,101,114,114,131,131,226,226,240,140,160,160,160,194,194,194,217,243,257,257,267,298,298,298],"floor_reached":33,"playtime":926,"items_purged":["Strike_R","Strike_R"],"score":555,"play_id":"86a8666d-08de-45ba-b450-0b7138c4eaf7","local_time":"20190801134819","is_ascension_mode":true,"campfire_choices":[{"data":"Whirlwind","floor":7.0,"key":"SMITH"},{"data":"Heavy Blade","floor":13.0,"key":"SMITH"},{"floor":15.0,"key":"REST"},{"floor":25.0,"key":"REST"},{"data":"Searing Blow","floor":29.0,"key":"SMITH"},{"data":"Searing Blow+1","floor":32.0,"key":"SMITH"}],"neow_cost":"NONE","seed_source_timestamp":53026570106735,"circlet_count":0,"master_deck":["AscendersBane","Strike_R","Strike_R+1","Strike_R+1","Defend_R","Defend_R","Defend_R","Defend_R","Bash+1","Spot Weakness","Whirlwind+1","Heavy Blade+1","Searing Blow+2","Feed","Flex","Pummel","Armaments","Intimidate+1"],"special_seed":0,"relics":["Velvet Choker","Strawberry","Philosopher\u0027s Stone","MutagenicStrength","Meat on the Bone","Nloth\u0027s Gift","Art of War","Oddly Smooth Stone","Mummified Hand"],"potions_floor_usage":[],"damage_taken":[{"damage":7.0,"enemies":"Jaw Worm","floor":1.0,"turns":3.0},{"damage":3.0,"enemies":"2 Louse","floor":4.0,"turns":2.0},{"damage":0.0,"enemies":"Gremlin Nob","floor":6.0,"turns":2.0},{"damage":0.0,"enemies":"Small Slimes","floor":11.0,"turns":1.0},{"damage":0.0,"enemies":"2 Fungi Beasts","floor":12.0,"turns":1.0},{"damage":13.0,"enemies":"Red Slaver","floor":14.0,"turns":4.0},{"damage":33.0,"enemies":"Hexaghost","floor":16.0,"turns":7.0},{"damage":7.0,"enemies":"3 Byrds","floor":18.0,"turns":3.0},{"damage":2.0,"enemies":"Spheric Guardian","floor":20.0,"turns":3.0},{"damage":33.0,"enemies":"Gremlin Leader","floor":23.0,"turns":4.0},{"damage":36.0,"enemies":"Book of Stabbing","floor":27.0,"turns":3.0},{"damage":0.0,"enemies":"Centurion and Healer","floor":28.0,"turns":2.0},{"damage":13.0,"enemies":"Shelled Parasite and Fungi","floor":30.0,"turns":2.0},{"damage":0.0,"enemies":"Gremlin Leader","floor":31.0,"turns":4.0},{"damage":56,"enemies":"Automaton","floor":33,"turns":4}],"seed_played":"-97013306157965574","potions_obtained":[{"floor":4.0,"key":"SteroidPotion"},{"floor":6.0,"key":"Weak Potion"},{"floor":14.0,"key":"SpeedPotion"},{"floor":18.0,"key":"GamblersBrew"},{"floor":27.0,"key":"GamblersBrew"},{"floor":30.0,"key":"Regen Potion"}],"is_trial":false,"path_per_floor":["M","?","?","M","$","E","R","?","T","?","M","M","R","M","R","B",null,"M","$","M","?","?","E","?","R","T","E","M","R","M","E","R","B"],"character_chosen":"IRONCLAD","items_purchased":["Whirlwind"],"campfire_rested":2,"item_purchase_floors":[5],"current_hp_per_floor":[65,49,38,35,35,42,42,47,47,47,47,47,47,34,61,28,76,72,72,70,51,51,18,18,48,48,27,42,42,41,56,56,0],"gold":298,"neow_bonus":"BOSS_RELIC","is_prod":false,"is_daily":false,"chose_seed":false,"campfire_upgraded":4,"win_rate":0,"timestamp":1564692499,"path_taken":["M","?","?","M","$","E","R","?","T","?","M","?","R","M","R","BOSS","M","$","M","?","?","E","?","R","T","E","M","R","?","E","R","BOSS"],"build_version":"2019-07-17","purchased_purges":2,"victory":false,"max_hp_per_floor":[80,80,80,80,80,87,87,92,92,92,92,92,92,92,92,92,92,95,95,95,100,100,100,100,100,100,103,106,106,106,109,109,109],"card_choices":[{"not_picked":["Thunderclap","Infernal Blade","Warcry"],"picked":"SKIP","floor":1.0},{"not_picked":["Second Wind","Iron Wave"],"picked":"Spot Weakness","floor":4.0},{"not_picked":["Disarm","True Grit","Rampage"],"picked":"SKIP","floor":6.0},{"not_picked":["Shockwave","Twin Strike","Dual Wield"],"picked":"SKIP","floor":11.0},{"not_picked":["Hemokinesis","Pommel Strike"],"picked":"Heavy Blade","floor":12.0},{"not_picked":["Sentinel","Iron Wave"],"picked":"Searing Blow","floor":14.0},{"not_picked":["Demon Form","Brutality"],"picked":"Feed","floor":16.0},{"not_picked":["Uppercut","Sword Boomerang+1"],"picked":"Flex","floor":18.0},{"not_picked":["Thunderclap","Perfected Strike","Iron Wave"],"picked":"SKIP","floor":20.0},{"not_picked":["Cleave","Headbutt+1","Corruption"],"picked":"SKIP","floor":23.0},{"not_picked":["Havoc","Rupture","Fire Breathing+1"],"picked":"SKIP","floor":27.0},{"not_picked":["Dual Wield+1","Whirlwind"],"picked":"Pummel","floor":28.0},{"not_picked":["Perfected Strike","Headbutt"],"picked":"Armaments","floor":30.0},{"not_picked":["Fiend Fire","Dark Embrace"],"picked":"Intimidate+1","floor":31.0}],"player_experience":712824,"relics_obtained":[{"floor":6.0,"key":"Strawberry"},{"floor":9.0,"key":"Dodecahedron"},{"floor":23.0,"key":"Meat on the Bone"},{"floor":26.0,"key":"Art of War"},{"floor":27.0,"key":"Oddly Smooth Stone"},{"floor":31.0,"key":"Mummified Hand"}],"event_choices":[{"damage_healed":0.0,"max_hp_gain":0.0,"max_hp_loss":0.0,"gold_gain":0.0,"event_name":"Shining Light","player_choice":"Entered Light","floor":2.0,"gold_loss":0.0,"damage_taken":16.0,"cards_upgraded":["Strike_R","Strike_R"]},{"damage_healed":0.0,"max_hp_gain":0.0,"max_hp_loss":0.0,"gold_gain":75.0,"event_name":"World of Goop","player_choice":"Gather Gold","floor":3.0,"gold_loss":0.0,"damage_taken":11.0},{"damage_healed":0.0,"max_hp_gain":5.0,"max_hp_loss":0.0,"gold_gain":0.0,"event_name":"Big Fish","player_choice":"Donut","floor":8.0,"gold_loss":0.0,"damage_taken":0.0},{"damage_healed":0.0,"max_hp_gain":0.0,"max_hp_loss":0.0,"gold_gain":0.0,"event_name":"Accursed Blacksmith","player_choice":"Forge","floor":10.0,"gold_loss":0.0,"damage_taken":0.0,"cards_upgraded":["Bash"]},{"damage_healed":0.0,"max_hp_gain":5.0,"max_hp_loss":0.0,"gold_gain":0.0,"event_name":"Forgotten Altar","player_choice":"Shed Blood","floor":21.0,"gold_loss":0.0,"damage_taken":24.0},{"damage_healed":0.0,"max_hp_gain":0.0,"max_hp_loss":0.0,"gold_gain":0.0,"event_name":"Drug Dealer","player_choice":"Inject Mutagens","floor":22.0,"gold_loss":0.0,"damage_taken":0.0,"relics_obtained":["MutagenicStrength"]},{"damage_healed":0.0,"max_hp_gain":0.0,"max_hp_loss":0.0,"gold_gain":0.0,"event_name":"N\u0027loth","player_choice":"Traded Relic","floor":24.0,"relics_lost":["Dodecahedron"],"gold_loss":0.0,"damage_taken":0.0,"relics_obtained":["Nloth\u0027s Gift"]}],"is_beta":false,"boss_relics":[{"not_picked":["Runic Dome","Coffee Dripper"],"picked":"Philosopher\u0027s Stone"}],"items_purged_floors":[5,19],"is_endless":false,"potions_floor_spawned":[4,6,14,18,27,30],"killed_by":"Automaton","ascension_level":10}