{"gold_per_floor":[11,11,26,46,46,46,81,99,99,99],"floor_reached":10,"playtime":349,"items_purged":[],"score":119,"play_id":"68629d06-5743-4d83-ae88-2ca318b60627","local_time":"20190502014351","is_ascension_mode":true,"campfire_choices":[{"data":"Riddle With Holes","floor":6,"key":"SMITH"}],"neow_cost":"NO_GOLD","seed_source_timestamp":46344031391977,"circlet_count":0,"master_deck":["AscendersBane","Defend_G","Defend_G","Defend_G","Defend_G","Defend_G","Strike_G","Strike_G","Strike_G","Strike_G","Strike_G","Survivor","Neutralize","Riddle With Holes+1","Blur","Leg Sweep","Cloak And Dagger"],"relics":["Ring of the Snake","Turnip","Oddly Smooth Stone","Mango","Matryoshka"],"potions_floor_usage":[7,10],"damage_taken":[{"damage":4,"enemies":"Jaw Worm","floor":1,"turns":6},{"damage":4,"enemies":"Cultist","floor":3,"turns":4},{"damage":1,"enemies":"Small Slimes","floor":4,"turns":4},{"damage":14,"enemies":"3 Sentries","floor":7,"turns":10},{"damage":0,"enemies":"2 Fungi Beasts","floor":8,"turns":4},{"damage":48,"enemies":"Lagavulin","floor":10,"turns":11}],"seed_played":"9146646569366793829","potions_obtained":[{"floor":1,"key":"GamblersBrew"},{"floor":3,"key":"Fire Potion"},{"floor":7,"key":"Block Potion"}],"is_trial":false,"path_per_floor":["M","?","M","M","$","R","E","M","T","E"],"character_chosen":"THE_SILENT","items_purchased":[],"campfire_rested":0,"item_purchase_floors":[],"current_hp_per_floor":[55,55,51,50,50,50,50,50,50,2],"gold":99,"neow_bonus":"ONE_RARE_RELIC","is_prod":false,"is_daily":false,"chose_seed":false,"campfire_upgraded":1,"win_rate":0,"timestamp":1556750631,"path_taken":["M","?","?","M","$","R","E","M","T","E"],"build_version":"2019-01-23","purchased_purges":0,"victory":false,"max_hp_per_floor":[66,66,66,66,66,66,80,80,80,80],"card_choices":[{"not_picked":["Terror","Finisher"],"picked":"Riddle With Holes","floor":1},{"not_picked":["Predator","Quick Slash"],"picked":"Blur","floor":3},{"not_picked":["Bane","Sucker Punch"],"picked":"Leg Sweep","floor":4},{"not_picked":["Unload","Deflect"],"picked":"Cloak And Dagger","floor":7},{"not_picked":["Quick Slash","Choke","Underhanded Strike"],"picked":"SKIP","floor":8}],"player_experience":873417,"relics_obtained":[{"floor":7,"key":"Mango"},{"floor":9,"key":"Matryoshka"}],"event_choices":[{"damage_healed":0,"gold_gain":0,"player_choice":"Gave Potion","damage_taken":0,"relics_obtained":["Oddly Smooth Stone"],"max_hp_gain":0,"max_hp_loss":0,"event_name":"WeMeetAgain","floor":2,"gold_loss":0}],"is_beta":false,"boss_relics":[],"items_purged_floors":[],"is_endless":false,"potions_floor_spawned":[1,3,7],"killed_by":"Lagavulin","ascension_level":15}