{"gold_per_floor":[110,110,134,153,78,78,113,128,128,146,146,71,85,5,5,5],"floor_reached":16,"playtime":367,"items_purged":["Injury"],"score":194,"play_id":"efcc1faf-3b33-4a99-b421-d8b23639e5a1","local_time":"20181027162042","is_ascension_mode":true,"campfire_choices":[{"data":"Ball Lightning","floor":6,"key":"SMITH"},{"floor":11,"key":"REST"},{"floor":15,"key":"REST"}],"neow_cost":"NONE","seed_source_timestamp":11529330893412,"circlet_count":0,"master_deck":["Strike_B","Strike_B","Strike_B","Defend_B","Defend_B","Defend_B","Defend_B","Zap","Dualcast","AscendersBane","Sweeping Beam","Ball Lightning+1","Biased Cognition","Leap","Self Repair"],"relics":["Cursed Key","Golden Idol","Bag of Marbles","Mummified Hand"],"potions_floor_usage":[13],"damage_taken":[{"damage":3,"enemies":"2 Louse","floor":1,"turns":4},{"damage":7,"enemies":"Jaw Worm","floor":3,"turns":4},{"damage":7,"enemies":"Cultist","floor":4,"turns":4},{"damage":15,"enemies":"Lagavulin","floor":7,"turns":7},{"damage":8,"enemies":"Blue Slaver","floor":8,"turns":3},{"damage":11,"enemies":"Large Slime","floor":10,"turns":6},{"damage":28,"enemies":"Exordium Thugs","floor":13,"turns":6},{"damage":28,"enemies":"Slime Boss","floor":16,"turns":3}],"seed_played":"-3326528107839582081","potions_obtained":[{"floor":4,"key":"Ancient Potion"},{"floor":10,"key":"Swift Potion"}],"is_trial":false,"path_per_floor":["M","?","M","M","?","R","E","M","T","M","R","$","M","$","R"],"character_chosen":"DEFECT","items_purchased":["Self Repair"],"campfire_rested":2,"item_purchase_floors":[14],"current_hp_per_floor":[61,61,54,47,47,47,32,24,24,13,32,32,4,4,23,0],"gold":5,"neow_bonus":"BOSS_RELIC","is_prod":false,"is_daily":false,"chose_seed":false,"campfire_upgraded":1,"win_rate":0,"timestamp":1540646442,"path_taken":["M","?","?","M","?","R","E","M","T","M","R","$","M","?","R","BOSS"],"build_version":"2018-10-25v2","purchased_purges":1,"victory":false,"max_hp_per_floor":[71,64,64,64,64,64,64,64,64,64,64,64,64,64,64,64],"card_choices":[{"not_picked":["Go for the Eyes","Leap"],"picked":"Sweeping Beam","floor":1},{"not_picked":["Machine Learning","Go for the Eyes"],"picked":"Ball Lightning","floor":3},{"not_picked":["Chill","Redo","Sweeping Beam"],"picked":"SKIP","floor":4},{"not_picked":["Go for the Eyes","Streamline"],"picked":"Biased Cognition","floor":7},{"not_picked":["Doom and Gloom","Stack","Storm"],"picked":"SKIP","floor":8},{"not_picked":["Go for the Eyes","Rip and Tear"],"picked":"Leap","floor":10},{"not_picked":["Hello World","Sweeping Beam","Ball Lightning"],"picked":"SKIP","floor":13}],"player_experience":490234,"relics_obtained":[{"floor":7,"key":"Bag of Marbles"},{"floor":9,"key":"Mummified Hand"}],"event_choices":[{"damage_healed":0,"gold_gain":0,"player_choice":"Lose Max HP","damage_taken":0,"relics_obtained":["Golden Idol"],"max_hp_gain":0,"max_hp_loss":7,"event_name":"Golden Idol","floor":2,"gold_loss":0},{"cards_removed":["Strike_B"],"damage_healed":0,"gold_gain":0,"player_choice":"Card Removal","damage_taken":0,"max_hp_gain":0,"max_hp_loss":0,"event_name":"The Cleric","floor":5,"gold_loss":75}],"is_beta":false,"boss_relics":[],"items_purged_floors":[12],"is_endless":false,"potions_floor_spawned":[4,10],"killed_by":"Slime Boss","ascension_level":18}