{"gold_per_floor":[117,117,194,211,55,82,82,115,142,204,221,238,238,163,163,265,265,276,176,91,106,117,152,152,185,208,220,265,277,289,315,327,440,452,480,367,386,399,249,249,281,281,281,292,309,309,335,335,335,335,335,335,67,102,102],"floor_reached":55,"playtime":1740,"items_purged":["Strike_R","Strike_R","Strike_R+1","Defend_R","Strike_R+1"],"score":816,"play_id":"caf60e9f-08f5-48a6-b8a8-00646ad36705","local_time":"20190711235004","is_ascension_mode":false,"campfire_choices":[{"floor":7.0,"key":"RECALL"},{"floor":15.0,"key":"REST"},{"data":"Demon Form","floor":24.0,"key":"SMITH"},{"data":"Bash","floor":30.0,"key":"SMITH"},{"floor":32.0,"key":"REST"},{"data":"Defend_R","floor":40.0,"key":"SMITH"},{"data":"Defend_R","floor":42.0,"key":"SMITH"},{"floor":46.0,"key":"REST"},{"floor":49.0,"key":"REST"},{"floor":52.0,"key":"REST"}],"neow_cost":"NONE","seed_source_timestamp":16433089687457,"circlet_count":0,"master_deck":["Defend_R+1","Defend_R+1","Bash+1","Flame Barrier+1","Seeing Red+1","Whirlwind+1","Demon Form+1","Panacea+1"],"special_seed":0,"relics":["Philosopher\u0027s Stone","Happy Flower","Toxic Egg 2","Bag of Marbles","PreservedInsect","Strawberry","Red Skull","Black Star","Oddly Smooth Stone","Potion Belt","Bag of Preparation","Bronze Scales","Ice Cream","MawBank","Gremlin Horn","Nunchaku","Empty Cage","Orichalcum","Centennial Puzzle","Kunai","War Paint","Blood Vial","Pear","Bottled Flame"],"potions_floor_usage":[55,55,55,55,55],"damage_taken":[{"damage":5.0,"enemies":"Jaw Worm","floor":1.0,"turns":3.0},{"damage":0.0,"enemies":"Cultist","floor":4.0,"turns":3.0},{"damage":13.0,"enemies":"Gremlin Nob","floor":6.0,"turns":4.0},{"damage":14.0,"enemies":"3 Sentries","floor":8.0,"turns":7.0},{"damage":19.0,"enemies":"Lagavulin Event","floor":10.0,"turns":4.0},{"damage":0.0,"enemies":"2 Louse","floor":11.0,"turns":2.0},{"damage":0.0,"enemies":"2 Fungi Beasts","floor":12.0,"turns":2.0},{"damage":7.0,"enemies":"Hexaghost","floor":16.0,"turns":7.0},{"damage":12.0,"enemies":"Chosen","floor":18.0,"turns":4.0},{"damage":13.0,"enemies":"Spheric Guardian","floor":21.0,"turns":5.0},{"damage":3.0,"enemies":"Centurion and Healer","floor":22.0,"turns":5.0},{"damage":21.0,"enemies":"Gremlin Leader","floor":23.0,"turns":5.0},{"damage":8.0,"enemies":"Slavers","floor":25.0,"turns":2.0},{"damage":18.0,"enemies":"Book of Stabbing","floor":28.0,"turns":5.0},{"damage":6.0,"enemies":"Chosen and Byrds","floor":31.0,"turns":3.0},{"damage":11.0,"enemies":"Champ","floor":33.0,"turns":6.0},{"damage":0.0,"enemies":"Orb Walker","floor":35.0,"turns":3.0},{"damage":0.0,"enemies":"3 Darklings","floor":37.0,"turns":2.0},{"damage":14.0,"enemies":"Maw","floor":38.0,"turns":6.0},{"damage":0.0,"enemies":"Nemesis","floor":41.0,"turns":3.0},{"damage":6.0,"enemies":"Jaw Worm Horde","floor":44.0,"turns":2.0},{"damage":0.0,"enemies":"3 Darklings","floor":45.0,"turns":1.0},{"damage":0.0,"enemies":"Reptomancer","floor":47.0,"turns":2.0},{"damage":71.0,"enemies":"Time Eater","floor":50.0,"turns":8.0},{"damage":60.0,"enemies":"Shield and Spear","floor":54.0,"turns":6.0},{"damage":58,"enemies":"The Heart","floor":55,"turns":3}],"seed_played":"-3259765089979086202","potions_obtained":[{"floor":6.0,"key":"Fire Potion"},{"floor":10.0,"key":"SkillPotion"},{"floor":11.0,"key":"Swift Potion"},{"floor":21.0,"key":"Block Potion"},{"floor":22.0,"key":"SkillPotion"},{"floor":33.0,"key":"Explosive Potion"},{"floor":35.0,"key":"SteroidPotion"},{"floor":44.0,"key":"Swift Potion"},{"floor":45.0,"key":"PowerPotion"},{"floor":54.0,"key":"Explosive Potion"}],"is_trial":false,"path_per_floor":["M","?","T","M","$","E","R","E","T","?","M","M","?","$","R","B",null,"M","$","?","M","M","E","R","E","T","?","E","?","R","M","R","B",null,"M","$","M","M","$","R","E","R","T","M","M","R","E","?","R","B",null,"R","$","E","B"],"character_chosen":"IRONCLAD","items_purchased":["Bag of Marbles","Panacea+1"],"campfire_rested":5,"item_purchase_floors":[5,53],"current_hp_per_floor":[75,68,68,68,68,55,55,48,48,29,29,29,12,12,38,31,87,75,75,75,62,59,38,38,30,30,59,41,41,41,35,61,50,87,87,87,87,73,73,73,73,73,73,67,67,87,87,87,87,16,87,87,87,37,0],"gold":102,"neow_bonus":"BOSS_RELIC","is_prod":false,"is_daily":false,"chose_seed":false,"campfire_upgraded":4,"win_rate":0,"timestamp":1562914204,"path_taken":["M","?","?","?","$","E","R","E","T","?","M","M","?","$","R","BOSS","M","$","?","M","M","E","R","E","T","?","E","?","R","M","R","BOSS","M","$","M","M","$","R","E","R","T","M","?","R","E","?","R","BOSS","R","$","E","BOSS"],"build_version":"2019-07-05","purchased_purges":5,"victory":false,"max_hp_per_floor":[80,80,80,80,80,80,80,87,87,87,87,87,87,87,87,87,87,87,87,87,87,87,87,87,87,87,87,87,87,87,87,87,87,87,87,87,87,87,87,87,87,87,87,87,87,87,87,87,87,87,87,87,87,97,97],"card_choices":[{"not_picked":["Armaments","Flex","Blood for Blood"],"picked":"SKIP","floor":1.0},{"not_picked":["True Grit+1","Headbutt"],"picked":"Flame Barrier+1","floor":4.0},{"not_picked":["Pummel","Headbutt","Sword Boomerang"],"picked":"SKIP","floor":6.0},{"not_picked":["Ghostly Armor+1","Battle Trance+1"],"picked":"Seeing Red+1","floor":8.0},{"not_picked":["Corruption","Carnage","Havoc+1"],"picked":"SKIP","floor":11.0},{"not_picked":["Pommel Strike","Heavy Blade"],"picked":"Whirlwind","floor":12.0},{"not_picked":["Berserk","Dark Embrace"],"picked":"Demon Form","floor":16.0},{"not_picked":["Infernal Blade+1","Clash","Metallicize"],"picked":"SKIP","floor":18.0},{"not_picked":["Sever Soul","Flex+1","Ghostly Armor+1"],"picked":"SKIP","floor":21.0},{"not_picked":["Armaments+1","Warcry+1","Battle Trance+1"],"picked":"SKIP","floor":22.0},{"not_picked":["Body Slam","Shockwave+1","Perfected Strike+1"],"picked":"SKIP","floor":23.0},{"not_picked":["Seeing Red+1","Rupture","Pommel Strike"],"picked":"SKIP","floor":25.0},{"not_picked":["Twin Strike","True Grit+1","Hemokinesis"],"picked":"SKIP","floor":28.0},{"not_picked":["Warcry+1","Iron Wave","Entrench+1"],"picked":"SKIP","floor":31.0},{"not_picked":["Sword Boomerang","Headbutt","Perfected Strike+1"],"picked":"SKIP","floor":35.0},{"not_picked":["Burning Pact+1","Flex+1","Clash"],"picked":"SKIP","floor":37.0},{"not_picked":["Armaments+1","Heavy Blade+1","Entrench+1"],"picked":"SKIP","floor":38.0},{"not_picked":["Clash","Havoc+1","Juggernaut"],"picked":"SKIP","floor":41.0},{"not_picked":["Flex+1","Infernal Blade+1","Pommel Strike"],"picked":"SKIP","floor":44.0},{"not_picked":["Clothesline","Flex+1","Infernal Blade+1"],"picked":"SKIP","floor":45.0},{"not_picked":["Bloodletting+1","Perfected Strike+1","Infernal Blade+1"],"picked":"SKIP","floor":47.0},{"not_picked":["Armaments+1","Cleave","Perfected Strike"],"picked":"SKIP","floor":54.0}],"player_experience":560164,"relics_obtained":[{"floor":3.0,"key":"Toxic Egg 2"},{"floor":6.0,"key":"PreservedInsect"},{"floor":8.0,"key":"Strawberry"},{"floor":10.0,"key":"Red Skull"},{"floor":23.0,"key":"Potion Belt"},{"floor":23.0,"key":"Bag of Preparation"},{"floor":25.0,"key":"Bronze Scales"},{"floor":25.0,"key":"Ice Cream"},{"floor":26.0,"key":"MawBank"},{"floor":28.0,"key":"Gremlin Horn"},{"floor":28.0,"key":"Nunchaku"},{"floor":41.0,"key":"Orichalcum"},{"floor":41.0,"key":"Centennial Puzzle"},{"floor":43.0,"key":"Kunai"},{"floor":47.0,"key":"War Paint"},{"floor":47.0,"key":"Blood Vial"},{"floor":54.0,"key":"Pear"},{"floor":54.0,"key":"Bottled Flame"}],"event_choices":[{"damage_healed":0.0,"max_hp_gain":0.0,"max_hp_loss":0.0,"gold_gain":0.0,"event_name":"Scrap Ooze","player_choice":"Success","floor":2.0,"gold_loss":0.0,"damage_taken":7.0,"relics_obtained":["Happy Flower"]},{"damage_healed":0.0,"max_hp_gain":0.0,"max_hp_loss":0.0,"gold_gain":30.0,"event_name":"Dead Adventurer","player_choice":"Searched \u00272\u0027 times","floor":10.0,"gold_loss":0.0,"damage_taken":0.0},{"damage_healed":0.0,"max_hp_gain":0.0,"max_hp_loss":0.0,"gold_gain":0.0,"event_name":"Shining Light","player_choice":"Entered Light","floor":13.0,"gold_loss":0.0,"damage_taken":17.0,"cards_upgraded":["Strike_R","Strike_R"]},{"damage_healed":0.0,"max_hp_gain":0.0,"max_hp_loss":0.0,"gold_gain":0.0,"event_name":"Addict","player_choice":"Obtained Relic","floor":20.0,"gold_loss":85.0,"damage_taken":0.0,"relics_obtained":["Oddly Smooth Stone"]},{"damage_healed":29.0,"max_hp_gain":0.0,"max_hp_loss":0.0,"gold_gain":0.0,"event_name":"The Library","player_choice":"Heal","floor":27.0,"gold_loss":0.0,"damage_taken":0.0},{"damage_healed":0.0,"max_hp_gain":0.0,"max_hp_loss":0.0,"gold_gain":0.0,"event_name":"Accursed Blacksmith","player_choice":"Forge","floor":29.0,"gold_loss":0.0,"damage_taken":0.0,"cards_upgraded":["Whirlwind"]},{"damage_healed":0.0,"max_hp_gain":0.0,"max_hp_loss":0.0,"gold_gain":0.0,"event_name":"SensoryStone","player_choice":"Memory 1","floor":48.0,"gold_loss":0.0,"damage_taken":0.0}],"is_beta":false,"boss_relics":[{"not_picked":["Busted Crown","Orrery"],"picked":"Black Star"},{"not_picked":["Runic Dome","Astrolabe"],"picked":"Empty Cage"}],"items_purged_floors":[14,19,36,39,53],"is_endless":false,"potions_floor_spawned":[6,10,11,21,22,33,35,44,45,54],"killed_by":"The Heart","ascension_level":0}