{"gold_per_floor":[18,18,18,36,52,85,85,104,131,131,131,146,162,172,172,172],"floor_reached":16,"playtime":1835,"items_purged":[],"score":104,"play_id":"0ba914d8-25dd-4bf5-b350-b4e98108d17d","local_time":"20190805172230","is_ascension_mode":false,"campfire_choices":[{"floor":7,"key":"REST"},{"data":"Dodge and Roll","floor":10,"key":"SMITH"},{"data":"Backstab","floor":15,"key":"SMITH"}],"neow_cost":"NO_GOLD","seed_source_timestamp":454995640438458,"circlet_count":0,"master_deck":["Strike_G","Strike_G","Strike_G","Defend_G","Defend_G","Defend_G","Defend_G","Survivor","Neutralize","Expertise","Poisoned Stab","Dash","Prepared","Backflip","Well Laid Plans","Backstab+1","Dodge and Roll+1","Dash","Dodge and Roll","PiercingWail"],"relics":["Ring of the Snake","Vajra","Ancient Tea Set"],"potions_floor_usage":[16,16],"damage_taken":[{"damage":0,"enemies":"2 Louse","floor":1,"turns":3},{"damage":1,"enemies":"Small Slimes","floor":4,"turns":3},{"damage":0,"enemies":"Cultist","floor":5,"turns":3},{"damage":15,"enemies":"Lagavulin","floor":6,"turns":9},{"damage":0,"enemies":"2 Fungi Beasts","floor":8,"turns":3},{"damage":0,"enemies":"Blue Slaver","floor":12,"turns":2},{"damage":6,"enemies":"Exordium Wildlife","floor":13,"turns":4},{"damage":0,"enemies":"2 Fungi Beasts","floor":14,"turns":4},{"damage":72,"enemies":"Hexaghost","floor":16,"turns":17}],"seed_played":"5746734396912824266","potions_obtained":[{"floor":4,"key":"SteroidPotion"},{"floor":5,"key":"SteroidPotion"},{"floor":8,"key":"Energy Potion"},{"floor":12,"key":"AttackPotion"},{"floor":13,"key":"Explosive Potion"}],"is_trial":false,"path_per_floor":["M","?","?","M","M","E","R","M","T","R","?","M","M","M","R","B"],"character_chosen":"THE_SILENT","items_purchased":[],"campfire_rested":1,"item_purchase_floors":[],"current_hp_per_floor":[70,70,70,69,69,54,70,70,70,70,75,75,69,69,69,0],"gold":172,"neow_bonus":"TRANSFORM_TWO_CARDS","is_prod":false,"is_daily":false,"chose_seed":false,"campfire_upgraded":2,"win_rate":0.0,"timestamp":1565040150,"path_taken":["M","?","?","M","M","E","R","?","T","R","?","M","M","M","R","BOSS"],"build_version":"2019-07-17","purchased_purges":0,"victory":false,"max_hp_per_floor":[70,70,70,70,70,70,70,70,70,70,75,75,75,75,75,75],"card_choices":[{"not_picked":["Poisoned Stab","Terror"],"picked":"Dash","floor":1},{"not_picked":["Leg Sweep","Riddle With Holes"],"picked":"Backflip","floor":4},{"not_picked":["Quick Slash","Finisher"],"picked":"Well Laid Plans","floor":5},{"not_picked":["Bullet Time","Backflip"],"picked":"Backstab","floor":6},{"not_picked":["Blade Dance","Calculated Gamble"],"picked":"Dodge and Roll","floor":8},{"not_picked":["PiercingWail","Deflect"],"picked":"Dash","floor":12},{"not_picked":["A Thousand Cuts","Deflect"],"picked":"Dodge and Roll","floor":13},{"not_picked":["Finisher","Flying Knee"],"picked":"PiercingWail","floor":14}],"player_experience":13249,"relics_obtained":[{"floor":6,"key":"Vajra"},{"floor":9,"key":"Ancient Tea Set"}],"event_choices":[{"damage_healed":0,"gold_gain":0,"cards_transformed":["Strike_G"],"player_choice":"Change","damage_taken":0,"max_hp_gain":0,"max_hp_loss":0,"event_name":"Living Wall","floor":2,"gold_loss":0,"cards_obtained":["Prepared"]},{"cards_removed":["Iron Wave"],"damage_healed":0,"gold_gain":0,"player_choice":"Took Card","damage_taken":0,"max_hp_gain":0,"max_hp_loss":0,"event_name":"NoteForYourself","floor":3,"gold_loss":0,"cards_obtained":["Iron Wave"]},{"damage_healed":0,"gold_gain":0,"player_choice":"Donut","damage_taken":0,"max_hp_gain":5,"max_hp_loss":0,"event_name":"Big Fish","floor":11,"gold_loss":0}],"is_beta":false,"boss_relics":[],"items_purged_floors":[],"is_endless":false,"potions_floor_spawned":[4,5,8,12,13],"killed_by":"Hexaghost","ascension_level":0}