{"gold_per_floor":[110,11,25,25,25,58,58,83,83,95,95,95,106,134,134,229,229,247,266,266,216,231,247,273,273,296,211,243,243,278,103,103,205,205,225,240,13,31,85,111,131,162,188,188,221,221,221,237,237,237],"floor_reached":50,"playtime":6337,"items_purged":["Strike_B","Writhe"],"score":688,"play_id":"53ae1566-bd9e-4562-87c0-828406c7f762","local_time":"20190731232901","is_ascension_mode":true,"campfire_choices":[{"data":"Zap","floor":7.0,"key":"SMITH"},{"data":"Creative AI","floor":11.0,"key":"SMITH"},{"floor":15.0,"key":"REST"},{"floor":25.0,"key":"REST"},{"data":"Echo Form","floor":29.0,"key":"SMITH"},{"floor":32.0,"key":"REST"},{"floor":49,"key":"RECALL"}],"neow_cost":"NONE","seed_source_timestamp":0,"circlet_count":0,"master_deck":["Defend_B","Defend_B","Defend_B","Zap+1","Dualcast","BootSequence","Ball Lightning","Auto Shields","Hologram","Conserve Battery","Creative AI+1","Stack+1","Echo Form+1","White Noise+1","Coolheaded+1","Thunder Strike+1","Seek+1","Leap+1","Loop+1","Glacier+1","Compile Driver+1","Core Surge+1","Self Repair","Reboot+1","Beam Cell+1","White Noise+1","Redo+1","Reboot+1","Mind Blast+1","Thinking Ahead+1"],"special_seed":0,"relics":["Cracked Core","NeowsBlessing","Unceasing Top","Ice Cream","Toxic Egg 2","Molten Egg 2","Astrolabe","Dream Catcher","Strawberry","Pear","Omamori","Shovel","Runic Pyramid","Lantern","FossilizedHelix","Frozen Egg 2","Gremlin Horn","Boot","Pantograph"],"potions_floor_usage":[39,42,50],"damage_taken":[{"damage":0.0,"enemies":"Cultist","floor":1.0,"turns":1.0},{"damage":0.0,"enemies":"Jaw Worm","floor":3.0,"turns":1.0},{"damage":0.0,"enemies":"Gremlin Nob","floor":6.0,"turns":1.0},{"damage":21.0,"enemies":"3 Sentries","floor":8.0,"turns":7.0},{"damage":0.0,"enemies":"Small Slimes","floor":10.0,"turns":3.0},{"damage":0.0,"enemies":"Looter","floor":13.0,"turns":4.0},{"damage":17.0,"enemies":"Gremlin Nob","floor":14.0,"turns":5.0},{"damage":28.0,"enemies":"The Guardian","floor":16.0,"turns":9.0},{"damage":1.0,"enemies":"Shell Parasite","floor":18.0,"turns":8.0},{"damage":0.0,"enemies":"Chosen","floor":19.0,"turns":7.0},{"damage":3.0,"enemies":"Snecko","floor":22.0,"turns":5.0},{"damage":31.0,"enemies":"Shelled Parasite and Fungi","floor":23.0,"turns":6.0},{"damage":12.0,"enemies":"Slavers","floor":24.0,"turns":7.0},{"damage":31.0,"enemies":"Gremlin Leader","floor":28.0,"turns":7.0},{"damage":2.0,"enemies":"Book of Stabbing","floor":30.0,"turns":7.0},{"damage":43.0,"enemies":"Automaton","floor":33.0,"turns":12.0},{"damage":15,"enemies":"Orb Walker","floor":35,"turns":5},{"damage":0,"enemies":"3 Shapes","floor":36,"turns":7},{"damage":17,"enemies":"Writhing Mass","floor":38,"turns":8},{"damage":27,"enemies":"2 Orb Walkers","floor":39,"turns":5},{"damage":12,"enemies":"Reptomancer","floor":40,"turns":13},{"damage":54,"enemies":"Sphere and 2 Shapes","floor":41,"turns":6},{"damage":12,"enemies":"Giant Head","floor":42,"turns":9},{"damage":9,"enemies":"Reptomancer","floor":45,"turns":8},{"damage":16,"enemies":"4 Shapes","floor":48,"turns":4},{"damage":62,"enemies":"Time Eater","floor":50,"turns":9}],"seed_played":"-5834515031619983982","potions_obtained":[{"floor":3.0,"key":"GamblersBrew"},{"floor":6.0,"key":"SkillPotion"},{"floor":8.0,"key":"Block Potion"},{"floor":22.0,"key":"Dexterity Potion"},{"floor":23.0,"key":"Fire Potion"},{"floor":24.0,"key":"Energy Potion"},{"floor":28.0,"key":"SteroidPotion"},{"floor":30.0,"key":"GamblersBrew"},{"floor":35,"key":"SpeedPotion"},{"floor":39,"key":"GamblersBrew"},{"floor":48,"key":"SkillPotion"}],"is_trial":false,"path_per_floor":["M","$","M","$","?","E","R","E","T","M","R","?","M","E","R","B",null,"M","M","T","?","M","M","E","R","T","?","E","R","E","$","R","B",null,"M","M","$","M","?","E","M","E","T","?","E","?","?","M","R","B"],"character_chosen":"DEFECT","items_purchased":["Ball Lightning","Self Repair","Lantern","White Noise+1"],"campfire_rested":3,"item_purchase_floors":[2,31,37,37],"current_hp_per_floor":[75,75,75,75,68,68,68,47,47,47,47,47,47,30,52,24,75,74,74,74,74,71,40,28,50,57,67,36,36,34,34,61,18,92,77,91,91,88,75,77,37,39,39,34,39,39,39,37,37,0],"gold":237,"neow_bonus":"THREE_ENEMY_KILL","is_prod":false,"is_daily":false,"chose_seed":false,"campfire_upgraded":3,"win_rate":0,"timestamp":1564630141,"path_taken":["M","$","M","$","?","E","R","E","T","M","R","?","M","E","R","BOSS","M","M","?","?","?","M","E","R","T","?","E","R","E","$","R","BOSS","M","M","$","M","?","E","M","E","T","?","E","?","?","M","R","BOSS"],"build_version":"2019-07-17","purchased_purges":2,"victory":false,"max_hp_per_floor":[75,75,75,75,75,75,75,75,75,75,75,75,75,75,75,75,75,75,75,75,75,75,75,75,75,82,92,92,92,92,92,92,92,92,92,92,92,92,92,92,92,92,92,92,92,92,92,92,92,92],"card_choices":[{"not_picked":["Steam","Double Energy"],"picked":"BootSequence","floor":1.0},{"not_picked":["Stack","Turbo"],"picked":"Auto Shields","floor":3.0},{"not_picked":["Streamline","Redo"],"picked":"Hologram","floor":6.0},{"not_picked":["Ball Lightning","Stack"],"picked":"Conserve Battery","floor":8.0},{"not_picked":["Redo+1","Turbo+1"],"picked":"Creative AI","floor":10.0},{"not_picked":["Stack+1","Ball Lightning"],"picked":"White Noise+1","floor":13.0},{"not_picked":["Doom and Gloom","Sweeping Beam"],"picked":"Coolheaded+1","floor":14.0},{"not_picked":["Hyperbeam+1","Biased Cognition"],"picked":"Thunder Strike+1","floor":16.0},{"not_picked":["Barrage+1","Cold Snap+1"],"picked":"FTL+1","floor":18.0},{"not_picked":["Conserve Battery+1","Static Discharge+1","Aggregate+1"],"picked":"SKIP","floor":19.0},{"not_picked":["Go for the Eyes+1","Gash+1"],"picked":"Glacier+1","floor":22.0},{"not_picked":["Cold Snap+1","Redo+1","Skim+1"],"picked":"SKIP","floor":23.0},{"not_picked":["Lockon+1","Blizzard+1"],"picked":"Compile Driver+1","floor":24.0},{"not_picked":["Compile Driver+1","Streamline+1"],"picked":"Core Surge+1","floor":28.0},{"not_picked":["Compile Driver+1","Tempest+1","Stack+1"],"picked":"SKIP","floor":30.0},{"not_picked":["Core Surge+1","Amplify+1"],"picked":"Reboot+1","floor":33.0},{"not_picked":["Conserve Battery+1","Compile Driver+1"],"picked":"Beam Cell+1","floor":35},{"not_picked":["Ball Lightning+1","Turbo+1","FTL+1"],"picked":"SKIP","floor":36},{"not_picked":["Leap+1","Glacier+1","Steam+1"],"picked":"SKIP","floor":38},{"not_picked":["Compile Driver+1","Hello World+1"],"picked":"Redo+1","floor":39},{"not_picked":["Skim+1","Rebound+1","Sunder+1"],"picked":"SKIP","floor":40},{"not_picked":["Doom and Gloom+1","Beam Cell+1","Biased Cognition+1"],"picked":"SKIP","floor":41},{"not_picked":["Aggregate+1","Ball Lightning+1"],"picked":"Reboot+1","floor":42},{"not_picked":["Secret Weapon+1","Panache+1"],"picked":"Mind Blast+1","floor":44},{"not_picked":["Transmutation+1","Secret Weapon+1"],"picked":"Thinking Ahead+1","floor":44},{"not_picked":["Hologram+1","Compile Driver+1","Coolheaded+1"],"picked":"SKIP","floor":45},{"not_picked":["Leap+1","Streamline+1","Compile Driver+1"],"picked":"SKIP","floor":48}],"player_experience":80532,"relics_obtained":[{"floor":6.0,"key":"Unceasing Top"},{"floor":8.0,"key":"Ice Cream"},{"floor":9.0,"key":"Toxic Egg 2"},{"floor":14.0,"key":"Molten Egg 2"},{"floor":24.0,"key":"Dream Catcher"},{"floor":26.0,"key":"Strawberry"},{"floor":28.0,"key":"Omamori"},{"floor":30.0,"key":"Shovel"},{"floor":39,"key":"FossilizedHelix"},{"floor":40,"key":"Frozen Egg 2"},{"floor":42,"key":"Gremlin Horn"},{"floor":43,"key":"Boot"},{"floor":45,"key":"Pantograph"}],"event_choices":[{"cards_removed":["Strike_B"],"damage_healed":0.0,"max_hp_gain":0.0,"max_hp_loss":0.0,"gold_gain":0.0,"event_name":"Golden Wing","player_choice":"Card Removal","floor":5.0,"gold_loss":0.0,"damage_taken":7.0},{"damage_healed":0.0,"max_hp_gain":0.0,"max_hp_loss":0.0,"gold_gain":0.0,"event_name":"Match and Keep!","player_choice":"3 cards matched","floor":12.0,"gold_loss":0.0,"damage_taken":0.0,"cards_obtained":["Stack","Writhe","Echo Form"]},{"damage_healed":0.0,"max_hp_gain":0.0,"max_hp_loss":0.0,"gold_gain":0.0,"event_name":"The Joust","player_choice":"Bet on Murderer","floor":21.0,"gold_loss":50.0,"damage_taken":0.0},{"damage_healed":0.0,"max_hp_gain":0.0,"max_hp_loss":0.0,"gold_gain":0.0,"event_name":"Addict","player_choice":"Obtained Relic","floor":27.0,"gold_loss":85.0,"damage_taken":0.0,"relics_obtained":["Pear"]},{"damage_healed":0,"gold_gain":0,"player_choice":"Fight","damage_taken":0,"max_hp_gain":0,"max_hp_loss":0,"event_name":"Mysterious Sphere","floor":39,"gold_loss":0},{"damage_healed":0,"gold_gain":0,"player_choice":"Memory 2","damage_taken":5,"max_hp_gain":0,"max_hp_loss":0,"event_name":"SensoryStone","floor":44,"gold_loss":0},{"cards_removed":["FTL"],"damage_healed":0,"gold_gain":0,"player_choice":"Removed Attack","damage_taken":0,"max_hp_gain":0,"max_hp_loss":0,"event_name":"Falling","floor":46,"gold_loss":0},{"damage_healed":0,"gold_gain":0,"player_choice":"Ignored","damage_taken":0,"max_hp_gain":0,"max_hp_loss":0,"event_name":"SecretPortal","floor":47,"gold_loss":0}],"is_beta":false,"boss_relics":[{"not_picked":["Cursed Key","Eternal Feather"],"picked":"Astrolabe"},{"not_picked":["FrozenCore","Snecko Eye"],"picked":"Runic Pyramid"}],"items_purged_floors":[2,31],"is_endless":false,"potions_floor_spawned":[3,6,8,22,23,24,28,30,35,39,40,48],"killed_by":"Time Eater","ascension_level":1}