{"gold_per_floor":[10,28,28,48,58,58,87,87,87,87,101,101,101,135,135,135],"floor_reached":16,"playtime":309,"items_purged":[],"score":198,"play_id":"996edae0-5070-4287-9529-b4530fea7e45","local_time":"20180903225231","is_ascension_mode":true,"campfire_choices":[{"data":"Inflame","floor":6,"key":"SMITH"},{"floor":8,"key":"REST"},{"floor":12,"key":"REST"},{"data":"Flex","floor":15,"key":"SMITH"}],"neow_cost":"NO_GOLD","seed_source_timestamp":39710689014446,"circlet_count":0,"master_deck":["Strike_R","Strike_R","Strike_R","Strike_R","Strike_R","Defend_R","Defend_R+1","Defend_R","Defend_R","Bash","AscendersBane","Flex+1","Wild Strike","Clash","Inflame+1","Immolate+1"],"special_seed":0,"relics":["Burning Blood","Unceasing Top","Boot","Pen Nib","Golden Idol","Smiling Mask"],"potions_floor_usage":[16,16],"damage_taken":[{"damage":10.0,"enemies":"2 Louse","floor":1.0,"turns":4.0},{"damage":7.0,"enemies":"Small Slimes","floor":2.0,"turns":4.0},{"damage":1,"enemies":"Cultist","floor":4,"turns":3},{"damage":14,"enemies":"Blue Slaver","floor":5,"turns":4},{"damage":30,"enemies":"Lagavulin","floor":7,"turns":6},{"damage":3,"enemies":"Exordium Wildlife","floor":11,"turns":2},{"damage":16,"enemies":"Gremlin Nob","floor":14,"turns":3},{"damage":53,"enemies":"The Guardian","floor":16,"turns":8}],"seed_played":"3738908735068174641","potions_obtained":[{"floor":4,"key":"Explosive Potion"},{"floor":5,"key":"Poison Potion"}],"is_trial":false,"path_per_floor":["M","M","$","M","M","R","E","R","T","?","M","R","?","E","R"],"character_chosen":"IRONCLAD","items_purchased":[],"campfire_rested":2,"item_purchase_floors":[],"current_hp_per_floor":[64,63,63,68,60,60,36,58,58,35,38,60,60,50,50,0],"gold":135,"neow_bonus":"ONE_RARE_RELIC","is_prod":false,"is_daily":false,"chose_seed":false,"campfire_upgraded":2,"win_rate":0,"timestamp":1536004351,"path_taken":["M","M","$","M","M","R","E","R","T","?","M","R","?","E","R","BOSS"],"build_version":"2018-08-30","purchased_purges":0,"victory":false,"max_hp_per_floor":[75,75,75,75,75,75,75,75,75,75,75,75,68,68,68,68],"card_choices":[{"not_picked":["Sword Boomerang","True Grit"],"picked":"Flex","floor":1.0},{"not_picked":["Iron Wave","Warcry"],"picked":"Wild Strike","floor":2.0},{"not_picked":["Pommel Strike","Infernal Blade"],"picked":"Clash","floor":4},{"not_picked":["Havoc","Anger"],"picked":"Inflame","floor":5},{"not_picked":["Havoc","Clothesline"],"picked":"Immolate","floor":7},{"not_picked":["Heavy Blade","Reckless Charge","Flex"],"picked":"SKIP","floor":11},{"not_picked":["Heavy Blade","Exhume","Iron Wave"],"picked":"SKIP","floor":14}],"player_experience":454894,"relics_obtained":[{"floor":7,"key":"Boot"},{"floor":9,"key":"Pen Nib"},{"floor":14,"key":"Smiling Mask"}],"event_choices":[{"event_name":"Shining Light","player_choice":"Entered Light","floor":10,"damage_taken":0},{"event_name":"Golden Idol","player_choice":"Lose Max HP","floor":13,"damage_taken":0}],"is_beta":false,"boss_relics":[],"items_purged_floors":[],"is_endless":false,"potions_floor_spawned":[4,5,14],"killed_by":"The Guardian","ascension_level":16}