{"gold_per_floor":[362,6,25,44,44,44,61,137,189,189,250,279,279,504,504,604,604,617,667,717,16,32,67,85,45,45,45],"floor_reached":27,"playtime":1809,"items_purged":["Pain"],"score":281,"play_id":"70a8f96f-f2dc-4714-b047-5b396ef3de5a","local_time":"20180726204925","is_ascension_mode":false,"campfire_choices":[{"data":"Apotheosis","floor":6.0,"key":"SMITH"},{"data":"Envenom","floor":10.0,"key":"SMITH"},{"floor":13.0,"key":"REST"},{"data":"Distraction","floor":15.0,"key":"SMITH"}],"neow_cost":"CURSE","seed_source_timestamp":38469668381888,"circlet_count":0,"master_deck":["Defend_G","Defend_G","Defend_G","Defend_G","Defend_G","Strike_G","Strike_G","Strike_G","Strike_G","Strike_G","Survivor+1","Neutralize","Clumsy","Deadly Poison","Envenom+1","Apotheosis+1","Prepared+1","Riddle With Holes","Tactician","Cloak And Dagger","Die Die Die","Distraction+1","Doubt","Night Terror","Injury","Writhe","Infinite Blades+1","RitualDagger","Backflip+1","Reflex+1","Bane","Underhanded Strike+1","Deadly Poison+1","Outmaneuver+1","Accuracy"],"special_seed":0,"relics":["Ring of the Snake","SsserpentHead","Odd Mushroom","Lantern","Bag of Marbles","Calling Bell","Bag of Preparation","Toxic Egg 2","Nunchaku","War Paint","TheAbacus","Happy Flower","Ancient Tea Set","Bottled Tornado","Meat on the Bone"],"potions_floor_usage":[],"damage_taken":[{"damage":16.0,"enemies":"Jaw Worm","floor":1.0,"turns":6.0},{"damage":4.0,"enemies":"Cultist","floor":3.0,"turns":3.0},{"damage":5.0,"enemies":"2 Louse","floor":4.0,"turns":3.0},{"damage":0.0,"enemies":"Large Slime","floor":7.0,"turns":4.0},{"damage":11.0,"floor":8.0,"turns":6.0},{"damage":5.0,"enemies":"Looter","floor":11.0,"turns":3.0},{"damage":11.0,"enemies":"3 Sentries","floor":12.0,"turns":4.0},{"damage":18.0,"enemies":"The Guardian","floor":16.0,"turns":9.0},{"damage":11.0,"enemies":"2 Thieves","floor":18.0,"turns":4.0},{"damage":0.0,"enemies":"3 Byrds","floor":22.0,"turns":5.0},{"damage":34.0,"enemies":"Slavers","floor":23.0,"turns":7.0},{"damage":17.0,"enemies":"Snake Plant","floor":24.0,"turns":4.0},{"damage":5,"enemies":"Chosen and Byrds","floor":27,"turns":1}],"seed_played":"-7773354040041872590","potions_obtained":[{"floor":7.0,"key":"AttackPotion"},{"floor":12.0,"key":"Block Potion"},{"floor":18.0,"key":"SpeedPotion"},{"floor":22.0,"key":"Explosive Potion"}],"is_trial":false,"path_per_floor":["M","$","M","M","?","R","M","?","T","R","M","E","R","?","R","B",null,"M","?","?","$","M","E","M","$","T"],"character_chosen":"THE_SILENT","items_purchased":["Envenom","Apotheosis","Backflip+1","TheAbacus","Happy Flower","Ancient Tea Set","Reflex+1","Bane","Accuracy"],"campfire_rested":1,"item_purchase_floors":[2,2,21,21,21,21,21,21,25],"current_hp_per_floor":[54,54,50,45,45,45,45,34,34,34,29,18,39,39,39,21,70,59,53,53,53,53,19,2,2,2,0],"gold":45,"neow_bonus":"TWO_FIFTY_GOLD","is_prod":false,"is_daily":false,"chose_seed":false,"campfire_upgraded":3,"win_rate":0,"timestamp":1532630965,"path_taken":["M","$","M","M","?","R","M","?","T","R","?","E","R","?","R","BOSS","M","?","?","$","M","E","M","$","T","M"],"build_version":"2018-07-19v2","purchased_purges":1,"victory":false,"max_hp_per_floor":[70,70,70,70,70,70,70,70,70,70,70,70,70,70,70,70,70,70,70,70,70,70,70,70,70,70,70],"card_choices":[{"not_picked":["Poisoned Stab","Flying Knee"],"picked":"Deadly Poison","floor":1.0},{"not_picked":["Escape Plan","Caltrops"],"picked":"Prepared","floor":3.0},{"not_picked":["Dodge and Roll","Flying Knee"],"picked":"Riddle With Holes","floor":4.0},{"not_picked":["Prepared","Reflex"],"picked":"Tactician","floor":7.0},{"not_picked":["Slice","Blade Dance"],"picked":"Cloak And Dagger","floor":8.0},{"not_picked":["Dash","PiercingWail"],"picked":"Die Die Die","floor":11.0},{"not_picked":["Flying Knee","Well Laid Plans"],"picked":"Distraction","floor":12.0},{"not_picked":["Wraith Form v2","Burst"],"picked":"Night Terror","floor":16.0},{"not_picked":["Deadly Poison+1","Backstab"],"picked":"Infinite Blades+1","floor":18.0},{"not_picked":["Prepared+1","Dagger Throw"],"picked":"Underhanded Strike+1","floor":22.0},{"not_picked":["PiercingWail+1","Quick Slash"],"picked":"Deadly Poison+1","floor":23.0},{"not_picked":["Dodge and Roll+1","Flying Knee"],"picked":"Outmaneuver+1","floor":24.0}],"player_experience":65337,"relics_obtained":[{"floor":8.0,"key":"Odd Mushroom"},{"floor":9.0,"key":"Lantern"},{"floor":12.0,"key":"Bag of Marbles"},{"floor":17.0,"key":"Bag of Preparation"},{"floor":17.0,"key":"Toxic Egg 2"},{"floor":17.0,"key":"Nunchaku"},{"floor":23.0,"key":"Bottled Tornado"},{"floor":26.0,"key":"Meat on the Bone"}],"event_choices":[{"event_name":"FaceTrader","player_choice":"Trade","floor":5.0,"damage_taken":0.0},{"event_name":"Mushrooms","player_choice":"Fought Mushrooms","floor":8.0,"damage_taken":0.0},{"event_name":"Liars Game","player_choice":"agreed","floor":14.0,"damage_taken":0.0},{"event_name":"Nest","player_choice":"Joined the Cult","floor":19.0,"damage_taken":0.0},{"event_name":"The Mausoleum","player_choice":"Yes","floor":20.0,"damage_taken":0.0}],"is_beta":false,"boss_relics":[{"not_picked":["Philosopher\u0027s Stone","Velvet Choker"],"picked":"Calling Bell"}],"items_purged_floors":[21],"is_endless":false,"potions_floor_spawned":[7,12,18,22],"killed_by":"Chosen and Byrds","ascension_level":0}