{"gold_per_floor":[112,82,102,176,191,221,231,38,65,78,51,71,71,130,130,233,233,246,246,246,265,56,91,91,119,119,119,119,119,134,134,134,230,230,243,343,5,5,15,15,30,30,30,30,30,64,76,122,134,146],"floor_reached":51,"playtime":3520,"items_purged":[],"score":966,"play_id":"eead7179-c349-4140-bd43-ddfcc22865e5","local_time":"20190731134853","is_ascension_mode":true,"campfire_choices":[{"data":"Fiend Fire","floor":13,"key":"SMITH"},{"data":"Uppercut","floor":15,"key":"SMITH"},{"data":"Inflame","floor":24,"key":"SMITH"},{"floor":27,"key":"REST"},{"data":"Anger","floor":29,"key":"SMITH"},{"data":"Rampage","floor":32,"key":"SMITH"},{"data":"Strike_R","floor":40,"key":"PURGE"},{"data":"Limit Break","floor":42,"key":"SMITH"},{"data":"Strike_R","floor":47,"key":"PURGE"},{"data":"Strike_R","floor":49,"key":"PURGE"}],"neow_cost":"NONE","seed_source_timestamp":12640150382965,"circlet_count":0,"master_deck":["Strike_R","Defend_R","Defend_R","Defend_R","Bash","Clothesline","Inflame+1","Rampage+1","Wild Strike","Anger+1","Shrug It Off","Fiend Fire+1","Uppercut+1","Shockwave","Shrug It Off","Disarm","Corruption","Shrug It Off","Limit Break+1","Dropkick","Sword Boomerang+1","Feel No Pain","Flame Barrier+1","Armaments+1","Twin Strike+1"],"relics":["Burning Blood","Paper Frog","Pen Nib","Bag of Preparation","Anchor","Tiny Chest","Velvet Choker","Mummified Hand","Happy Flower","Bottled Flame","FossilizedHelix","Snecko Eye","Peace Pipe","Dead Branch","Frozen Egg 2","Blood Vial","MawBank","Omamori"],"potions_floor_usage":[14,25,33,33,35,46,48],"damage_taken":[{"damage":4,"enemies":"2 Louse","floor":1,"turns":3},{"damage":0,"enemies":"Cultist","floor":3,"turns":3},{"damage":4,"enemies":"Small Slimes","floor":5,"turns":3},{"damage":41,"enemies":"Lagavulin","floor":6,"turns":6},{"damage":8,"enemies":"Blue Slaver","floor":7,"turns":4},{"damage":0,"enemies":"2 Fungi Beasts","floor":10,"turns":3},{"damage":1,"enemies":"Red Slaver","floor":12,"turns":3},{"damage":12,"enemies":"3 Sentries","floor":14,"turns":6},{"damage":24,"enemies":"Slime Boss","floor":16,"turns":7},{"damage":7,"enemies":"2 Thieves","floor":18,"turns":4},{"damage":3,"enemies":"Spheric Guardian","floor":21,"turns":3},{"damage":7,"enemies":"Slavers","floor":23,"turns":6},{"damage":17,"enemies":"Book of Stabbing","floor":25,"turns":4},{"damage":3,"enemies":"Snecko","floor":30,"turns":3},{"damage":38,"enemies":"Automaton","floor":33,"turns":7},{"damage":0,"enemies":"3 Darklings","floor":35,"turns":5},{"damage":7,"enemies":"Mind Bloom Boss Battle","floor":36,"turns":6},{"damage":6,"enemies":"3 Shapes","floor":39,"turns":4},{"damage":2,"enemies":"Maw","floor":41,"turns":6},{"damage":7,"enemies":"Nemesis","floor":46,"turns":7},{"damage":0,"enemies":"Giant Head","floor":48,"turns":6},{"damage":25,"enemies":"Donu and Deca","floor":50,"turns":5}],"seed_played":"4990103150023671064","potions_obtained":[{"floor":1,"key":"Fire Potion"},{"floor":2,"key":"Explosive Potion"},{"floor":2,"key":"Explosive Potion"},{"floor":3,"key":"PowerPotion"},{"floor":10,"key":"PowerPotion"},{"floor":21,"key":"GamblersBrew"},{"floor":33,"key":"Energy Potion"},{"floor":36,"key":"Swift Potion"},{"floor":39,"key":"Energy Potion"},{"floor":46,"key":"Strength Potion"},{"floor":48,"key":"FearPotion"}],"is_trial":false,"path_per_floor":["M","?","M","T","M","E","M","$","T","M","?","M","R","E","R","B",null,"M","?","?","M","$","E","R","E","T","R","?","R","M","T","R","B",null,"M","?","$","T","M","R","M","R","T","$","?","E","R","E","R","B",null],"character_chosen":"IRONCLAD","items_purchased":["Shrug It Off","Bag of Preparation","Shrug It Off","Disarm","Corruption","Dead Branch","Feel No Pain"],"campfire_rested":1,"item_purchase_floors":[8,8,22,22,22,37,37],"current_hp_per_floor":[82,82,88,88,88,53,51,51,51,57,57,62,62,56,56,38,76,75,58,49,52,52,51,51,40,40,67,67,67,70,70,70,38,79,85,84,84,84,84,84,88,88,88,88,88,89,89,93,93,74],"gold":158,"neow_bonus":"TEN_PERCENT_HP_BONUS","is_prod":false,"is_daily":false,"chose_seed":false,"campfire_upgraded":6,"win_rate":0,"timestamp":1564573733,"path_taken":["M","?","?","?","M","E","M","$","T","M","?","M","R","E","R","BOSS","M","?","?","?","$","E","R","E","T","R","?","R","?","?","R","BOSS","M","?","$","?","?","R","M","R","T","$","?","E","R","E","R","BOSS"],"build_version":"2019-07-17","purchased_purges":0,"victory":true,"max_hp_per_floor":[88,88,88,88,88,88,88,88,88,88,88,88,88,88,88,88,88,88,93,93,93,93,93,93,93,93,93,93,93,93,93,93,93,93,93,93,93,93,93,93,93,93,93,93,93,93,93,93,93,93],"card_choices":[{"not_picked":["Whirlwind","Anger"],"picked":"Clothesline","floor":1},{"not_picked":["Cleave","Warcry"],"picked":"Inflame","floor":3},{"not_picked":["Heavy Blade","True Grit"],"picked":"Rampage","floor":5},{"not_picked":["Warcry","Thunderclap"],"picked":"Wild Strike","floor":6},{"not_picked":["Thunderclap","Flex"],"picked":"Anger","floor":7},{"not_picked":["Uppercut","Thunderclap"],"picked":"Fiend Fire","floor":10},{"not_picked":["Blood for Blood","Wild Strike"],"picked":"Uppercut","floor":12},{"not_picked":["Juggernaut","Rupture","Perfected Strike"],"picked":"SKIP","floor":14},{"not_picked":["Juggernaut","Rupture","Perfected Strike"],"picked":"SKIP","floor":14},{"not_picked":["Flex","Rupture"],"picked":"Shockwave","floor":18},{"not_picked":["Havoc","Pommel Strike","Anger+1"],"picked":"SKIP","floor":21},{"not_picked":["Fire Breathing","Clash","Cleave"],"picked":"SKIP","floor":23},{"not_picked":["Inflame","Cleave"],"picked":"Shrug It Off","floor":25},{"not_picked":["Warcry","Uppercut","Clothesline"],"picked":"SKIP","floor":30},{"not_picked":["Brutality","Dark Embrace"],"picked":"Limit Break","floor":33},{"not_picked":["Thunderclap+1","Sever Soul"],"picked":"Dropkick","floor":35},{"not_picked":["Cleave+1","Perfected Strike+1"],"picked":"Sword Boomerang+1","floor":36},{"not_picked":["Twin Strike+1","Headbutt+1"],"picked":"Flame Barrier+1","floor":39},{"not_picked":["Thunderclap+1","Warcry+1","Sword Boomerang+1"],"picked":"SKIP","floor":41},{"not_picked":["Heavy Blade","Seeing Red"],"picked":"Armaments+1","floor":46},{"not_picked":["Fiend Fire","Rupture+1"],"picked":"Twin Strike+1","floor":48}],"player_experience":669420,"relics_obtained":[{"floor":4,"key":"Paper Frog"},{"floor":6,"key":"Pen Nib"},{"floor":9,"key":"Anchor"},{"floor":14,"key":"Tiny Chest"},{"floor":23,"key":"Mummified Hand"},{"floor":25,"key":"Happy Flower"},{"floor":26,"key":"Bottled Flame"},{"floor":31,"key":"FossilizedHelix"},{"floor":36,"key":"Peace Pipe"},{"floor":38,"key":"Frozen Egg 2"},{"floor":43,"key":"Blood Vial"},{"floor":46,"key":"MawBank"},{"floor":48,"key":"Omamori"}],"event_choices":[{"damage_healed":0,"gold_gain":0,"player_choice":"Bought 2 Potions","damage_taken":0,"max_hp_gain":0,"max_hp_loss":0,"event_name":"The Woman in Blue","floor":2,"gold_loss":0},{"damage_healed":0,"gold_gain":0,"player_choice":"Left Gold","damage_taken":0,"max_hp_gain":0,"max_hp_loss":0,"event_name":"World of Goop","floor":11,"gold_loss":27},{"damage_healed":0,"gold_gain":0,"player_choice":"Shed Blood","damage_taken":22,"max_hp_gain":5,"max_hp_loss":0,"event_name":"Forgotten Altar","floor":19,"gold_loss":0},{"damage_healed":0,"gold_gain":0,"player_choice":"","damage_taken":9,"max_hp_gain":0,"max_hp_loss":0,"event_name":"Knowing Skull","floor":20,"potions_obtained":[],"gold_loss":0,"cards_obtained":[]},{"cards_removed":["Strike_R"],"damage_healed":0,"gold_gain":0,"player_choice":"Purged","damage_taken":0,"max_hp_gain":0,"max_hp_loss":0,"event_name":"Purifier","floor":28,"gold_loss":0},{"damage_healed":0,"gold_gain":0,"player_choice":"Fight","damage_taken":0,"max_hp_gain":0,"max_hp_loss":0,"event_name":"MindBloom","floor":36,"gold_loss":0},{"cards_removed":["Defend_R"],"damage_healed":0,"gold_gain":0,"player_choice":"Removed Skill","damage_taken":0,"max_hp_gain":0,"max_hp_loss":0,"event_name":"Falling","floor":45,"gold_loss":0}],"is_beta":false,"boss_relics":[{"not_picked":["Black Blood","Tiny House"],"picked":"Velvet Choker"},{"not_picked":["Runic Dome","Philosopher\u0027s Stone"],"picked":"Snecko Eye"}],"items_purged_floors":[],"is_endless":false,"potions_floor_spawned":[1,3,10,12,21,33,36,39,46,48],"ascension_level":6}