{"gold_per_floor":[109,284,284,304,73,73,90,90,145,201,201,201,201,220,220,324,324,336,348,211,230],"floor_reached":21,"playtime":709,"items_purged":["Strike_R","Strike_R"],"score":177,"play_id":"4bf02362-5714-4476-b4eb-21c2fccdb258","local_time":"20181204192656","is_ascension_mode":true,"campfire_choices":[{"data":"Bash","floor":6,"key":"SMITH"},{"data":"Strike_R","floor":8,"key":"SMITH"},{"floor":11,"key":"REST"},{"floor":13,"key":"REST"},{"data":"Clothesline","floor":15,"key":"SMITH"}],"neow_cost":"NONE","seed_source_timestamp":28145779596766,"circlet_count":0,"master_deck":["Strike_R+1","Strike_R","Defend_R","Defend_R","Defend_R","Defend_R","Bash+1","Dual Wield","Clothesline+1","Fiend Fire","Corruption","Second Wind"],"relics":["Burning Blood","Lantern","Happy Flower","FossilizedHelix","Sozu"],"potions_floor_usage":[16],"damage_taken":[{"damage":11,"enemies":"Jaw Worm","floor":1,"turns":3},{"damage":7,"enemies":"2 Louse","floor":4,"turns":4},{"damage":7,"enemies":"Small Slimes","floor":7,"turns":3},{"damage":65,"enemies":"Lagavulin Event","floor":10,"turns":7},{"damage":6,"enemies":"3 Louse","floor":14,"turns":3},{"damage":60,"enemies":"Slime Boss","floor":16,"turns":14},{"damage":3,"enemies":"Chosen","floor":18,"turns":3},{"damage":28,"enemies":"2 Thieves","floor":19,"turns":4},{"damage":25,"enemies":"Cultist and Chosen","floor":21,"turns":5}],"seed_played":"7096958754513040428","potions_obtained":[{"floor":7,"key":"Swift Potion"},{"floor":10,"key":"Explosive Potion"},{"floor":14,"key":"Dexterity Potion"}],"is_trial":false,"path_per_floor":["M","?","?","M","$","R","M","R","T","?","R","?","R","M","R","B",null,"M","M","$","M"],"character_chosen":"IRONCLAD","items_purchased":["Lantern","Corruption"],"campfire_rested":2,"item_purchase_floors":[5,20],"current_hp_per_floor":[75,75,80,79,79,79,78,78,78,19,44,44,69,69,69,15,85,85,63,63,44],"gold":230,"neow_bonus":"TRANSFORM_CARD","is_prod":false,"is_daily":false,"chose_seed":false,"campfire_upgraded":3,"win_rate":0,"timestamp":1543940816,"path_taken":["M","?","?","M","$","R","M","R","T","?","R","?","R","M","R","BOSS","M","M","$","M"],"build_version":"2018-11-15","purchased_purges":2,"victory":false,"max_hp_per_floor":[80,80,85,85,85,85,85,85,85,85,85,85,85,85,85,85,85,85,85,85,85],"card_choices":[{"not_picked":["Shrug It Off","Clothesline","Whirlwind"],"picked":"SKIP","floor":1},{"not_picked":["Seeing Red","Dropkick","Iron Wave"],"picked":"SKIP","floor":4},{"not_picked":["Rupture","Feel No Pain","Heavy Blade"],"picked":"SKIP","floor":7},{"not_picked":["Rupture","Feel No Pain","Heavy Blade"],"picked":"SKIP","floor":7},{"not_picked":["Pummel","Feel No Pain"],"picked":"Clothesline","floor":14},{"not_picked":["Double Tap","Barricade"],"picked":"Fiend Fire","floor":16},{"not_picked":["Anger","Twin Strike+1","Reckless Charge"],"picked":"SKIP","floor":18},{"not_picked":["Havoc","Warcry+1","Battle Trance+1"],"picked":"SKIP","floor":19},{"not_picked":["Wild Strike","Anger+1"],"picked":"Second Wind","floor":21}],"player_experience":560678,"relics_obtained":[{"floor":9,"key":"Happy Flower"},{"floor":10,"key":"FossilizedHelix"}],"event_choices":[{"damage_healed":0,"gold_gain":175,"player_choice":"AGREE","damage_taken":0,"max_hp_gain":0,"max_hp_loss":0,"event_name":"Liars Game","floor":2,"gold_loss":0,"cards_obtained":["Doubt"]},{"damage_healed":0,"gold_gain":0,"player_choice":"Donut","damage_taken":0,"max_hp_gain":5,"max_hp_loss":0,"event_name":"Big Fish","floor":3,"gold_loss":0},{"damage_healed":0,"gold_gain":0,"player_choice":"Searched \u00271\u0027 times","damage_taken":0,"max_hp_gain":0,"max_hp_loss":0,"event_name":"Dead Adventurer","floor":10,"gold_loss":0},{"cards_removed":["Doubt"],"damage_healed":0,"gold_gain":0,"player_choice":"Forget","damage_taken":0,"max_hp_gain":0,"max_hp_loss":0,"event_name":"Living Wall","floor":12,"gold_loss":0}],"is_beta":false,"boss_relics":[{"not_picked":["Mark of Pain","Pandora\u0027s Box"],"picked":"Sozu"}],"items_purged_floors":[5,20],"is_endless":false,"potions_floor_spawned":[7,10,14,19],"killed_by":"Cultist and Chosen","ascension_level":1}