{"gold_per_floor":[111,130,80,97,112,143,143,171,171,171],"floor_reached":10,"playtime":1193,"items_purged":[],"score":98,"play_id":"37bf688d-370a-4fee-82f9-369a03c2ebc0","local_time":"20190709213219","is_ascension_mode":true,"campfire_choices":[{"data":"Cleave","floor":7,"key":"SMITH"}],"neow_cost":"NONE","seed_source_timestamp":3066073667000,"circlet_count":0,"master_deck":["Strike_R","Strike_R","Strike_R","Strike_R","Defend_R","Defend_R","Defend_R","Defend_R","Bash","Exhume","Pommel Strike","Iron Wave","Intimidate","Wild Strike","Cleave+1","Rampage"],"relics":["Burning Blood","Frozen Egg 2","Regal Pillow","Oddly Smooth Stone"],"potions_floor_usage":[8,8],"damage_taken":[{"damage":2,"enemies":"2 Louse","floor":1,"turns":3},{"damage":3,"enemies":"Small Slimes","floor":2,"turns":3},{"damage":6,"enemies":"Cultist","floor":4,"turns":4},{"damage":7,"enemies":"3 Louse","floor":5,"turns":5},{"damage":27,"enemies":"Gremlin Nob","floor":6,"turns":4},{"damage":50,"enemies":"Lagavulin","floor":8,"turns":7},{"damage":20,"enemies":"Gremlin Nob","floor":10,"turns":3}],"seed_played":"960346796389131333","potions_obtained":[{"floor":2,"key":"Poison Potion"},{"floor":6,"key":"Ancient Potion"}],"is_trial":false,"path_per_floor":["M","M","?","M","M","E","R","E","T","E"],"character_chosen":"IRONCLAD","items_purchased":[],"campfire_rested":0,"item_purchase_floors":[],"current_hp_per_floor":[80,80,80,80,79,58,58,14,14,0],"gold":171,"neow_bonus":"ONE_RANDOM_RARE_CARD","is_prod":false,"is_daily":false,"chose_seed":false,"campfire_upgraded":1,"win_rate":0,"timestamp":1562722339,"path_taken":["M","M","?","M","M","E","R","E","T","E"],"build_version":"2019-07-05","purchased_purges":0,"victory":false,"max_hp_per_floor":[80,80,80,80,80,80,80,80,80,80],"card_choices":[{"not_picked":["Warcry","Headbutt"],"picked":"Pommel Strike","floor":1},{"not_picked":["Warcry","Anger"],"picked":"Iron Wave","floor":2},{"not_picked":["Rupture","Warcry"],"picked":"Intimidate","floor":4},{"not_picked":["Iron Wave","Intimidate"],"picked":"Wild Strike","floor":5},{"not_picked":["Wild Strike","Heavy Blade"],"picked":"Cleave","floor":6},{"not_picked":["Intimidate","Wild Strike"],"picked":"Rampage","floor":8}],"player_experience":467552,"relics_obtained":[{"floor":6,"key":"Frozen Egg 2"},{"floor":8,"key":"Regal Pillow"},{"floor":9,"key":"Oddly Smooth Stone"}],"event_choices":[{"cards_removed":["Strike_R"],"damage_healed":0,"gold_gain":0,"player_choice":"Card Removal","damage_taken":0,"max_hp_gain":0,"max_hp_loss":0,"event_name":"The Cleric","floor":3,"gold_loss":50}],"is_beta":false,"boss_relics":[],"items_purged_floors":[],"is_endless":false,"potions_floor_spawned":[2,6],"killed_by":"Gremlin Nob","ascension_level":5}