{"gold_per_floor":[114,125,139,207,226,246,246,18,42,42,58,68,94,9,9,80,80,90,20,31,31,44,44,77,77,77,89,99,110,110,123,123,197,197,216,216,0,0,13,13,48,48,130,130,59,59,76,76,76,76],"floor_reached":51,"playtime":1765,"items_purged":[],"score":1162,"play_id":"f90e7feb-5aa2-423d-a1ca-69b4a7764e3e","local_time":"20180801061018","is_ascension_mode":true,"campfire_choices":[{"floor":7.0,"key":"REST"},{"data":"Zap","floor":10.0,"key":"SMITH"},{"floor":15.0,"key":"REST"},{"data":"Seek","floor":23.0,"key":"SMITH"},{"data":"Melter","floor":25.0,"key":"SMITH"},{"floor":30.0,"key":"REST"},{"floor":32.0,"key":"REST"},{"data":"Barrage","floor":40.0,"key":"SMITH"},{"data":"Go for the Eyes","floor":42.0,"key":"SMITH"},{"data":"Leap","floor":46.0,"key":"SMITH"},{"data":"Cold Snap","floor":49.0,"key":"SMITH"}],"neow_cost":"NONE","seed_source_timestamp":46599745211217,"circlet_count":0,"master_deck":["Strike_B+1","Strike_B+1","Strike_B+1","Defend_B+1","Defend_B+1","Defend_B+1","Zap+1","Dualcast","AscendersBane","Doom and Gloom+1","Leap+1","Melter+1","Go for the Eyes+1","BootSequence","Loop+1","Barrage+1","Defragment+1","Cold Snap+1","Seek+1","Self Repair+1","Defragment+1","Ball Lightning+1","Static Discharge+1","Buffer+1","Hyperbeam+1","Loop+1","Self Repair+1","Writhe"],"special_seed":0,"relics":["Cracked Core","DataDisk","Frozen Egg 2","Whetstone","Happy Flower","Bag of Preparation","Inserter","Molten Egg 2","Strawberry","Coffee Dripper","Red Mask","Turnip","Kunai","Mercury Hourglass"],"potions_floor_usage":[50,50],"damage_taken":[{"damage":1.0,"enemies":"Cultist","floor":1.0,"turns":3.0},{"damage":0.0,"enemies":"Small Slimes","floor":2.0,"turns":3.0},{"damage":11.0,"enemies":"2 Louse","floor":3.0,"turns":3.0},{"damage":3.0,"enemies":"Blue Slaver","floor":5.0,"turns":4.0},{"damage":30.0,"enemies":"Gremlin Gang","floor":6.0,"turns":3.0},{"damage":6.0,"enemies":"Exordium Thugs","floor":11.0,"turns":4.0},{"damage":16.0,"enemies":"Exordium Wildlife","floor":12.0,"turns":3.0},{"damage":4.0,"enemies":"3 Sentries","floor":13.0,"turns":7.0},{"damage":16.0,"enemies":"Hexaghost","floor":16.0,"turns":6.0},{"damage":0.0,"enemies":"Spheric Guardian","floor":18.0,"turns":1.0},{"damage":1.0,"enemies":"Shell Parasite","floor":20.0,"turns":5.0},{"damage":3.0,"enemies":"Cultist and Chosen","floor":22.0,"turns":6.0},{"damage":46.0,"enemies":"Book of Stabbing","floor":24.0,"turns":6.0},{"damage":32.0,"enemies":"Snake Plant","floor":27.0,"turns":3.0},{"damage":19.0,"enemies":"Centurion and Healer","floor":28.0,"turns":5.0},{"damage":0.0,"enemies":"Sentry and Sphere","floor":29.0,"turns":2.0},{"damage":13.0,"enemies":"Snake Plant","floor":31.0,"turns":4.0},{"damage":25.0,"enemies":"Champ","floor":33.0,"turns":9.0},{"damage":13.0,"enemies":"3 Darklings","floor":35.0,"turns":4.0},{"damage":0.0,"floor":38.0,"turns":8.0},{"damage":6.0,"enemies":"3 Shapes","floor":39.0,"turns":4.0},{"damage":76.0,"enemies":"2 Orb Walkers","floor":41.0,"turns":4.0},{"damage":0.0,"enemies":"Spire Growth","floor":47.0,"turns":5.0},{"damage":3,"enemies":"Time Eater","floor":50,"turns":7}],"seed_played":"61487246959412322","potions_obtained":[{"floor":3.0,"key":"SneckoOil"},{"floor":6.0,"key":"Energy Potion"},{"floor":18.0,"key":"Weak Potion"},{"floor":27.0,"key":"Block Potion"},{"floor":31.0,"key":"SpeedPotion"},{"floor":38.0,"key":"Ancient Potion"},{"floor":41.0,"key":"PowerPotion"},{"floor":47.0,"key":"Block Potion"}],"is_trial":false,"path_per_floor":["M","M","M","T","M","M","R","$","T","R","M","M","E","$","R","B",null,"M","$","M","?","M","R","E","R","T","M","M","M","R","M","R","B",null,"M","?","?","?","M","R","E","R","T","?","$","R","M","?","R","B"],"character_chosen":"DEFECT","items_purchased":["Loop+1","Whetstone","Defragment+1","Cold Snap","Self Repair+1","Self Repair+1"],"campfire_rested":4,"item_purchase_floors":[8,8,14,14,19,45],"current_hp_per_floor":[67,67,56,56,53,23,45,45,45,45,39,23,19,19,41,25,63,63,63,72,72,75,75,39,39,46,24,15,15,39,26,50,35,70,67,67,67,77,81,81,15,15,15,15,15,15,35,56,56,53],"gold":76,"neow_bonus":"RANDOM_COMMON_RELIC","is_prod":false,"is_daily":false,"chose_seed":false,"campfire_upgraded":7,"win_rate":0,"timestamp":1533093018,"path_taken":["M","M","M","?","M","M","R","?","T","R","M","M","E","$","R","BOSS","M","$","M","?","M","R","E","R","T","M","?","M","R","M","R","BOSS","M","?","?","?","M","R","E","R","T","?","$","R","M","?","R","BOSS"],"build_version":"2018-07-26","purchased_purges":0,"victory":true,"max_hp_per_floor":[75,75,75,75,75,75,75,75,75,75,75,75,75,75,75,75,75,75,75,75,75,75,75,75,75,82,82,82,82,82,82,82,82,82,82,82,82,82,82,82,82,82,82,82,82,82,82,82,82,82],"card_choices":[{"not_picked":["Turbo","Steam Power"],"picked":"Doom and Gloom","floor":1.0},{"not_picked":["Gash","Auto Shields"],"picked":"Leap","floor":2.0},{"not_picked":["Storm","Rebound"],"picked":"Melter","floor":3.0},{"not_picked":["Beam Cell","Force Field"],"picked":"Go for the Eyes","floor":5.0},{"not_picked":["Echo Form+1","Leap"],"picked":"BootSequence","floor":6.0},{"not_picked":["Tempest","Storm+1","Redo"],"picked":"SKIP","floor":11.0},{"not_picked":["Compile Driver","Coolheaded"],"picked":"Barrage","floor":12.0},{"not_picked":["Streamline","Hello World+1","BootSequence"],"picked":"SKIP","floor":13.0},{"not_picked":["Reboot","All For One"],"picked":"Seek","floor":16.0},{"not_picked":["Blizzard","Compile Driver","Beam Cell"],"picked":"SKIP","floor":18.0},{"not_picked":["Barrage","Scrape+1","Rip and Tear"],"picked":"SKIP","floor":20.0},{"not_picked":["Gash","Doom and Gloom"],"picked":"Defragment+1","floor":22.0},{"not_picked":["Coolheaded","Beam Cell"],"picked":"Ball Lightning","floor":24.0},{"not_picked":["Hologram","Rebound+1","Skim"],"picked":"SKIP","floor":27.0},{"not_picked":["Stack+1","Genetic Algorithm+1","BootSequence"],"picked":"SKIP","floor":28.0},{"not_picked":["Stack","Sunder+1"],"picked":"Static Discharge+1","floor":29.0},{"not_picked":["Barrage+1","Creative AI+1","Beam Cell+1"],"picked":"SKIP","floor":31.0},{"not_picked":["Reboot","Biased Cognition+1"],"picked":"Buffer+1","floor":33.0},{"not_picked":["Steam","Ball Lightning+1","Sweeping Beam+1"],"picked":"SKIP","floor":35.0},{"not_picked":["Aggregate","Go for the Eyes+1"],"picked":"Loop+1","floor":39.0},{"not_picked":["Streamline+1","Double Energy","Scrape+1"],"picked":"SKIP","floor":41.0},{"not_picked":["Doom and Gloom+1","Rip and Tear+1","Stack"],"picked":"SKIP","floor":47.0}],"player_experience":387224,"relics_obtained":[{"floor":4.0,"key":"Frozen Egg 2"},{"floor":9.0,"key":"Happy Flower"},{"floor":13.0,"key":"Bag of Preparation"},{"floor":24.0,"key":"Molten Egg 2"},{"floor":26.0,"key":"Strawberry"},{"floor":38.0,"key":"Turnip"},{"floor":41.0,"key":"Kunai"},{"floor":43.0,"key":"Mercury Hourglass"}],"event_choices":[{"event_name":"Back to Basics","player_choice":"Simplicity","floor":21.0,"damage_taken":0.0},{"event_name":"Transmorgrifier","player_choice":"Transform","floor":36.0,"damage_taken":0.0},{"event_name":"Tomb of Lord Red Mask","player_choice":"Paid","floor":37.0,"damage_taken":0.0},{"event_name":"MindBloom","player_choice":"Fight","floor":38.0,"damage_taken":0.0},{"event_name":"Falling","player_choice":"Removed Skill","floor":44.0,"damage_taken":0.0},{"event_name":"Winding Halls","player_choice":"Writhe","floor":48.0,"damage_taken":0.0}],"is_beta":false,"boss_relics":[{"not_picked":["Nuclear Battery","Black Star"],"picked":"Inserter"},{"not_picked":["Lizard Tail","Eternal Feather"],"picked":"Coffee Dripper"}],"items_purged_floors":[],"is_endless":false,"potions_floor_spawned":[3,6,11,13,16,18,24,27,31,38,39,41,47],"ascension_level":13}