{"gold_per_floor":[369,20,20,32,32,32,64,76,76,76,76,87,145,176,176,176],"floor_reached":16,"playtime":538,"items_purged":["Strike_R"],"score":108,"play_id":"b930bda4-671c-4e57-8b24-caf31e86bf56","local_time":"20181220230339","is_ascension_mode":false,"campfire_choices":[{"floor":6.0,"key":"RECALL"},{"data":"Bash","floor":10.0,"key":"SMITH"},{"floor":15.0,"key":"REST"}],"neow_cost":"TEN_PERCENT_HP_LOSS","seed_source_timestamp":46950571227870,"circlet_count":0,"master_deck":["Strike_R","Strike_R","Strike_R","Strike_R","Defend_R","Defend_R","Defend_R","Defend_R","Bash+1"],"special_seed":0,"relics":["Burning Blood","Membership Card","Strawberry","Tiny Chest","Shuriken","Lantern","Happy Flower","FaceOfCleric","Bronze Scales","Toxic Egg 2"],"potions_floor_usage":[16],"damage_taken":[{"damage":3.0,"enemies":"Jaw Worm","floor":1.0,"turns":4.0},{"damage":3.0,"enemies":"Small Slimes","floor":4.0,"turns":4.0},{"damage":20.0,"enemies":"Gremlin Nob","floor":7.0,"turns":4.0},{"damage":1.0,"enemies":"Cultist","floor":8.0,"turns":3.0},{"damage":5.0,"enemies":"2 Fungi Beasts","floor":12.0,"turns":3.0},{"damage":54.0,"enemies":"Lagavulin Event","floor":13.0,"turns":6.0},{"damage":24.0,"enemies":"3 Sentries","floor":14.0,"turns":10.0},{"damage":40,"enemies":"Hexaghost","floor":16,"turns":9}],"seed_played":"566999476723187741","potions_obtained":[{"floor":1.0,"key":"Dexterity Potion"},{"floor":4.0,"key":"BloodPotion"},{"floor":14.0,"key":"Dexterity Potion"}],"is_trial":false,"path_per_floor":["M","$","?","M","T","R","E","M","T","R","?","M","?","E","R","B"],"character_chosen":"IRONCLAD","items_purchased":["Membership Card","Strawberry","Tiny Chest"],"campfire_rested":1,"item_purchase_floors":[2,2,2],"current_hp_per_floor":[72,79,79,79,79,79,65,70,70,70,70,72,25,16,40,0],"gold":176,"neow_bonus":"TWO_FIFTY_GOLD","is_prod":false,"is_daily":false,"chose_seed":false,"campfire_upgraded":1,"win_rate":0,"timestamp":1545375819,"path_taken":["M","$","?","M","?","R","E","M","T","R","?","?","?","E","R","BOSS"],"build_version":"2018-12-20","purchased_purges":1,"victory":false,"max_hp_per_floor":[72,79,79,79,79,79,79,79,79,79,79,80,81,82,82,82],"card_choices":[{"not_picked":["Warcry","Havoc","Clothesline"],"picked":"SKIP","floor":1.0},{"not_picked":["Battle Trance","Heavy Blade","Body Slam"],"picked":"SKIP","floor":4.0},{"not_picked":["Headbutt","Sword Boomerang","Impervious"],"picked":"SKIP","floor":7.0},{"not_picked":["Headbutt","Sword Boomerang","Heavy Blade"],"picked":"SKIP","floor":8.0},{"not_picked":["Havoc","Clash","Flex"],"picked":"SKIP","floor":12.0},{"not_picked":["Anger","Spot Weakness","Clash"],"picked":"SKIP","floor":14.0}],"player_experience":524665,"relics_obtained":[{"floor":5.0,"key":"Shuriken"},{"floor":7.0,"key":"Lantern"},{"floor":9.0,"key":"Happy Flower"},{"floor":13.0,"key":"Bronze Scales"},{"floor":14.0,"key":"Toxic Egg 2"}],"event_choices":[{"damage_healed":0.0,"max_hp_gain":0.0,"max_hp_loss":0.0,"gold_gain":0.0,"event_name":"The Cleric","player_choice":"Leave","floor":3.0,"gold_loss":0.0,"damage_taken":0.0},{"damage_healed":0.0,"max_hp_gain":0.0,"max_hp_loss":0.0,"gold_gain":0.0,"event_name":"FaceTrader","player_choice":"Trade","floor":11.0,"gold_loss":0.0,"damage_taken":0.0,"relics_obtained":["FaceOfCleric"]},{"damage_healed":0.0,"max_hp_gain":0.0,"max_hp_loss":0.0,"gold_gain":0.0,"event_name":"Dead Adventurer","player_choice":"Searched \u00271\u0027 times","floor":13.0,"gold_loss":0.0,"damage_taken":0.0}],"is_beta":false,"boss_relics":[],"items_purged_floors":[2],"is_endless":false,"potions_floor_spawned":[1,4,14],"killed_by":"Hexaghost","ascension_level":0}