{"gold_per_floor":[116,191,16,33,33,67,80,98,98,98,17,30,42,42,42,145,145,158,158,158,171,4,4,4,34,34,57,74,74],"floor_reached":29,"playtime":4872,"items_purged":["Shame"],"score":268,"play_id":"747c10a2-cd2c-415e-ab6d-7b285aac28c5","local_time":"20190703234211","is_ascension_mode":false,"campfire_choices":[{"floor":15,"key":"RECALL"},{"floor":23,"key":"REST"}],"neow_cost":"CURSE","seed_source_timestamp":2388590719293,"circlet_count":0,"master_deck":["Strike_R","Strike_R","Strike_R","Strike_R","Defend_R","Defend_R","Defend_R","Defend_R","Bash","Wild Strike","Fire Breathing","Iron Wave","Inflame+1","Heavy Blade","True Grit","Carnage","Spot Weakness+1","Second Wind+1","Headbutt","Barricade","Ghostly Armor+1","Good Instincts+1","Flame Barrier+1","Evolve+1","Rage+1"],"special_seed":0,"relics":["Burning Blood","Juzu Bracelet","Bottled Tornado","Toxic Egg 2","Black Star","Mummified Hand","Bottled Flame","Centennial Puzzle"],"potions_floor_usage":[8,21,25,25],"damage_taken":[{"damage":1.0,"enemies":"2 Louse","floor":1.0,"turns":3.0},{"damage":8.0,"enemies":"Jaw Worm","floor":4.0,"turns":3.0},{"damage":41.0,"enemies":"Gremlin Nob","floor":6.0,"turns":5.0},{"damage":0,"enemies":"Cultist","floor":7,"turns":2},{"damage":16,"enemies":"Lots of Slimes","floor":8,"turns":4},{"damage":10,"enemies":"Exordium Thugs","floor":12,"turns":3},{"damage":4,"enemies":"Gremlin Gang","floor":13,"turns":5},{"damage":7,"enemies":"Slime Boss","floor":16,"turns":8},{"damage":41,"enemies":"2 Thieves","floor":18,"turns":5},{"damage":27,"enemies":"3 Byrds","floor":21,"turns":6},{"damage":57,"enemies":"Gremlin Leader","floor":25,"turns":6},{"damage":11,"enemies":"3 Cultists","floor":28,"turns":6},{"damage":14,"enemies":"Slavers","floor":29,"turns":1}],"seed_played":"-8445644350104780198","potions_obtained":[{"floor":4.0,"key":"SkillPotion"},{"floor":13,"key":"Explosive Potion"},{"floor":16,"key":"GamblersBrew"},{"floor":19,"key":"SkillPotion"},{"floor":19,"key":"PowerPotion"},{"floor":25,"key":"SpeedPotion"}],"is_trial":false,"path_per_floor":["M","?","$","M","?","E","M","M","T","?","$","M","M","?","R","B",null,"M","?","?","M","$","R","$","E","T","T","M","E"],"character_chosen":"IRONCLAD","items_purchased":["Fire Breathing","Iron Wave","Spot Weakness+1","Good Instincts+1","Flame Barrier+1"],"campfire_rested":1,"item_purchase_floors":[3,3,11,22,22],"current_hp_per_floor":[96,85,85,83,83,48,54,44,44,37,37,33,35,67,67,66,96,61,61,61,40,40,68,68,17,17,17,12,0],"gold":74,"neow_bonus":"TWENTY_PERCENT_HP_BONUS","is_prod":false,"is_daily":false,"chose_seed":false,"campfire_upgraded":0,"win_rate":0,"timestamp":1562190131,"path_taken":["M","?","$","M","?","E","M","M","T","?","?","M","M","?","R","BOSS","M","?","?","M","?","R","$","E","T","?","M","E"],"build_version":"2019-07-01","purchased_purges":1,"victory":false,"max_hp_per_floor":[96,96,96,96,96,96,96,96,96,96,96,96,96,96,96,96,96,96,96,96,96,96,96,96,96,96,96,96,96],"card_choices":[{"not_picked":["Perfected Strike","Feel No Pain"],"picked":"Wild Strike","floor":1.0},{"not_picked":["Wild Strike","Cleave"],"picked":"Inflame","floor":4.0},{"not_picked":["Body Slam","Hemokinesis"],"picked":"Heavy Blade","floor":6},{"not_picked":["Clash","Burning Pact"],"picked":"True Grit","floor":7},{"not_picked":["Fire Breathing","Armaments"],"picked":"Carnage","floor":8},{"not_picked":["Sever Soul","Thunderclap"],"picked":"Second Wind+1","floor":12},{"not_picked":["Perfected Strike","Pommel Strike"],"picked":"Headbutt","floor":13},{"not_picked":["Demon Form","Offering+1"],"picked":"Barricade","floor":16},{"not_picked":["Carnage","Headbutt","Thunderclap"],"picked":"SKIP","floor":18},{"not_picked":["Cleave","Pommel Strike"],"picked":"Ghostly Armor+1","floor":21},{"not_picked":["Twin Strike","Heavy Blade"],"picked":"Evolve+1","floor":25},{"not_picked":["Metallicize+1","True Grit+1"],"picked":"Rage+1","floor":28}],"player_experience":147574,"relics_obtained":[{"floor":6,"key":"Juzu Bracelet"},{"floor":9,"key":"Bottled Tornado"},{"floor":25,"key":"Mummified Hand"},{"floor":25,"key":"Bottled Flame"},{"floor":27,"key":"Centennial Puzzle"}],"event_choices":[{"damage_healed":0.0,"max_hp_gain":0.0,"max_hp_loss":0.0,"gold_gain":75.0,"event_name":"World of Goop","player_choice":"Gather Gold","floor":2.0,"gold_loss":0.0,"damage_taken":11.0},{"cards_removed":["Strike_R"],"damage_healed":0.0,"max_hp_gain":0.0,"max_hp_loss":0.0,"gold_gain":0.0,"event_name":"Living Wall","player_choice":"Forget","floor":5.0,"gold_loss":0.0,"damage_taken":0.0},{"damage_healed":0,"gold_gain":0,"player_choice":"Success","damage_taken":7,"relics_obtained":["Toxic Egg 2"],"max_hp_gain":0,"max_hp_loss":0,"event_name":"Scrap Ooze","floor":10,"gold_loss":0},{"damage_healed":32,"gold_gain":0,"player_choice":"Banana","damage_taken":0,"max_hp_gain":0,"max_hp_loss":0,"event_name":"Big Fish","floor":14,"gold_loss":0},{"damage_healed":0,"gold_gain":0,"player_choice":"Got Potions","damage_taken":0,"max_hp_gain":0,"max_hp_loss":0,"event_name":"Lab","floor":19,"gold_loss":0},{"damage_healed":0,"gold_gain":0,"player_choice":"Upgraded","damage_taken":0,"max_hp_gain":0,"max_hp_loss":0,"event_name":"Upgrade Shrine","floor":20,"gold_loss":0,"cards_upgraded":["Inflame"]}],"is_beta":false,"boss_relics":[{"not_picked":["Eternal Feather","Ectoplasm"],"picked":"Black Star"}],"items_purged_floors":[3],"is_endless":false,"potions_floor_spawned":[4,13,16,25],"killed_by":"Slavers","ascension_level":0}