{"path_per_floor":["M","?","$","?","M","R","E","R","T","M","M","T","E","?","R","B",null,"M","?","$","M","?","$"],"character_chosen":"THE_SILENT","items_purchased":["Cloak And Dagger","Blade Dance"],"gold_per_floor":[116,116,63,63,83,83,116,116,116,128,138,185,220,220,220,321,321,333,248,101,114,114,14,14],"floor_reached":24,"campfire_rested":1,"playtime":1961,"item_purchase_floors":[3,20],"current_hp_per_floor":[70,70,70,70,70,70,37,37,37,36,38,38,34,34,56,40,74,62,62,62,48,48,48,0],"items_purged":["Deflect","Survivor"],"gold":14,"score":202,"play_id":"5ee29450-50fa-4820-b1f6-a1627cde53f3","local_time":"20180602111605","is_prod":false,"is_daily":false,"chose_seed":false,"is_ascension_mode":false,"campfire_upgraded":2,"win_rate":0,"timestamp":1527930965,"campfire_choices":[{"data":"Cloak And Dagger","floor":6,"key":"SMITH"},{"data":"Envenom","floor":8,"key":"SMITH"},{"floor":15,"key":"REST"}],"path_taken":["M","?","$","?","M","R","E","R","T","M","?","?","E","?","R","BOSS","M","?","$","?","?","$","E"],"build_version":"2018-05-31","seed_source_timestamp":1205016696703,"purchased_purges":2,"victory":false,"master_deck":["Neutralize","Envenom+1","Cloak And Dagger+1","Predator","Cloak And Dagger","Envenom","Outmaneuver","Bane","Distraction","Cloak And Dagger","Outmaneuver","Backflip","Dagger Throw","Sucker Punch","Blade Dance","Footwork"],"max_hp_per_floor":[70,70,70,70,70,70,70,70,70,70,72,72,74,74,74,74,74,76,76,76,76,76,76,76],"relics":["Ring of the Snake","Singing Bowl","Kunai","Happy Flower","Mercury Hourglass","Pandora\u0027s Box","Blue Candle"],"card_choices":[{"not_picked":["Deflect","Expertise","Prepared"],"picked":"SKIP","floor":1},{"not_picked":["Concentrate","Dagger Throw","Leg Sweep"],"picked":"SKIP","floor":5},{"not_picked":["Terror","Flechettes"],"picked":"Predator","floor":7},{"not_picked":["Bane","Escape Plan"],"picked":"Cloak And Dagger","floor":10},{"not_picked":["Heel Hook","Deadly Poison","Slice"],"picked":"Singing Bowl","floor":11},{"not_picked":["Outmaneuver","Heel Hook","Slice"],"picked":"Singing Bowl","floor":13},{"not_picked":["Phantasmal Killer","Glass Knife"],"picked":"Envenom","floor":16},{"not_picked":["Dodge and Roll","Slice","PiercingWail"],"picked":"Singing Bowl","floor":18},{"not_picked":["Deflect","Underhanded Strike"],"picked":"Footwork","floor":21}],"player_experience":209388,"potions_floor_usage":[13,16,16],"damage_taken":[{"damage":0,"enemies":"Small Slimes","floor":1,"turns":5},{"damage":0,"enemies":"Cultist","floor":5,"turns":4},{"damage":33,"enemies":"Lagavulin","floor":7,"turns":9},{"damage":1,"enemies":"2 Louse","floor":10,"turns":2},{"damage":0,"enemies":"Large Slime","floor":11,"turns":5},{"damage":6,"enemies":"Gremlin Nob","floor":13,"turns":5},{"damage":16,"enemies":"Slime Boss","floor":16,"turns":9},{"damage":14,"enemies":"Spheric Guardian","floor":18,"turns":4},{"damage":14,"enemies":"Chosen","floor":21,"turns":4},{"damage":48,"enemies":"Gremlin Leader","floor":24,"turns":5}],"relics_obtained":[{"floor":7,"key":"Singing Bowl"},{"floor":9,"key":"Kunai"},{"floor":12,"key":"Happy Flower"},{"floor":13,"key":"Mercury Hourglass"}],"event_choices":[{"event_name":"The Woman in Blue","player_choice":"Bought 0 Potions","floor":2,"damage_taken":0},{"event_name":"Liars Game","player_choice":"disagreed","floor":4,"damage_taken":0},{"event_name":"Bonfire Elementals","player_choice":"BASIC","floor":14,"damage_taken":0},{"event_name":"Addict","player_choice":"Obtained Relic","floor":19,"damage_taken":0},{"event_name":"Ghosts","player_choice":"Ignored","floor":22,"damage_taken":0}],"boss_relics":[{"not_picked":["Sozu","Runic Pyramid"],"picked":"Pandora\u0027s Box"}],"items_purged_floors":[20,23],"potions_floor_spawned":[7,10,11,13,18],"seed_played":"7579886639554602489","killed_by":"Gremlin Leader","ascension_level":0,"potions_obtained":[{"floor":7,"key":"LiquidBronze"},{"floor":10,"key":"GhostInAJar"},{"floor":11,"key":"LiquidBronze"},{"floor":13,"key":"Strength Potion"},{"floor":18,"key":"Energy Potion"}],"is_trial":false}