{"gold_per_floor":[118,118,68,68,68,112,133,147,218,251,12,12,28,47,47,168,168,193,213,213,213,24,58,79,79,79,79,103,126,151,191,191,322,322,347,361,361,380,380,380,424,424,424,0,20,63,83,123,123,123],"floor_reached":51,"playtime":8625,"items_purged":[],"score":1238,"play_id":"9ecd47ee-7393-4bb1-921d-b0317102b2a4","local_time":"20190804114231","is_ascension_mode":true,"campfire_choices":[{"floor":15.0,"key":"REST"},{"data":"Feed","floor":25.0,"key":"SMITH"},{"floor":32.0,"key":"REST"},{"data":"Demon Form","floor":40.0,"key":"SMITH"},{"floor":42.0,"key":"RECALL"},{"floor":49.0,"key":"REST"}],"neow_cost":"NONE","seed_source_timestamp":11579638426203,"circlet_count":0,"master_deck":["AscendersBane","Defend_R","Defend_R","Defend_R","Defend_R","Bash","Injury","Clothesline","Corruption","Heavy Blade","Double Tap","Searing Blow","Shockwave+1","Clothesline","Demon Form+1","Clothesline","Shrug It Off+1","Seeing Red","Uppercut","Bite","Bite","Bite","Bite","Bite","Heavy Blade","Feed+1","Warcry+1","Warcry+1","Burning Pact+1","Sentinel+1","Impervious+1","Double Tap+1","Infernal Blade+1","Rage+1","Flex+1","Parasite","Rage+1","Ghostly Armor+1","Entrench+1"],"special_seed":0,"relics":["Snecko Eye","Oddly Smooth Stone","Happy Flower","Golden Idol","The Courier","Odd Mushroom","Ice Cream","Orrery","Toy Ornithopter","Bag of Marbles","Toxic Egg 2","Nloth\u0027s Gift","Paper Frog","White Beast Statue","FaceOfCleric","Torii","Mercury Hourglass","War Paint","Bronze Scales","Pear","Pantograph","Pocketwatch"],"potions_floor_usage":[50,50],"damage_taken":[{"damage":0.0,"enemies":"Small Slimes","floor":1.0,"turns":3.0},{"damage":42.0,"enemies":"3 Sentries","floor":6.0,"turns":10.0},{"damage":0.0,"enemies":"Cultist","floor":7.0,"turns":3.0},{"damage":0.0,"enemies":"Jaw Worm","floor":8.0,"turns":1.0},{"damage":15.0,"enemies":"The Mushroom Lair","floor":10.0,"turns":5.0},{"damage":3.0,"enemies":"Blue Slaver","floor":13.0,"turns":2.0},{"damage":4.0,"enemies":"Red Slaver","floor":14.0,"turns":2.0},{"damage":28.0,"enemies":"Hexaghost","floor":16.0,"turns":8.0},{"damage":13.0,"enemies":"Shell Parasite","floor":18.0,"turns":3.0},{"damage":22.0,"enemies":"3 Byrds","floor":19.0,"turns":4.0},{"damage":32.0,"enemies":"Slavers","floor":23.0,"turns":4.0},{"damage":0.0,"enemies":"Snecko","floor":24.0,"turns":3.0},{"damage":11.0,"enemies":"Shelled Parasite and Fungi","floor":28.0,"turns":6.0},{"damage":6.0,"enemies":"Centurion and Healer","floor":29.0,"turns":6.0},{"damage":18.0,"enemies":"Sentry and Sphere","floor":30.0,"turns":5.0},{"damage":12.0,"enemies":"Gremlin Leader","floor":31.0,"turns":5.0},{"damage":27.0,"enemies":"Automaton","floor":33.0,"turns":6.0},{"damage":5.0,"enemies":"Orb Walker","floor":35.0,"turns":3.0},{"damage":10.0,"enemies":"3 Darklings","floor":36.0,"turns":4.0},{"damage":37.0,"enemies":"Spire Growth","floor":38.0,"turns":6.0},{"damage":3.0,"enemies":"Giant Head","floor":41.0,"turns":6.0},{"damage":9.0,"enemies":"Writhing Mass","floor":45.0,"turns":6.0},{"damage":68.0,"enemies":"Reptomancer","floor":46.0,"turns":6.0},{"damage":29.0,"enemies":"Sphere and 2 Shapes","floor":47.0,"turns":7.0},{"damage":30.0,"enemies":"Nemesis","floor":48.0,"turns":9.0},{"damage":45,"enemies":"Awakened One","floor":50,"turns":9}],"seed_played":"2514391468880787052","potions_obtained":[{"floor":1.0,"key":"SteroidPotion"},{"floor":6.0,"key":"BloodPotion"},{"floor":8.0,"key":"LiquidBronze"},{"floor":10.0,"key":"SpeedPotion"},{"floor":18.0,"key":"Explosive Potion"},{"floor":28.0,"key":"Swift Potion"},{"floor":29.0,"key":"SpeedPotion"},{"floor":33.0,"key":"Weak Potion"},{"floor":35.0,"key":"Fire Potion"},{"floor":36.0,"key":"Fire Potion"},{"floor":38.0,"key":"Ancient Potion"},{"floor":41.0,"key":"Regen Potion"},{"floor":45.0,"key":"Explosive Potion"},{"floor":46.0,"key":"LiquidBronze"},{"floor":48.0,"key":"Strength Potion"}],"is_trial":false,"path_per_floor":["M","?","?","?","?","E","M","M","T","?","$","?","M","M","R","B",null,"M","M","?","?","$","E","M","R","T","?","M","M","M","E","R","B",null,"M","M","?","M","?","R","E","R","T","$","M","E","M","E","R","B",null],"character_chosen":"IRONCLAD","items_purchased":["Ice Cream","Toy Ornithopter","Heavy Blade","War Paint","Bronze Scales","Pear"],"campfire_rested":3,"item_purchase_floors":[11,22,22,44,44,44],"current_hp_per_floor":[72,72,72,60,60,18,18,18,18,23,23,23,20,16,40,12,63,50,28,28,28,28,11,20,20,20,20,28,34,27,26,47,38,66,67,72,72,50,50,50,67,67,67,77,99,45,29,23,54,67],"gold":123,"neow_bonus":"BOSS_RELIC","is_prod":false,"is_daily":false,"chose_seed":false,"campfire_upgraded":2,"win_rate":0,"timestamp":1564944151,"path_taken":["M","?","?","?","?","E","M","M","T","?","$","?","M","M","R","BOSS","M","M","?","?","$","E","M","R","T","?","M","M","?","E","R","BOSS","M","?","?","M","?","R","E","R","T","$","M","E","?","E","R","BOSS"],"build_version":"2019-07-17","purchased_purges":0,"victory":true,"max_hp_per_floor":[80,80,80,80,80,80,80,80,80,80,80,80,80,80,80,80,80,80,80,80,56,56,56,59,59,59,59,63,67,71,71,71,75,75,75,79,79,83,83,83,84,84,84,94,99,100,105,106,106,107],"card_choices":[{"not_picked":["Rampage","Fire Breathing","Warcry"],"picked":"SKIP","floor":1.0},{"not_picked":["Sword Boomerang","Spot Weakness"],"picked":"Clothesline","floor":6.0},{"not_picked":["Seeing Red","Thunderclap","Disarm"],"picked":"SKIP","floor":7.0},{"not_picked":["Dropkick","Rage","Feel No Pain"],"picked":"SKIP","floor":8.0},{"not_picked":["Armaments","Feel No Pain"],"picked":"Corruption","floor":10.0},{"not_picked":["Pummel","Headbutt"],"picked":"Heavy Blade","floor":13.0},{"not_picked":["Perfected Strike","Sword Boomerang","Fire Breathing"],"picked":"SKIP","floor":14.0},{"not_picked":["Juggernaut","Exhume"],"picked":"Double Tap","floor":16.0},{"not_picked":["Headbutt","Twin Strike"],"picked":"Searing Blow","floor":17.0},{"not_picked":["True Grit","Sword Boomerang"],"picked":"Shockwave","floor":17.0},{"not_picked":["Twin Strike","Havoc"],"picked":"Clothesline","floor":17.0},{"not_picked":["Wild Strike","Clash"],"picked":"Demon Form","floor":17.0},{"not_picked":["Rupture","Cleave"],"picked":"Clothesline","floor":18.0},{"not_picked":["Perfected Strike","Shrug It Off","Inflame"],"picked":"SKIP","floor":19.0},{"not_picked":["Perfected Strike","Inflame"],"picked":"Shrug It Off","floor":19.0},{"not_picked":["Havoc","Heavy Blade+1"],"picked":"Feed","floor":23.0},{"not_picked":["Metallicize","Perfected Strike","Heavy Blade"],"picked":"SKIP","floor":24.0},{"not_picked":["Clash","Anger+1"],"picked":"Warcry+1","floor":28.0},{"not_picked":["Perfected Strike","Anger"],"picked":"Warcry+1","floor":29.0},{"not_picked":["Blood for Blood","Evolve"],"picked":"Burning Pact+1","floor":30.0},{"not_picked":["Inflame+1","Bloodletting+1"],"picked":"Sentinel+1","floor":31.0},{"not_picked":["Barricade","Juggernaut"],"picked":"Impervious+1","floor":33.0},{"not_picked":["Shockwave+1","Infernal Blade+1"],"picked":"Double Tap+1","floor":35.0},{"not_picked":["Wild Strike+1","Thunderclap"],"picked":"Infernal Blade+1","floor":36.0},{"not_picked":["Searing Blow+1","Second Wind+1"],"picked":"Rage+1","floor":38.0},{"not_picked":["Heavy Blade","Immolate"],"picked":"Flex+1","floor":41.0},{"not_picked":["Pommel Strike","Heavy Blade+1"],"picked":"Rage+1","floor":45.0},{"not_picked":["Dropkick","Brutality"],"picked":"Ghostly Armor+1","floor":46.0},{"not_picked":["Perfected Strike","Havoc+1","Cleave+1"],"picked":"SKIP","floor":47.0},{"not_picked":["Iron Wave+1","Flex+1"],"picked":"Entrench+1","floor":48.0}],"player_experience":735131,"relics_obtained":[{"floor":6.0,"key":"The Courier"},{"floor":9.0,"key":"Letter Opener"},{"floor":10.0,"key":"Odd Mushroom"},{"floor":23.0,"key":"Bag of Marbles"},{"floor":26.0,"key":"Toxic Egg 2"},{"floor":31.0,"key":"Paper Frog"},{"floor":41.0,"key":"Torii"},{"floor":43.0,"key":"Mercury Hourglass"},{"floor":46.0,"key":"Pantograph"},{"floor":48.0,"key":"Pocketwatch"}],"event_choices":[{"damage_healed":0.0,"max_hp_gain":0.0,"max_hp_loss":0.0,"gold_gain":0.0,"event_name":"Big Fish","player_choice":"Box","floor":2.0,"gold_loss":0.0,"damage_taken":0.0,"relics_obtained":["Oddly Smooth Stone"],"cards_obtained":["Regret"]},{"cards_removed":["Regret"],"damage_healed":0.0,"max_hp_gain":0.0,"max_hp_loss":0.0,"gold_gain":0.0,"event_name":"The Cleric","player_choice":"Card Removal","floor":3.0,"gold_loss":50.0,"damage_taken":0.0},{"damage_healed":0.0,"max_hp_gain":0.0,"max_hp_loss":0.0,"gold_gain":0.0,"event_name":"Scrap Ooze","player_choice":"Success","floor":4.0,"gold_loss":0.0,"damage_taken":12.0,"relics_obtained":["Happy Flower"]},{"damage_healed":0.0,"max_hp_gain":0.0,"max_hp_loss":0.0,"gold_gain":0.0,"event_name":"Golden Idol","player_choice":"Take Wound","floor":5.0,"gold_loss":0.0,"damage_taken":0.0,"relics_obtained":["Golden Idol"],"cards_obtained":["Injury"]},{"damage_healed":0.0,"max_hp_gain":0.0,"max_hp_loss":0.0,"gold_gain":0.0,"event_name":"Mushrooms","player_choice":"Fought Mushrooms","floor":10.0,"gold_loss":0.0,"damage_taken":0.0},{"cards_removed":["Strike_R"],"damage_healed":0.0,"max_hp_gain":0.0,"max_hp_loss":0.0,"gold_gain":0.0,"event_name":"Bonfire Elementals","player_choice":"Offered Basic","floor":12.0,"gold_loss":0.0,"damage_taken":0.0},{"damage_healed":0.0,"max_hp_gain":0.0,"max_hp_loss":0.0,"gold_gain":0.0,"cards_transformed":["Strike_R","Strike_R"],"event_name":"Drug Dealer","player_choice":"Became Test Subject","floor":20.0,"gold_loss":0.0,"damage_taken":0.0,"cards_obtained":["Seeing Red","Uppercut"]},{"damage_healed":0.0,"max_hp_gain":0.0,"max_hp_loss":24.0,"gold_gain":0.0,"event_name":"Vampires","player_choice":"Became a vampire","floor":21.0,"gold_loss":0.0,"damage_taken":0.0,"cards_obtained":["Bite","Bite","Bite","Bite","Bite"]},{"damage_healed":0.0,"max_hp_gain":0.0,"max_hp_loss":0.0,"gold_gain":0.0,"event_name":"N\u0027loth","player_choice":"Traded Relic","floor":27.0,"relics_lost":["Letter Opener"],"gold_loss":0.0,"damage_taken":0.0,"relics_obtained":["Nloth\u0027s Gift"]},{"damage_healed":0.0,"max_hp_gain":0.0,"max_hp_loss":0.0,"gold_gain":0.0,"event_name":"Tomb of Lord Red Mask","player_choice":"Ignored","floor":37.0,"gold_loss":0.0,"damage_taken":0.0},{"damage_healed":0.0,"max_hp_gain":0.0,"max_hp_loss":0.0,"gold_gain":0.0,"event_name":"FaceTrader","player_choice":"Trade","floor":39.0,"gold_loss":0.0,"damage_taken":0.0,"relics_obtained":["FaceOfCleric"]}],"is_beta":false,"boss_relics":[{"not_picked":["Eternal Feather","Runic Pyramid"],"picked":"Orrery"},{"not_picked":["Black Star","Cursed Key"],"picked":"White Beast Statue"}],"items_purged_floors":[],"is_endless":false,"potions_floor_spawned":[1,6,8,10,14,18,28,29,33,35,36,38,41,45,46,47,48],"ascension_level":12}