{"gold_per_floor":[116,126,126,126,63,96,96,131,131,155,169,69,88,98,98,193,193,203,237,237,252,252,252,271,271,271,321,321,331,350,25,25,123,123,142,155,5,5,21,21,21,21,47,47,269,300,314,331,331,331],"floor_reached":51,"playtime":4486,"items_purged":["Pain","Strike_G","Writhe","Defend_G"],"score":735,"play_id":"d06fb091-6daa-41bd-890b-d3debd4acab1","local_time":"20181025182504","is_ascension_mode":false,"campfire_choices":[{"floor":7.0,"key":"REST"},{"floor":15.0,"key":"REST"},{"data":"Accuracy","floor":23.0,"key":"SMITH"},{"floor":28.0,"key":"REST"},{"data":"Neutralize","floor":32.0,"key":"SMITH"},{"data":"Burst","floor":40.0,"key":"SMITH"},{"data":"Backflip","floor":44,"key":"SMITH"},{"floor":49,"key":"REST"}],"neow_cost":"NONE","seed_source_timestamp":0,"circlet_count":0,"master_deck":["Defend_G","Defend_G","Defend_G","Strike_G","Strike_G","Survivor","Neutralize+1","Well Laid Plans","Deflect","Heel Hook+1","Cloak And Dagger","Backflip+1","Accuracy+1","Heel Hook+1","Burst+1","Backstab","Dramatic Entrance","Blade Dance","Parasite"],"special_seed":0,"relics":["Empty Cage","WarpedTongs","MawBank","Bottled Lightning","Boot","Pen Nib","Odd Mushroom","Runic Pyramid","Red Mask","Kunai","Vajra","Oddly Smooth Stone","DollysMirror","White Beast Statue","Calipers","Whetstone","FossilizedHelix"],"potions_floor_usage":[50,50],"damage_taken":[{"damage":2.0,"enemies":"Small Slimes","floor":1.0,"turns":6.0},{"damage":4.0,"enemies":"Cultist","floor":2.0,"turns":4.0},{"damage":28.0,"enemies":"Lagavulin","floor":6.0,"turns":10.0},{"damage":31.0,"enemies":"Gremlin Nob","floor":8.0,"turns":7.0},{"damage":8.0,"enemies":"The Mushroom Lair","floor":10.0,"turns":5.0},{"damage":1.0,"enemies":"Jaw Worm","floor":11.0,"turns":3.0},{"damage":6.0,"enemies":"Exordium Wildlife","floor":13.0,"turns":5.0},{"damage":0.0,"enemies":"3 Louse","floor":14.0,"turns":3.0},{"damage":6.0,"enemies":"The Guardian","floor":16.0,"turns":16.0},{"damage":0.0,"enemies":"Chosen","floor":18.0,"turns":6.0},{"damage":21.0,"enemies":"Masked Bandits","floor":19.0,"turns":8.0},{"damage":0.0,"enemies":"3 Byrds","floor":21.0,"turns":7.0},{"damage":6.0,"enemies":"Snake Plant","floor":24.0,"turns":7.0},{"damage":19.0,"enemies":"Sentry and Sphere","floor":29.0,"turns":9.0},{"damage":11.0,"enemies":"Snecko","floor":30.0,"turns":7.0},{"damage":0.0,"enemies":"Champ","floor":33.0,"turns":10.0},{"damage":0.0,"enemies":"3 Shapes","floor":35.0,"turns":6.0},{"damage":8.0,"enemies":"3 Darklings","floor":36.0,"turns":7.0},{"damage":0.0,"enemies":"Transient","floor":39.0,"turns":5.0},{"damage":12,"enemies":"Mind Bloom Boss Battle","floor":42,"turns":8},{"damage":0,"enemies":"Giant Head","floor":46,"turns":8},{"damage":16,"enemies":"Writhing Mass","floor":47,"turns":7},{"damage":9,"enemies":"3 Darklings","floor":48,"turns":5},{"damage":16,"enemies":"Time Eater","floor":50,"turns":17}],"seed_played":"1871960033620230095","potions_obtained":[{"floor":1.0,"key":"EssenceOfSteel"},{"floor":6.0,"key":"Dexterity Potion"},{"floor":8.0,"key":"Poison Potion"},{"floor":11.0,"key":"SmokeBomb"},{"floor":19.0,"key":"Poison Potion"},{"floor":29.0,"key":"SkillPotion"},{"floor":33.0,"key":"EntropicBrew"}],"is_trial":false,"path_per_floor":["M","M","?","T","$","E","R","E","T","?","M","$","M","M","R","B",null,"M","?","?","M","?","R","M","?","T","T","R","M","M","$","R","B",null,"M","M","$","?","M","R","?","?","T","R","?","E","M","M","R","B"],"character_chosen":"THE_SILENT","items_purchased":["DollysMirror"],"campfire_rested":4,"item_purchase_floors":[31],"current_hp_per_floor":[68,64,64,64,64,36,57,26,26,18,17,17,11,11,32,26,70,70,49,49,49,49,49,43,30,30,30,52,33,22,22,22,22,75,75,67,67,67,67,67,67,55,55,55,55,55,39,30,52,36],"gold":331,"neow_bonus":"BOSS_RELIC","is_prod":false,"is_daily":false,"chose_seed":false,"campfire_upgraded":4,"win_rate":0,"timestamp":1540517104,"path_taken":["M","M","?","?","?","E","R","E","T","?","M","$","M","?","R","BOSS","M","?","?","M","?","R","M","?","T","?","R","M","M","$","R","BOSS","M","M","$","?","M","R","?","?","T","R","?","E","?","M","R","BOSS"],"build_version":"2018-10-18","purchased_purges":4,"victory":true,"max_hp_per_floor":[70,70,70,70,70,70,70,70,70,70,70,70,70,70,70,70,70,70,70,70,70,70,70,70,75,75,75,75,75,75,75,75,75,75,75,75,75,75,75,75,75,75,75,75,75,75,75,75,75,75],"card_choices":[{"not_picked":["Dash","Bane"],"picked":"Well Laid Plans","floor":1.0},{"not_picked":["Terror","Flying Knee"],"picked":"Deflect","floor":2.0},{"not_picked":["Bane","Masterful Stab","Well Laid Plans"],"picked":"SKIP","floor":6.0},{"not_picked":["Noxious Fumes","Deadly Poison"],"picked":"Heel Hook","floor":8.0},{"not_picked":["Riddle With Holes","Poisoned Stab"],"picked":"Cloak And Dagger","floor":10.0},{"not_picked":["Expertise","Eviscerate","Choke"],"picked":"SKIP","floor":11.0},{"not_picked":["Prepared","Setup"],"picked":"Backflip","floor":13.0},{"not_picked":["Prepared","Bane","Deflect"],"picked":"SKIP","floor":14.0},{"not_picked":["Acrobatics+1","Reflex","Sucker Punch"],"picked":"SKIP","floor":18.0},{"not_picked":["Endless Agony+1","Poisoned Stab"],"picked":"Accuracy","floor":21.0},{"not_picked":["Expertise+1","Dash","Sucker Punch"],"picked":"SKIP","floor":24.0},{"not_picked":["Masterful Stab","Underhanded Strike","Choke"],"picked":"SKIP","floor":29.0},{"not_picked":["Bane","Envenom","Noxious Fumes"],"picked":"SKIP","floor":30.0},{"not_picked":["Venomology","Tools of the Trade"],"picked":"Burst","floor":33.0},{"not_picked":["Eviscerate","PiercingWail+1","Dagger Throw"],"picked":"SKIP","floor":35.0},{"not_picked":["Cloak And Dagger","Prepared+1"],"picked":"Backstab","floor":36.0},{"not_picked":["Discovery","Swift Strike"],"picked":"Dramatic Entrance","floor":38.0},{"not_picked":["Distraction+1","Deadly Poison","Acrobatics+1"],"picked":"SKIP","floor":39.0},{"not_picked":["Deflect+1","Outmaneuver"],"picked":"Blade Dance","floor":42},{"not_picked":["Footwork+1","Catalyst","Poisoned Stab"],"picked":"SKIP","floor":46},{"not_picked":["Quick Slash","Dodge and Roll+1","Escape Plan"],"picked":"SKIP","floor":47},{"not_picked":["Tactician+1","Choke+1","Eviscerate+1"],"picked":"SKIP","floor":48}],"player_experience":398185,"relics_obtained":[{"floor":4.0,"key":"MawBank"},{"floor":6.0,"key":"Bottled Lightning"},{"floor":8.0,"key":"Boot"},{"floor":9.0,"key":"Pen Nib"},{"floor":10.0,"key":"Odd Mushroom"},{"floor":19.0,"key":"Red Mask"},{"floor":26.0,"key":"Vajra"},{"floor":27.0,"key":"Oddly Smooth Stone"},{"floor":42,"key":"Calipers"},{"floor":43,"key":"Whetstone"},{"floor":46,"key":"FossilizedHelix"}],"event_choices":[{"damage_healed":0.0,"max_hp_gain":0.0,"max_hp_loss":0.0,"gold_gain":0.0,"event_name":"Accursed Blacksmith","player_choice":"Rummage","floor":3.0,"gold_loss":0.0,"damage_taken":0.0,"relics_obtained":["WarpedTongs"],"cards_obtained":["Pain"]},{"damage_healed":0.0,"max_hp_gain":0.0,"max_hp_loss":0.0,"gold_gain":0.0,"event_name":"Mushrooms","player_choice":"Fought Mushrooms","floor":10.0,"gold_loss":0.0,"damage_taken":0.0},{"damage_healed":0.0,"max_hp_gain":0.0,"max_hp_loss":0.0,"gold_gain":0.0,"event_name":"Masked Bandits","player_choice":"Fought Bandits","floor":19.0,"gold_loss":0.0,"damage_taken":0.0},{"damage_healed":0.0,"max_hp_gain":0.0,"max_hp_loss":0.0,"gold_gain":0.0,"event_name":"The Mausoleum","player_choice":"Opened","floor":20.0,"gold_loss":0.0,"damage_taken":0.0,"relics_obtained":["Kunai"],"cards_obtained":["Writhe"]},{"cards_removed":["Strike_G"],"damage_healed":0.0,"max_hp_gain":0.0,"max_hp_loss":0.0,"gold_gain":0.0,"event_name":"Purifier","player_choice":"Purged","floor":22.0,"gold_loss":0.0,"damage_taken":0.0},{"damage_healed":0.0,"max_hp_gain":5.0,"max_hp_loss":0.0,"gold_gain":0.0,"event_name":"Forgotten Altar","player_choice":"Shed Blood","floor":25.0,"gold_loss":0.0,"damage_taken":18.0},{"damage_healed":0.0,"max_hp_gain":0.0,"max_hp_loss":0.0,"gold_gain":0.0,"event_name":"SensoryStone","player_choice":"Memory 1","floor":38.0,"gold_loss":0.0,"damage_taken":0.0},{"damage_healed":0,"gold_gain":0,"player_choice":"Ignored","damage_taken":0,"max_hp_gain":0,"max_hp_loss":0,"event_name":"Mysterious Sphere","floor":41,"gold_loss":0},{"damage_healed":0,"gold_gain":0,"player_choice":"Fight","damage_taken":0,"max_hp_gain":0,"max_hp_loss":0,"event_name":"MindBloom","floor":42,"gold_loss":0},{"damage_healed":0,"gold_gain":222,"player_choice":"Wore Mask","damage_taken":0,"max_hp_gain":0,"max_hp_loss":0,"event_name":"Tomb of Lord Red Mask","floor":45,"gold_loss":0}],"is_beta":false,"boss_relics":[{"not_picked":["Ectoplasm","Pandora\u0027s Box"],"picked":"Runic Pyramid"},{"not_picked":["Snecko Eye","Black Star"],"picked":"White Beast Statue"}],"items_purged_floors":[5,12,31,37],"is_endless":false,"potions_floor_spawned":[1,6,8,11,19,24,29,33,35,36,39,42,46,47,48],"ascension_level":0}