{"gold_per_floor":[119,119,394,411,37,37,66,83,109,138,138,173,173,185,185,261,261,275,289,204,204,204,204,204,221,221,240,240,260,260,62,62,62],"floor_reached":33,"playtime":3546,"items_purged":["Regret"],"score":626,"play_id":"1254bc3d-c433-4c7f-b561-87b7b5ba91d9","local_time":"20190726130356","is_ascension_mode":true,"campfire_choices":[{"data":"Carnage","floor":6.0,"key":"SMITH"},{"data":"True Grit","floor":15.0,"key":"SMITH"},{"data":"Shockwave","floor":23.0,"key":"SMITH"},{"data":"Offering","floor":24.0,"key":"SMITH"},{"floor":28.0,"key":"REST"},{"data":"Apotheosis","floor":32.0,"key":"SMITH"}],"neow_cost":"TEN_PERCENT_HP_LOSS","seed_source_timestamp":666100790691475,"circlet_count":0,"master_deck":["AscendersBane","Strike_R","Strike_R","Defend_R","Defend_R+1","Defend_R","Defend_R","Bash+1","Anger+1","Carnage+1","Carnage","Spot Weakness","Iron Wave","True Grit+1","Shrug It Off","Shrug It Off+1","Offering+1","Heavy Blade","Shockwave+1","Combust","Flex+1","Battle Trance","Warcry+1","Immolate","Battle Trance","Apotheosis+1"],"special_seed":0,"relics":["Burning Blood","WingedGreaves","PreservedInsect","Lantern","Red Skull","Ornamental Fan","Bag of Marbles","Philosopher\u0027s Stone","War Paint","Prayer Wheel"],"potions_floor_usage":[],"damage_taken":[{"damage":7.0,"enemies":"Small Slimes","floor":1.0,"turns":3.0},{"damage":8.0,"enemies":"Jaw Worm","floor":4.0,"turns":4.0},{"damage":0.0,"enemies":"3 Sentries","floor":7.0,"turns":4.0},{"damage":0.0,"enemies":"Cultist","floor":8.0,"turns":2.0},{"damage":0.0,"enemies":"Gremlin Nob","floor":10.0,"turns":2.0},{"damage":19.0,"enemies":"Lagavulin","floor":12.0,"turns":4.0},{"damage":1.0,"enemies":"Blue Slaver","floor":14.0,"turns":3.0},{"damage":26.0,"enemies":"The Guardian","floor":16.0,"turns":9.0},{"damage":20.0,"enemies":"3 Byrds","floor":18.0,"turns":5.0},{"damage":3.0,"enemies":"Spheric Guardian","floor":19.0,"turns":3.0},{"damage":45.0,"enemies":"Cultist and Chosen","floor":25.0,"turns":5.0},{"damage":6.0,"enemies":"3 Cultists","floor":27.0,"turns":4.0},{"damage":7.0,"enemies":"Chosen and Byrds","floor":29.0,"turns":5.0},{"damage":41,"enemies":"Collector","floor":33,"turns":3}],"seed_played":"7080373595117573028","potions_obtained":[{"floor":4.0,"key":"Energy Potion"},{"floor":10.0,"key":"Ancient Potion"},{"floor":14.0,"key":"LiquidBronze"},{"floor":16.0,"key":"SteroidPotion"}],"is_trial":false,"path_per_floor":["M","?","?","M","$","R","E","M","T","E","?","E","?","M","R","B",null,"M","M","?","?","?","R","R","M","T","M","R","M","?","$","R","B"],"character_chosen":"IRONCLAD","items_purchased":["PreservedInsect","Carnage","Strength Potion","Apotheosis"],"campfire_rested":1,"item_purchase_floors":[5,5,5,31],"current_hp_per_floor":[67,47,47,45,45,45,51,57,57,63,63,50,50,55,55,35,60,46,49,49,49,49,49,49,10,10,10,30,29,29,29,29,0],"gold":62,"neow_bonus":"ONE_RARE_RELIC","is_prod":false,"is_daily":false,"chose_seed":false,"campfire_upgraded":5,"win_rate":0,"timestamp":1564160636,"path_taken":["M","?","?","M","$","R","E","?","T","E","?","E","?","M","R","BOSS","M","M","?","?","?","R","R","M","T","?","R","M","?","$","R","BOSS"],"build_version":"2019-07-17","purchased_purges":1,"victory":false,"max_hp_per_floor":[68,68,68,68,68,68,68,68,68,68,68,68,68,68,68,68,68,68,68,68,68,68,68,68,68,68,68,68,68,68,68,68,68],"card_choices":[{"not_picked":["Cleave","Sentinel"],"picked":"Anger","floor":1.0},{"not_picked":["Body Slam","Flex"],"picked":"Carnage","floor":4.0},{"not_picked":["Battle Trance","Dropkick"],"picked":"Spot Weakness","floor":7.0},{"not_picked":["Twin Strike","Pommel Strike"],"picked":"Iron Wave","floor":8.0},{"not_picked":["Warcry","Evolve"],"picked":"True Grit","floor":10.0},{"not_picked":["Reaper","Armaments"],"picked":"Shrug It Off","floor":12.0},{"not_picked":["Wild Strike","True Grit"],"picked":"Shrug It Off","floor":14.0},{"not_picked":["Double Tap","Demon Form"],"picked":"Offering","floor":16.0},{"not_picked":["Sword Boomerang","True Grit"],"picked":"Heavy Blade","floor":18.0},{"not_picked":["Carnage","Spot Weakness+1"],"picked":"Shockwave","floor":19.0},{"not_picked":["Anger","Thunderclap"],"picked":"Flex+1","floor":25.0},{"not_picked":["Sever Soul","Iron Wave"],"picked":"Battle Trance","floor":27.0},{"not_picked":["Cleave","Burning Pact+1"],"picked":"Warcry+1","floor":27.0},{"not_picked":["Perfected Strike","Clothesline"],"picked":"Immolate","floor":29.0},{"not_picked":["Shrug It Off","Thunderclap"],"picked":"Battle Trance","floor":29.0}],"player_experience":2515278,"relics_obtained":[{"floor":7.0,"key":"Lantern"},{"floor":9.0,"key":"Red Skull"},{"floor":10.0,"key":"Ornamental Fan"},{"floor":12.0,"key":"Bag of Marbles"},{"floor":26.0,"key":"Prayer Wheel"}],"event_choices":[{"damage_healed":0.0,"max_hp_gain":0.0,"max_hp_loss":0.0,"gold_gain":0.0,"event_name":"Shining Light","player_choice":"Entered Light","floor":2.0,"gold_loss":0.0,"damage_taken":20.0,"cards_upgraded":["Bash","Anger"]},{"damage_healed":0.0,"max_hp_gain":0.0,"max_hp_loss":0.0,"gold_gain":275.0,"event_name":"Golden Shrine","player_choice":"Desecrate","floor":3.0,"gold_loss":0.0,"damage_taken":0.0,"cards_obtained":["Regret"]},{"damage_healed":0.0,"max_hp_gain":0.0,"max_hp_loss":0.0,"gold_gain":0.0,"event_name":"Liars Game","player_choice":"Ignored","floor":11.0,"gold_loss":0.0,"damage_taken":0.0},{"cards_removed":["Strike_R"],"damage_healed":0.0,"max_hp_gain":0.0,"max_hp_loss":0.0,"gold_gain":0.0,"event_name":"Living Wall","player_choice":"Forget","floor":13.0,"gold_loss":0.0,"damage_taken":0.0},{"damage_healed":0.0,"max_hp_gain":0.0,"max_hp_loss":0.0,"gold_gain":0.0,"event_name":"Addict","player_choice":"Obtained Relic","floor":20.0,"gold_loss":85.0,"damage_taken":0.0,"relics_obtained":["War Paint"]},{"damage_healed":0.0,"max_hp_gain":0.0,"max_hp_loss":0.0,"gold_gain":0.0,"event_name":"Vampires","player_choice":"Ignored","floor":21.0,"gold_loss":0.0,"damage_taken":0.0},{"damage_healed":0.0,"max_hp_gain":0.0,"max_hp_loss":0.0,"gold_gain":0.0,"cards_transformed":["Strike_R"],"event_name":"Transmorgrifier","player_choice":"Transformed","floor":22.0,"gold_loss":0.0,"damage_taken":0.0,"cards_obtained":["Combust"]},{"cards_removed":["Strike_R"],"damage_healed":0.0,"max_hp_gain":0.0,"max_hp_loss":0.0,"gold_gain":0.0,"event_name":"Purifier","player_choice":"Purged","floor":30.0,"gold_loss":0.0,"damage_taken":0.0}],"is_beta":false,"boss_relics":[{"not_picked":["Mark of Pain","Snecko Eye"],"picked":"Philosopher\u0027s Stone"}],"items_purged_floors":[5],"is_endless":false,"potions_floor_spawned":[4,10,14,16,18,27,29],"killed_by":"Collector","ascension_level":20}