{"gold_per_floor":[115,190,140,159,178,213,388,117,144,204,204,217,217,242,242,346,346,361,361,114,114,125,158,158,175,175,200,200,216,66,85,85,188,188,208,208,208,208,51,86,86,96,121,121,221,221,249,268,268,268,268,268,72,72],"floor_reached":54,"playtime":2314,"items_purged":["Doubt","Strike_R","Strike_R"],"score":949,"play_id":"06b7c05d-66d2-4972-9d5a-101a21af6014","local_time":"20190707174812","is_ascension_mode":true,"campfire_choices":[{"data":"Uppercut","floor":11.0,"key":"SMITH"},{"data":"Armaments","floor":13.0,"key":"SMITH"},{"floor":15.0,"key":"DIG"},{"data":"Metallicize","floor":24.0,"key":"SMITH"},{"data":"Barricade","floor":28.0,"key":"SMITH"},{"floor":32.0,"key":"REST"},{"data":"Entrench","floor":41.0,"key":"SMITH"},{"floor":46,"key":"RECALL"},{"floor":49,"key":"REST"},{"floor":52,"key":"DIG"}],"neow_cost":"NONE","seed_source_timestamp":0,"circlet_count":0,"master_deck":["Strike_R","Strike_R","Defend_R","Defend_R","Defend_R","Defend_R","Bash+1","Armaments+1","Disarm","Uppercut+1","Headbutt","Metallicize+1","Double Tap","Barricade+1","Entrench+1","Flame Barrier","Shrug It Off+1","Spot Weakness","Warcry","Berserk","True Grit","Battle Trance+1","Limit Break","Entrench"],"special_seed":0,"relics":["Burning Blood","Oddly Smooth Stone","Orichalcum","Potion Belt","Shovel","Ornamental Fan","Bag of Preparation","Philosopher\u0027s Stone","Bag of Marbles","Enchiridion","Juzu Bracelet","Bottled Tornado","Dream Catcher","Bronze Scales","Runic Dome","Du-Vu Doll","Peace Pipe","Shuriken","Self Forming Clay"],"potions_floor_usage":[48],"damage_taken":[{"damage":7.0,"enemies":"Jaw Worm","floor":1.0,"turns":3.0},{"damage":7.0,"enemies":"Small Slimes","floor":4.0,"turns":5.0},{"damage":0.0,"enemies":"2 Louse","floor":5.0,"turns":5.0},{"damage":23.0,"enemies":"Gremlin Nob","floor":6.0,"turns":4.0},{"damage":18.0,"enemies":"3 Sentries","floor":10.0,"turns":9.0},{"damage":0.0,"enemies":"Looter","floor":12.0,"turns":3.0},{"damage":6.0,"enemies":"Lagavulin","floor":14.0,"turns":7.0},{"damage":9.0,"enemies":"The Guardian","floor":16.0,"turns":12.0},{"damage":10.0,"enemies":"Spheric Guardian","floor":18.0,"turns":5.0},{"damage":1.0,"enemies":"Shell Parasite","floor":22.0,"turns":5.0},{"damage":22.0,"enemies":"Slavers","floor":23.0,"turns":12.0},{"damage":10.0,"enemies":"Shelled Parasite and Fungi","floor":25.0,"turns":8.0},{"damage":14.0,"enemies":"Book of Stabbing","floor":27.0,"turns":6.0},{"damage":12.0,"enemies":"Chosen and Byrds","floor":29.0,"turns":9.0},{"damage":3.0,"enemies":"Snecko","floor":31.0,"turns":5.0},{"damage":21.0,"enemies":"Automaton","floor":33.0,"turns":17.0},{"damage":0.0,"enemies":"Orb Walker","floor":35.0,"turns":3.0},{"damage":0.0,"enemies":"Giant Head","floor":40.0,"turns":12.0},{"damage":30.0,"enemies":"3 Darklings","floor":42.0,"turns":8.0},{"damage":0.0,"enemies":"Mind Bloom Boss Battle","floor":45.0,"turns":9.0},{"damage":14,"enemies":"Nemesis","floor":47,"turns":11},{"damage":63,"enemies":"Jaw Worm Horde","floor":48,"turns":5},{"damage":19,"enemies":"Time Eater","floor":50,"turns":20},{"damage":72,"enemies":"Shield and Spear","floor":54,"turns":2}],"seed_played":"-5476090848023130919","potions_obtained":[{"floor":5.0,"key":"Energy Potion"},{"floor":6.0,"key":"EntropicBrew"},{"floor":12.0,"key":"Ancient Potion"},{"floor":23.0,"key":"Regen Potion"},{"floor":33.0,"key":"BloodPotion"},{"floor":47,"key":"Dexterity Potion"}],"is_trial":false,"path_per_floor":["M","?","?","M","M","E","?","$","T","?","R","M","R","E","R","B",null,"M","?","$","?","M","E","R","M","T","E","R","M","$","M","R","B",null,"M","?","?","?","$","E","R","M","T","?","?","R","E","M","R","B",null,"R","$","E"],"character_chosen":"IRONCLAD","items_purchased":["Orichalcum","Metallicize","Bag of Marbles","Bronze Scales","Berserk","GamblersBrew"],"campfire_rested":2,"item_purchase_floors":[8,8,20,30,39,53],"current_hp_per_floor":[79,68,68,67,73,56,56,56,56,44,44,50,50,50,50,47,72,68,68,68,52,57,41,41,37,37,29,29,23,23,26,50,35,69,75,75,75,75,75,76,76,52,52,52,58,58,50,12,34,21,62,62,62,0],"gold":72,"neow_bonus":"UPGRADE_CARD","is_prod":false,"is_daily":false,"chose_seed":false,"campfire_upgraded":5,"win_rate":0,"timestamp":1562510892,"path_taken":["M","?","?","M","M","E","?","$","T","?","R","M","R","E","R","BOSS","M","?","$","?","M","E","R","M","T","E","R","M","$","M","R","BOSS","M","?","?","?","$","E","R","M","T","?","?","R","E","M","R","BOSS","R","$","E"],"build_version":"2019-07-05","purchased_purges":3,"victory":false,"max_hp_per_floor":[80,80,80,80,80,80,80,80,80,80,80,80,80,80,80,80,80,80,80,80,80,80,80,80,80,80,80,80,80,80,80,80,80,80,80,80,80,76,76,76,76,76,76,76,76,76,76,76,76,76,76,76,76,76],"card_choices":[{"not_picked":["Heavy Blade","Combust"],"picked":"Armaments","floor":1.0},{"not_picked":["Flex","Clash"],"picked":"Disarm","floor":4.0},{"not_picked":["Sword Boomerang","Headbutt"],"picked":"Uppercut","floor":5.0},{"not_picked":["Evolve","Heavy Blade"],"picked":"Headbutt","floor":6.0},{"not_picked":["Armaments","Clash","Iron Wave"],"picked":"SKIP","floor":12.0},{"not_picked":["Blood for Blood","Perfected Strike"],"picked":"Double Tap","floor":14.0},{"not_picked":["Limit Break","Feed"],"picked":"Barricade","floor":16.0},{"not_picked":["Cleave+1","Carnage","Clothesline"],"picked":"SKIP","floor":18.0},{"not_picked":["Burning Pact","Evolve","Anger"],"picked":"SKIP","floor":22.0},{"not_picked":["Sever Soul","Thunderclap","Pommel Strike+1"],"picked":"SKIP","floor":23.0},{"not_picked":["Armaments","Havoc"],"picked":"Flame Barrier","floor":25.0},{"not_picked":["Havoc","Fiend Fire","Twin Strike"],"picked":"SKIP","floor":27.0},{"not_picked":["Sentinel","Twin Strike+1","Flex"],"picked":"SKIP","floor":29.0},{"not_picked":["Corruption+1","Havoc+1"],"picked":"Shrug It Off+1","floor":31.0},{"not_picked":["Shrug It Off","Iron Wave+1"],"picked":"Spot Weakness","floor":32.0},{"not_picked":["Thunderclap+1","Hemokinesis"],"picked":"Warcry","floor":35.0},{"not_picked":["Twin Strike","Iron Wave","Clash+1"],"picked":"SKIP","floor":40.0},{"not_picked":["Fire Breathing+1","Iron Wave+1"],"picked":"True Grit","floor":42.0},{"not_picked":["Power Through+1","Spot Weakness"],"picked":"Battle Trance+1","floor":45.0},{"not_picked":["Warcry","Havoc"],"picked":"Limit Break","floor":47},{"not_picked":["Hemokinesis","Heavy Blade"],"picked":"Entrench","floor":48}],"player_experience":1051881,"relics_obtained":[{"floor":6.0,"key":"Oddly Smooth Stone"},{"floor":9.0,"key":"Potion Belt"},{"floor":10.0,"key":"Shovel"},{"floor":14.0,"key":"Ornamental Fan"},{"floor":15.0,"key":"Bag of Preparation"},{"floor":21.0,"key":"Enchiridion"},{"floor":23.0,"key":"Juzu Bracelet"},{"floor":26.0,"key":"Bottled Tornado"},{"floor":27.0,"key":"Dream Catcher"},{"floor":40.0,"key":"Du-Vu Doll"},{"floor":45.0,"key":"Peace Pipe"},{"floor":47,"key":"Shuriken"},{"floor":52,"key":"Self Forming Clay"}],"event_choices":[{"damage_healed":0.0,"max_hp_gain":0.0,"max_hp_loss":0.0,"gold_gain":75.0,"event_name":"World of Goop","player_choice":"Gather Gold","floor":2.0,"gold_loss":0.0,"damage_taken":11.0},{"cards_removed":["Strike_R"],"damage_healed":0.0,"max_hp_gain":0.0,"max_hp_loss":0.0,"gold_gain":0.0,"event_name":"The Cleric","player_choice":"Card Removal","floor":3.0,"gold_loss":50.0,"damage_taken":0.0},{"damage_healed":0.0,"max_hp_gain":0.0,"max_hp_loss":0.0,"gold_gain":175.0,"event_name":"Liars Game","player_choice":"AGREE","floor":7.0,"gold_loss":0.0,"damage_taken":0.0,"cards_obtained":["Doubt"]},{"damage_healed":0.0,"max_hp_gain":0.0,"max_hp_loss":0.0,"gold_gain":0.0,"event_name":"Dead Adventurer","player_choice":"Searched \u00271\u0027 times","floor":10.0,"gold_loss":0.0,"damage_taken":0.0},{"damage_healed":0.0,"max_hp_gain":0.0,"max_hp_loss":0.0,"gold_gain":0.0,"event_name":"The Library","player_choice":"Read","floor":19.0,"gold_loss":0.0,"damage_taken":0.0,"cards_obtained":["Entrench"]},{"damage_healed":0.0,"max_hp_gain":0.0,"max_hp_loss":0.0,"gold_gain":0.0,"event_name":"Cursed Tome","player_choice":"Obtained Book","floor":21.0,"gold_loss":0.0,"damage_taken":16.0},{"damage_healed":0.0,"max_hp_gain":0.0,"max_hp_loss":0.0,"gold_gain":0.0,"event_name":"Tomb of Lord Red Mask","player_choice":"Ignored","floor":36.0,"gold_loss":0.0,"damage_taken":0.0},{"damage_healed":0.0,"max_hp_gain":0.0,"max_hp_loss":0.0,"gold_gain":0.0,"event_name":"Mysterious Sphere","player_choice":"Ignored","floor":37.0,"gold_loss":0.0,"damage_taken":0.0},{"damage_healed":0.0,"max_hp_gain":0.0,"max_hp_loss":4.0,"gold_gain":0.0,"event_name":"Winding Halls","player_choice":"Max HP","floor":38.0,"gold_loss":0.0,"damage_taken":0.0},{"damage_healed":0.0,"max_hp_gain":0.0,"max_hp_loss":0.0,"gold_gain":0.0,"event_name":"NoteForYourself","player_choice":"Ignored","floor":44.0,"gold_loss":0.0,"damage_taken":0.0},{"damage_healed":0.0,"max_hp_gain":0.0,"max_hp_loss":0.0,"gold_gain":0.0,"event_name":"MindBloom","player_choice":"Fight","floor":45.0,"gold_loss":0.0,"damage_taken":0.0}],"is_beta":false,"boss_relics":[{"not_picked":["Runic Cube","Astrolabe"],"picked":"Philosopher\u0027s Stone"},{"not_picked":["Black Blood","Cursed Key"],"picked":"Runic Dome"}],"items_purged_floors":[8,20,53],"is_endless":false,"potions_floor_spawned":[5,6,12,18,23,33,45,47],"killed_by":"Shield and Spear","ascension_level":5}