{"gold_per_floor":[119,69,69,80,93,93,127,146,221,221,221,221,235,38,38,38],"floor_reached":16,"playtime":510,"items_purged":["Strike_G"],"score":175,"play_id":"e6a58f9c-d6db-4ace-b3f7-28adaa94ce71","local_time":"20190620212437","is_ascension_mode":true,"campfire_choices":[{"data":"Cloak And Dagger","floor":6,"key":"SMITH"},{"floor":11,"key":"REST"},{"data":"Neutralize","floor":15,"key":"SMITH"}],"neow_cost":"NONE","seed_source_timestamp":48094802933471,"circlet_count":0,"master_deck":["AscendersBane","Defend_G","Defend_G+1","Defend_G","Defend_G","Defend_G+1","Strike_G","Strike_G","Strike_G","Strike_G","Survivor","Neutralize+1","Deflect","Poisoned Stab","Cloak And Dagger+1","Bane","Leg Sweep","Crippling Poison","Well Laid Plans","Sucker Punch"],"relics":["Ring of the Snake","Regal Pillow","Tingsha","Question Card","Golden Idol"],"potions_floor_usage":[7],"damage_taken":[{"damage":0,"enemies":"Jaw Worm","floor":1,"turns":5},{"damage":6,"enemies":"2 Louse","floor":4,"turns":4},{"damage":0,"enemies":"Small Slimes","floor":5,"turns":4},{"damage":25,"enemies":"Lagavulin","floor":7,"turns":8},{"damage":5,"enemies":"2 Fungi Beasts","floor":8,"turns":3},{"damage":1,"enemies":"Blue Slaver","floor":13,"turns":4},{"damage":47,"enemies":"Slime Boss","floor":16,"turns":9}],"seed_played":"8372663498924776341","potions_obtained":[{"floor":4,"key":"LiquidBronze"},{"floor":5,"key":"Ancient Potion"}],"is_trial":false,"path_per_floor":["M","$","?","M","M","R","E","M","T","?","R","?","M","$","R","B"],"character_chosen":"THE_SILENT","items_purchased":["Poisoned Stab","Well Laid Plans","Sucker Punch"],"campfire_rested":1,"item_purchase_floors":[2,14,14],"current_hp_per_floor":[59,59,39,33,33,33,8,3,3,3,36,36,35,35,35,0],"gold":38,"neow_bonus":"RANDOM_COMMON_RELIC","is_prod":false,"is_daily":false,"chose_seed":false,"campfire_upgraded":2,"win_rate":0,"timestamp":1561055077,"path_taken":["M","$","?","M","M","R","E","M","T","?","R","?","M","?","R","BOSS"],"build_version":"2019-01-23","purchased_purges":1,"victory":false,"max_hp_per_floor":[66,66,66,66,66,66,66,66,66,60,60,60,60,60,60,60],"card_choices":[{"not_picked":["Deadly Poison","Bane"],"picked":"Deflect","floor":1},{"not_picked":["Setup","Acrobatics"],"picked":"Cloak And Dagger","floor":4},{"not_picked":["Dodge and Roll","Deflect"],"picked":"Bane","floor":5},{"not_picked":["Storm of Steel","Poisoned Stab"],"picked":"Leg Sweep","floor":7},{"not_picked":["Slice","Poisoned Stab","Finisher"],"picked":"SKIP","floor":8},{"not_picked":["Slice","PiercingWail","Blade Dance"],"picked":"Crippling Poison","floor":13}],"player_experience":985576,"relics_obtained":[{"floor":7,"key":"Tingsha"},{"floor":9,"key":"Question Card"}],"event_choices":[{"damage_healed":0,"gold_gain":0,"player_choice":"Entered Light","damage_taken":20,"max_hp_gain":0,"max_hp_loss":0,"event_name":"Shining Light","floor":3,"gold_loss":0,"cards_upgraded":["Defend_G","Defend_G"]},{"damage_healed":0,"gold_gain":0,"player_choice":"Lose Max HP","damage_taken":0,"relics_obtained":["Golden Idol"],"max_hp_gain":0,"max_hp_loss":6,"event_name":"Golden Idol","floor":10,"gold_loss":0},{"damage_healed":0,"gold_gain":0,"player_choice":"Ignored","damage_taken":0,"max_hp_gain":0,"max_hp_loss":0,"event_name":"Liars Game","floor":12,"gold_loss":0}],"is_beta":false,"boss_relics":[],"items_purged_floors":[14],"is_endless":false,"potions_floor_spawned":[4,5],"killed_by":"Slime Boss","ascension_level":15}