{"gold_per_floor":[118,43,43,61,76,107,107,57,83,97,97,97,110,144,144,144],"floor_reached":16,"playtime":576,"items_purged":["Defend_R"],"score":110,"play_id":"cdfe7913-7b88-4329-ab2c-77cb39e5b477","local_time":"20190711230145","is_ascension_mode":false,"campfire_choices":[{"floor":7.0,"key":"RECALL"},{"data":"Bash","floor":12.0,"key":"SMITH"},{"floor":15,"key":"REST"}],"neow_cost":"NONE","seed_source_timestamp":14715465872114,"circlet_count":0,"master_deck":["Strike_R","Strike_R","Strike_R","Strike_R","Defend_R+1","Defend_R+1","Defend_R","Bash+1","Searing Blow"],"special_seed":0,"relics":["Burning Blood","Blood Vial","War Paint","Blue Candle"],"potions_floor_usage":[],"damage_taken":[{"damage":5.0,"enemies":"Cultist","floor":1.0,"turns":4.0},{"damage":10.0,"enemies":"Small Slimes","floor":4.0,"turns":3.0},{"damage":13.0,"enemies":"Jaw Worm","floor":5.0,"turns":3.0},{"damage":53.0,"enemies":"3 Sentries","floor":6.0,"turns":14.0},{"damage":4.0,"enemies":"Looter","floor":10.0,"turns":4.0},{"damage":7.0,"enemies":"Exordium Thugs","floor":13.0,"turns":6.0},{"damage":22,"enemies":"Gremlin Nob","floor":14,"turns":4},{"damage":37,"enemies":"The Guardian","floor":16,"turns":13}],"seed_played":"-3212722037093211173","potions_obtained":[{"floor":1.0,"key":"SneckoOil"},{"floor":4.0,"key":"Block Potion"},{"floor":10.0,"key":"Block Potion"}],"is_trial":false,"path_per_floor":["M","$","?","M","M","E","R","?","T","M","$","R","M","E","R","B"],"character_chosen":"IRONCLAD","items_purchased":[],"campfire_rested":1,"item_purchase_floors":[],"current_hp_per_floor":[80,80,72,70,65,20,20,20,20,24,24,24,25,11,35,0],"gold":144,"neow_bonus":"RANDOM_COMMON_RELIC","is_prod":false,"is_daily":false,"chose_seed":false,"campfire_upgraded":1,"win_rate":0,"timestamp":1562911305,"path_taken":["M","$","?","?","M","E","R","?","T","M","?","R","M","E","R","BOSS"],"build_version":"2019-07-05","purchased_purges":1,"victory":false,"max_hp_per_floor":[80,80,80,80,80,80,80,80,80,80,80,80,80,80,80,80],"card_choices":[{"not_picked":["Metallicize","Clothesline","Shockwave"],"picked":"SKIP","floor":1.0},{"not_picked":["Metallicize","Fire Breathing","Burning Pact"],"picked":"SKIP","floor":4.0},{"not_picked":["Pommel Strike","Metallicize","Headbutt"],"picked":"SKIP","floor":5.0},{"not_picked":["Headbutt","Sword Boomerang","Thunderclap"],"picked":"SKIP","floor":6.0},{"not_picked":["Clothesline","Rupture","Headbutt"],"picked":"SKIP","floor":10.0},{"not_picked":["Havoc","Bludgeon","Iron Wave"],"picked":"SKIP","floor":13.0},{"not_picked":["Body Slam","Anger"],"picked":"Searing Blow","floor":14}],"player_experience":558616,"relics_obtained":[{"floor":6.0,"key":"War Paint"},{"floor":14,"key":"Blue Candle"}],"event_choices":[{"damage_healed":0.0,"max_hp_gain":0.0,"max_hp_loss":0.0,"gold_gain":0.0,"event_name":"Wheel of Change","player_choice":"Damaged","floor":3.0,"gold_loss":0.0,"damage_taken":8.0},{"cards_removed":["Strike_R"],"damage_healed":0.0,"max_hp_gain":0.0,"max_hp_loss":0.0,"gold_gain":0.0,"event_name":"The Cleric","player_choice":"Card Removal","floor":8.0,"gold_loss":50.0,"damage_taken":0.0}],"is_beta":false,"boss_relics":[],"items_purged_floors":[2],"is_endless":false,"potions_floor_spawned":[1,4,10],"killed_by":"The Guardian","ascension_level":0}