{"gold_per_floor":[213,232,67,87,87,87,118,133,159,192,209,209,226,236,236,236],"floor_reached":16,"playtime":1320,"items_purged":[],"score":120,"play_id":"70a8bb33-80e1-4a85-9dd4-00b3b264fe05","local_time":"20190713214325","is_ascension_mode":true,"campfire_choices":[{"data":"Bash","floor":6,"key":"SMITH"},{"floor":12,"key":"REST"},{"floor":15,"key":"REST"}],"neow_cost":"NONE","seed_source_timestamp":44810780183025,"circlet_count":0,"master_deck":["Strike_R","Strike_R","Strike_R","Strike_R","Strike_R","Defend_R","Defend_R","Defend_R","Defend_R","Bash+1","Havoc","Clothesline","Chrysalis","Pommel Strike","Pommel Strike","True Grit","Rampage","Anger","Warcry"],"relics":["Burning Blood","CultistMask","Anchor","PreservedInsect","Bag of Marbles"],"potions_floor_usage":[16,16],"damage_taken":[{"damage":5,"enemies":"Cultist","floor":1,"turns":4},{"damage":6,"enemies":"Jaw Worm","floor":2,"turns":3},{"damage":3,"enemies":"2 Louse","floor":4,"turns":4},{"damage":16,"enemies":"Lagavulin","floor":7,"turns":7},{"damage":0,"enemies":"Looter","floor":8,"turns":2},{"damage":71,"enemies":"Gremlin Nob","floor":10,"turns":6},{"damage":1,"enemies":"Lots of Slimes","floor":11,"turns":4},{"damage":13,"enemies":"Large Slime","floor":13,"turns":4},{"damage":13,"enemies":"Gremlin Gang","floor":14,"turns":5},{"damage":54,"enemies":"The Guardian","floor":16,"turns":14}],"seed_played":"-3858646579245111512","potions_obtained":[{"floor":2,"key":"LiquidBronze"},{"floor":11,"key":"Weak Potion"},{"floor":14,"key":"EssenceOfSteel"}],"is_trial":false,"path_per_floor":["M","M","$","M","?","R","E","M","T","E","M","R","M","M","R","B"],"character_chosen":"IRONCLAD","items_purchased":["Chrysalis"],"campfire_rested":2,"item_purchase_floors":[3],"current_hp_per_floor":[80,80,80,80,80,80,70,76,76,11,16,40,33,26,50,0],"gold":236,"neow_bonus":"HUNDRED_GOLD","is_prod":false,"is_daily":false,"chose_seed":false,"campfire_upgraded":1,"win_rate":0,"timestamp":1563047005,"path_taken":["M","M","$","?","?","R","E","M","T","E","M","R","M","?","R","BOSS"],"build_version":"2019-07-05","purchased_purges":0,"victory":false,"max_hp_per_floor":[80,80,80,80,80,80,80,80,80,80,80,80,80,80,80,80],"card_choices":[{"not_picked":["Armaments","Iron Wave"],"picked":"Havoc","floor":1},{"not_picked":["True Grit","Dual Wield"],"picked":"Clothesline","floor":2},{"not_picked":["Cleave","Burning Pact"],"picked":"Pommel Strike","floor":4},{"not_picked":["Sever Soul","Double Tap"],"picked":"Pommel Strike","floor":7},{"not_picked":["Havoc","Pummel"],"picked":"True Grit","floor":8},{"not_picked":["True Grit","Bloodletting"],"picked":"Rampage","floor":10},{"not_picked":["Perfected Strike","Iron Wave"],"picked":"Anger","floor":11},{"not_picked":["Reckless Charge","Havoc"],"picked":"Warcry","floor":13},{"not_picked":["Twin Strike","Anger","Burning Pact"],"picked":"SKIP","floor":14}],"player_experience":449628,"relics_obtained":[{"floor":7,"key":"Anchor"},{"floor":9,"key":"PreservedInsect"},{"floor":10,"key":"Bag of Marbles"}],"event_choices":[{"damage_healed":0,"gold_gain":0,"player_choice":"Trade","damage_taken":0,"relics_obtained":["CultistMask"],"max_hp_gain":0,"max_hp_loss":0,"event_name":"FaceTrader","floor":5,"gold_loss":0}],"is_beta":false,"boss_relics":[],"items_purged_floors":[],"is_endless":false,"potions_floor_spawned":[2,11,14],"killed_by":"The Guardian","ascension_level":1}