{"gold_per_floor":[118,128,11,11,11,45,45,71,144,154,154,154,182,200,200,274,274,174,186,199,199,214,214,247,247,297,297,330,330],"floor_reached":29,"playtime":1538,"items_purged":["Strike_G"],"score":593,"play_id":"8b046b5f-efcc-47a3-9547-22c116fad4ee","local_time":"20190730141200","is_ascension_mode":true,"campfire_choices":[{"data":"Noxious Fumes","floor":7.0,"key":"SMITH"},{"data":"Tools of the Trade","floor":15.0,"key":"SMITH"},{"floor":23.0,"key":"REST"},{"data":"Prepared","floor":25.0,"key":"SMITH"}],"neow_cost":"NONE","seed_source_timestamp":100687695207037,"circlet_count":0,"master_deck":["AscendersBane","Defend_G","Defend_G","Defend_G","Defend_G","Defend_G","Survivor","Neutralize+1","Leg Sweep","Noxious Fumes+1","Regret","Footwork","Crippling Poison","Well Laid Plans","Tools of the Trade+1","PiercingWail","Grand Finale","Dagger Throw","Prepared+1","Dagger Throw+1","Injury","Bite","Bite","Bite","Bite","Bite","Footwork"],"special_seed":0,"relics":["Ring of the Snake","NeowsBlessing","PreservedInsect","Whetstone","The Specimen","Pantograph","Blue Candle","Shuriken","Cursed Key","FaceOfCleric","Pear","Art of War","Red Mask"],"potions_floor_usage":[],"damage_taken":[{"damage":0.0,"enemies":"Jaw Worm","floor":1.0,"turns":1.0},{"damage":0.0,"enemies":"Small Slimes","floor":2.0,"turns":1.0},{"damage":3.0,"enemies":"3 Sentries","floor":6.0,"turns":2.0},{"damage":1.0,"enemies":"Lagavulin","floor":8.0,"turns":8.0},{"damage":5.0,"enemies":"Cultist","floor":10.0,"turns":4.0},{"damage":14.0,"enemies":"Gremlin Nob","floor":13.0,"turns":4.0},{"damage":6.0,"enemies":"Large Slime","floor":14.0,"turns":7.0},{"damage":11.0,"enemies":"The Guardian","floor":16.0,"turns":12.0},{"damage":7.0,"enemies":"2 Thieves","floor":18.0,"turns":5.0},{"damage":23.0,"enemies":"3 Byrds","floor":19.0,"turns":5.0},{"damage":13.0,"enemies":"Centurion and Healer","floor":20.0,"turns":7.0},{"damage":10.0,"enemies":"Snake Plant","floor":22.0,"turns":7.0},{"damage":7.0,"enemies":"Gremlin Leader","floor":24.0,"turns":7.0},{"damage":9.0,"enemies":"Masked Bandits","floor":28.0,"turns":3.0},{"damage":38,"enemies":"Slavers","floor":29,"turns":3}],"seed_played":"479376007154082568","potions_obtained":[{"floor":2.0,"key":"SpeedPotion"},{"floor":8.0,"key":"SneckoOil"},{"floor":20.0,"key":"GhostInAJar"},{"floor":24.0,"key":"GamblersBrew"}],"is_trial":false,"path_per_floor":["M","M","$","?","?","E","R","E","T","M","?","$","E","M","R","B",null,"M","M","M","?","M","R","E","R","T","?","?","E"],"character_chosen":"THE_SILENT","items_purchased":["Noxious Fumes"],"campfire_rested":1,"item_purchase_floors":[3],"current_hp_per_floor":[59,59,59,39,39,36,36,35,35,30,30,30,16,10,10,24,56,49,26,13,13,4,24,28,28,28,28,30,0],"gold":330,"neow_bonus":"THREE_ENEMY_KILL","is_prod":false,"is_daily":false,"chose_seed":false,"campfire_upgraded":3,"win_rate":0,"timestamp":1564521120,"path_taken":["M","M","$","?","?","E","R","E","T","M","?","$","E","M","R","BOSS","M","?","M","?","?","R","E","R","T","?","?","E"],"build_version":"2019-07-17","purchased_purges":1,"victory":false,"max_hp_per_floor":[66,66,66,66,66,66,66,66,66,66,66,66,66,66,66,66,66,66,66,66,66,67,67,78,78,78,54,55,55],"card_choices":[{"not_picked":["Prepared","Quick Slash"],"picked":"Leg Sweep","floor":1.0},{"not_picked":["Flying Knee","Poisoned Stab","Bane"],"picked":"SKIP","floor":2.0},{"not_picked":["Bane","Sucker Punch"],"picked":"Footwork","floor":6.0},{"not_picked":["Backflip","Finisher"],"picked":"Crippling Poison","floor":8.0},{"not_picked":["Bane","Acrobatics"],"picked":"Well Laid Plans","floor":10.0},{"not_picked":["Outmaneuver","Finisher"],"picked":"Tools of the Trade","floor":13.0},{"not_picked":["Cloak And Dagger","Dash"],"picked":"PiercingWail","floor":14.0},{"not_picked":["Glass Knife","Die Die Die"],"picked":"Grand Finale","floor":16.0},{"not_picked":["Flying Knee","Dodge and Roll"],"picked":"Dagger Throw","floor":18.0},{"not_picked":["Expertise","Slice","Endless Agony"],"picked":"SKIP","floor":19.0},{"not_picked":["Setup","Prepared","Underhanded Strike"],"picked":"SKIP","floor":20.0},{"not_picked":["Deadly Poison","Well Laid Plans"],"picked":"Prepared","floor":22.0},{"not_picked":["Bane","Blade Dance"],"picked":"Dagger Throw+1","floor":24.0},{"not_picked":["Deadly Poison","Flying Knee"],"picked":"Footwork","floor":28.0}],"player_experience":693056,"relics_obtained":[{"floor":6.0,"key":"Whetstone"},{"floor":8.0,"key":"The Specimen"},{"floor":9.0,"key":"Pantograph"},{"floor":11.0,"key":"Blue Candle"},{"floor":13.0,"key":"Shuriken"},{"floor":24.0,"key":"Pear"},{"floor":26.0,"key":"Art of War"},{"floor":28.0,"key":"Red Mask"}],"event_choices":[{"damage_healed":0.0,"max_hp_gain":0.0,"max_hp_loss":0.0,"gold_gain":0.0,"event_name":"Shining Light","player_choice":"Entered Light","floor":4.0,"gold_loss":0.0,"damage_taken":20.0,"cards_upgraded":["Strike_G","Strike_G"]},{"damage_healed":0.0,"max_hp_gain":0.0,"max_hp_loss":0.0,"gold_gain":0.0,"event_name":"Big Fish","player_choice":"Box","floor":5.0,"gold_loss":0.0,"damage_taken":0.0,"relics_obtained":["PreservedInsect"],"cards_obtained":["Regret"]},{"damage_healed":0.0,"max_hp_gain":0.0,"max_hp_loss":0.0,"gold_gain":0.0,"event_name":"Wheel of Change","player_choice":"Relic","floor":11.0,"gold_loss":0.0,"damage_taken":0.0},{"damage_healed":0.0,"max_hp_gain":0.0,"max_hp_loss":0.0,"gold_gain":0.0,"event_name":"FaceTrader","player_choice":"Trade","floor":21.0,"gold_loss":0.0,"damage_taken":0.0,"relics_obtained":["FaceOfCleric"]},{"damage_healed":0.0,"max_hp_gain":0.0,"max_hp_loss":24.0,"gold_gain":0.0,"event_name":"Vampires","player_choice":"Became a vampire","floor":27.0,"gold_loss":0.0,"damage_taken":0.0,"cards_obtained":["Bite","Bite","Bite","Bite","Bite"]},{"damage_healed":0.0,"max_hp_gain":0.0,"max_hp_loss":0.0,"gold_gain":0.0,"event_name":"Masked Bandits","player_choice":"Fought Bandits","floor":28.0,"gold_loss":0.0,"damage_taken":0.0}],"is_beta":false,"boss_relics":[{"not_picked":["Astrolabe","Coffee Dripper"],"picked":"Cursed Key"}],"items_purged_floors":[3],"is_endless":false,"potions_floor_spawned":[2,8,20,24],"killed_by":"Slavers","ascension_level":20}