{"gold_per_floor":[113,125,125,125,125,157,157,82,130,143,155,155,170,185,185,290,340,360,360,360,374,2,31,31,31,111,12,12,30,44,56,56,56],"floor_reached":33,"playtime":1617,"items_purged":["Dagger Throw","Endless Agony"],"score":292,"play_id":"8cc493d2-5290-4995-b7fd-448c62adc3b6","local_time":"20181018174055","is_ascension_mode":false,"campfire_choices":[{"data":"Accuracy","floor":7.0,"key":"SMITH"},{"data":"Neutralize","floor":12.0,"key":"SMITH"},{"data":"Accuracy","floor":15.0,"key":"SMITH"},{"floor":32,"key":"REST"}],"neow_cost":"NONE","seed_source_timestamp":0,"circlet_count":0,"master_deck":["Survivor","Neutralize+1","Slice","Underhanded Strike","Dagger Throw+1","Deflect","Blade Dance","Catalyst","Deadly Poison","Blur","Accuracy+1","Blur","Heel Hook","Accuracy+1","Blade Dance","Blade Dance+1","Backflip+1","Blur","Footwork"],"special_seed":0,"relics":["Pandora\u0027s Box","Letter Opener","Prayer Wheel","Potion Belt","Tiny House","Blue Candle","Lee\u0027s Waffle","Oddly Smooth Stone","Tiny Chest"],"potions_floor_usage":[30,30,30,33],"damage_taken":[{"damage":0.0,"enemies":"Small Slimes","floor":1.0,"turns":2.0},{"damage":1.0,"enemies":"2 Louse","floor":2.0,"turns":2.0},{"damage":6.0,"enemies":"3 Sentries","floor":6.0,"turns":6.0},{"damage":0.0,"enemies":"Jaw Worm","floor":10.0,"turns":2.0},{"damage":0.0,"enemies":"Blue Slaver","floor":11.0,"turns":3.0},{"damage":1.0,"enemies":"2 Fungi Beasts","floor":13.0,"turns":5.0},{"damage":4.0,"enemies":"Lots of Slimes","floor":14.0,"turns":2.0},{"damage":5.0,"enemies":"Slime Boss","floor":16.0,"turns":7.0},{"damage":10.0,"enemies":"2 Thieves","floor":18.0,"turns":4.0},{"damage":0.0,"enemies":"Spheric Guardian","floor":21.0,"turns":3.0},{"damage":54.0,"enemies":"Slavers","floor":23.0,"turns":4.0},{"damage":8.0,"enemies":"Snake Plant","floor":29.0,"turns":5.0},{"damage":0,"enemies":"Centurion and Healer","floor":30,"turns":4},{"damage":5,"enemies":"Shelled Parasite and Fungi","floor":31,"turns":7},{"damage":36,"enemies":"Collector","floor":33,"turns":7}],"seed_played":"2215986726241474846","potions_obtained":[{"floor":1.0,"key":"PowerPotion"},{"floor":10.0,"key":"Weak Potion"},{"floor":13.0,"key":"Energy Potion"},{"floor":14.0,"key":"GhostInAJar"},{"floor":16.0,"key":"Dexterity Potion"},{"floor":17.0,"key":"EssenceOfSteel"},{"floor":18.0,"key":"SkillPotion"},{"floor":21.0,"key":"SteroidPotion"},{"floor":29.0,"key":"PowerPotion"}],"is_trial":false,"path_per_floor":["M","M","?","?","?","E","R","$","T","M","M","R","M","M","R","B",null,"M","?","?","M","$","E","?","$","T","$","?","M","M","M","R"],"character_chosen":"THE_SILENT","items_purchased":["Lee\u0027s Waffle","GhostInAJar","FairyPotion"],"campfire_rested":1,"item_purchase_floors":[22,22,27],"current_hp_per_floor":[70,69,62,62,62,56,56,56,56,56,56,56,55,51,51,46,75,65,65,65,65,82,28,28,28,28,28,12,4,4,8,34,0],"gold":56,"neow_bonus":"BOSS_RELIC","is_prod":false,"is_daily":false,"chose_seed":false,"campfire_upgraded":3,"win_rate":0,"timestamp":1539909655,"path_taken":["M","M","?","?","?","E","R","?","T","M","?","R","M","M","R","BOSS","M","?","?","?","?","E","?","$","T","$","?","M","M","M","R","BOSS"],"build_version":"2018-10-11","purchased_purges":2,"victory":false,"max_hp_per_floor":[70,70,70,70,70,70,70,70,70,70,70,70,70,70,70,70,75,75,75,75,75,82,82,82,82,82,82,87,87,87,87,87,87],"card_choices":[{"not_picked":["Well Laid Plans","Poisoned Stab"],"picked":"Blur","floor":1.0},{"not_picked":["Slice","Flechettes"],"picked":"Accuracy","floor":2.0},{"not_picked":["Cloak And Dagger","Glass Knife"],"picked":"Blur","floor":6.0},{"not_picked":["Noxious Fumes","Leg Sweep"],"picked":"Heel Hook","floor":10.0},{"not_picked":["Backstab","Flying Knee","Deadly Poison"],"picked":"SKIP","floor":10.0},{"not_picked":["Underhanded Strike","Quick Slash","Poisoned Stab"],"picked":"SKIP","floor":11.0},{"not_picked":["Cloak And Dagger","Deadly Poison","Deflect"],"picked":"SKIP","floor":11.0},{"not_picked":["PiercingWail","Poisoned Stab","Dagger Spray"],"picked":"SKIP","floor":13.0},{"not_picked":["Choke","Escape Plan","After Image"],"picked":"SKIP","floor":13.0},{"not_picked":["Choke","Dagger Throw"],"picked":"Accuracy","floor":14.0},{"not_picked":["Bouncing Flask","PiercingWail","Outmaneuver"],"picked":"SKIP","floor":14.0},{"not_picked":["Catalyst","Calculated Gamble"],"picked":"Blade Dance","floor":17.0},{"not_picked":["Poisoned Stab","Terror"],"picked":"Blade Dance+1","floor":18.0},{"not_picked":["Poisoned Stab+1","Dagger Spray+1","Bane"],"picked":"SKIP","floor":18.0},{"not_picked":["Dagger Spray+1","Poisoned Stab"],"picked":"Backflip+1","floor":21.0},{"not_picked":["Eviscerate","Choke","Prepared"],"picked":"SKIP","floor":21.0},{"not_picked":["Flechettes","Die Die Die","Deadly Poison"],"picked":"SKIP","floor":23.0},{"not_picked":["Deadly Poison+1","All Out Attack+1","Riddle With Holes+1"],"picked":"SKIP","floor":29.0},{"not_picked":["Sucker Punch","Backflip","Slice"],"picked":"SKIP","floor":29.0},{"not_picked":["Bane+1","Backflip"],"picked":"Blur","floor":30},{"not_picked":["Catalyst","Prepared+1"],"picked":"Footwork","floor":30},{"not_picked":["Endless Agony+1","Envenom","Acrobatics+1"],"picked":"SKIP","floor":31},{"not_picked":["Caltrops","Flying Knee+1","Dagger Spray"],"picked":"SKIP","floor":31}],"player_experience":388645,"relics_obtained":[{"floor":6.0,"key":"Prayer Wheel"},{"floor":9.0,"key":"Potion Belt"},{"floor":23.0,"key":"Oddly Smooth Stone"},{"floor":26.0,"key":"Tiny Chest"}],"event_choices":[{"event_name":"Scrap Ooze","player_choice":"success","floor":3.0,"damage_taken":7.0},{"event_name":"Liars Game","player_choice":"disagreed","floor":4.0,"damage_taken":0.0},{"event_name":"Living Wall","player_choice":"Forget","floor":5.0,"damage_taken":0.0},{"event_name":"WeMeetAgain","player_choice":"Potion","floor":19.0,"damage_taken":0.0},{"event_name":"Ghosts","player_choice":"Ignored","floor":20.0,"damage_taken":0.0},{"event_name":"Vampires","player_choice":"Ignored","floor":24.0,"damage_taken":0.0},{"event_name":"Forgotten Altar","player_choice":"Shed Blood","floor":28.0,"damage_taken":0.0}],"is_beta":false,"boss_relics":[{"not_picked":["Calling Bell","Sozu"],"picked":"Tiny House"}],"items_purged_floors":[8,22],"is_endless":false,"potions_floor_spawned":[1,10,13,14,16,18,21,29],"killed_by":"Collector","ascension_level":0}