{"gold_per_floor":[117,117,117,192,207,207,14,14,88,101,101,116,149,0,0,123,123,141,44,62,82,82,116,116,149,149,149,173,212,212,67,67,188,188,206,206,224,23,47,47,83,83,83,44,44,103,143,166,166,166],"floor_reached":51,"playtime":1378,"items_purged":["Strike_R","Strike_R"],"score":1093,"play_id":"fda76051-469a-4373-a8e7-ec253e1ddb7a","local_time":"20190111172733","is_ascension_mode":true,"campfire_choices":[{"data":"Flame Barrier","floor":6.0,"key":"SMITH"},{"floor":8.0,"key":"REST"},{"data":"Strike_R","floor":11.0,"key":"SMITH"},{"data":"Twin Strike","floor":15.0,"key":"SMITH"},{"floor":24.0,"key":"REST"},{"data":"Armaments","floor":27.0,"key":"SMITH"},{"floor":30.0,"key":"REST"},{"data":"Immolate","floor":32.0,"key":"SMITH"},{"data":"Heavy Blade","floor":40.0,"key":"SMITH"},{"data":"Double Tap","floor":45.0,"key":"SMITH"},{"floor":49.0,"key":"REST"}],"neow_cost":"NONE","seed_source_timestamp":106060563915777,"circlet_count":0,"master_deck":["Strike_R+1","Strike_R","Strike_R","Defend_R","Defend_R","Defend_R","Defend_R","Bash+1","Flame Barrier+1","Twin Strike+1","Offering","Offering","Flame Barrier","Pummel","Armaments+1","True Grit","Twin Strike+1","Heavy Blade+1","Corruption+1","Shrug It Off","Clothesline","Fire Breathing+1","Immolate+1","Double Tap+1","Sword Boomerang","Flame Barrier","Uppercut"],"special_seed":0,"relics":["Burning Blood","NeowsBlessing","Golden Idol","Brimstone","Ornamental Fan","Regal Pillow","Orrery","MutagenicStrength","Bag of Preparation","Happy Flower","Sundial","Meat on the Bone","Busted Crown","Dream Catcher","Singing Bowl","FossilizedHelix","Toxic Egg 2"],"potions_floor_usage":[50,50,50],"damage_taken":[{"damage":0.0,"enemies":"Small Slimes","floor":1.0,"turns":1.0},{"damage":0.0,"enemies":"2 Louse","floor":5.0,"turns":1.0},{"damage":0.0,"enemies":"Jaw Worm","floor":10.0,"turns":1.0},{"damage":4.0,"enemies":"Blue Slaver","floor":12.0,"turns":3.0},{"damage":18.0,"enemies":"Gremlin Nob","floor":13.0,"turns":3.0},{"damage":6.0,"enemies":"Slime Boss","floor":16.0,"turns":3.0},{"damage":28.0,"enemies":"2 Thieves","floor":18.0,"turns":3.0},{"damage":7.0,"enemies":"Shell Parasite","floor":20.0,"turns":3.0},{"damage":15.0,"enemies":"Centurion and Healer","floor":21.0,"turns":4.0},{"damage":12.0,"enemies":"Book of Stabbing","floor":23.0,"turns":3.0},{"damage":33.0,"enemies":"Slavers","floor":25.0,"turns":3.0},{"damage":15.0,"enemies":"Snecko","floor":28.0,"turns":3.0},{"damage":12.0,"enemies":"Gremlin Leader","floor":29.0,"turns":4.0},{"damage":39.0,"enemies":"Automaton","floor":33.0,"turns":6.0},{"damage":10.0,"enemies":"3 Darklings","floor":35.0,"turns":3.0},{"damage":0.0,"enemies":"3 Shapes","floor":37.0,"turns":3.0},{"damage":12.0,"enemies":"Maw","floor":39.0,"turns":5.0},{"damage":41.0,"enemies":"Nemesis","floor":41.0,"turns":5.0},{"damage":6.0,"enemies":"2 Orb Walkers","floor":46.0,"turns":2.0},{"damage":9.0,"enemies":"Giant Head","floor":47.0,"turns":5.0},{"damage":0.0,"enemies":"3 Darklings","floor":48.0,"turns":1.0},{"damage":61,"enemies":"Time Eater","floor":50,"turns":8}],"seed_played":"3240433629966676806","potions_obtained":[{"floor":1.0,"key":"BloodPotion"},{"floor":10.0,"key":"SkillPotion"},{"floor":16.0,"key":"Block Potion"},{"floor":33.0,"key":"Explosive Potion"},{"floor":41.0,"key":"Block Potion"},{"floor":48.0,"key":"Swift Potion"}],"is_trial":false,"path_per_floor":["M","?","?","?","M","R","$","R","T","M","R","M","E","$","R","B",null,"M","$","M","M","?","E","R","E","T","R","M","E","R","$","R","B",null,"M","?","M","$","M","R","E","$","T","$","R","?","E","M","R","B",null],"character_chosen":"IRONCLAD","items_purchased":["Brimstone","Offering","Heavy Blade","Immolate","Sword Boomerang","Flame Barrier","Uppercut"],"campfire_rested":4,"item_purchase_floors":[7,14,19,31,38,38,44],"current_hp_per_floor":[80,80,60,49,55,55,55,79,79,80,80,80,68,68,68,68,77,55,55,54,45,45,39,78,51,51,51,42,36,75,75,75,54,74,70,80,80,80,74,74,51,51,51,51,51,53,52,60,88,53],"gold":166,"neow_bonus":"THREE_ENEMY_KILL","is_prod":false,"is_daily":false,"chose_seed":false,"campfire_upgraded":7,"win_rate":0,"timestamp":1547216853,"path_taken":["M","?","?","?","M","R","$","R","T","?","R","M","E","$","R","BOSS","M","$","M","M","?","E","R","E","T","R","M","E","R","$","R","BOSS","M","?","M","$","M","R","E","?","T","$","R","?","E","M","R","BOSS"],"build_version":"2019-01-10","purchased_purges":2,"victory":true,"max_hp_per_floor":[80,80,80,80,80,80,80,80,80,80,80,80,80,80,80,80,80,80,80,80,80,80,80,80,80,80,80,80,80,80,80,80,80,80,80,80,80,80,80,80,80,80,80,80,80,82,84,86,88,88],"card_choices":[{"not_picked":["Evolve","Perfected Strike","Clash"],"picked":"SKIP","floor":1.0},{"not_picked":["Anger","Shockwave"],"picked":"Flame Barrier","floor":5.0},{"not_picked":["Sentinel","Wild Strike","Sever Soul"],"picked":"SKIP","floor":10.0},{"not_picked":["Anger","Perfected Strike"],"picked":"Twin Strike","floor":12.0},{"not_picked":["Clash","True Grit","Warcry"],"picked":"SKIP","floor":13.0},{"not_picked":["Demon Form","Juggernaut"],"picked":"Offering","floor":16.0},{"not_picked":["Disarm","Battle Trance"],"picked":"Flame Barrier","floor":17.0},{"not_picked":["Searing Blow","Iron Wave"],"picked":"Pummel","floor":17.0},{"not_picked":["Clash","True Grit"],"picked":"Armaments","floor":17.0},{"not_picked":["Wild Strike","Entrench"],"picked":"True Grit","floor":17.0},{"not_picked":["Warcry","Reckless Charge"],"picked":"Twin Strike+1","floor":18.0},{"not_picked":["True Grit+1","Pommel Strike+1"],"picked":"Corruption+1","floor":20.0},{"not_picked":["Power Through+1","Rupture"],"picked":"Shrug It Off","floor":21.0},{"not_picked":["Blood for Blood","Clash"],"picked":"Clothesline","floor":23.0},{"not_picked":["Entrench","Seeing Red","Searing Blow"],"picked":"SKIP","floor":25.0},{"not_picked":["Power Through","Bloodletting"],"picked":"Fire Breathing+1","floor":28.0},{"not_picked":["Disarm","Anger","Armaments"],"picked":"SKIP","floor":29.0},{"not_picked":["Berserk","Exhume"],"picked":"Double Tap","floor":33.0},{"not_picked":["Second Wind"],"picked":"SKIP","floor":35.0},{"not_picked":["Sentinel"],"picked":"SKIP","floor":37.0},{"not_picked":["Inflame"],"picked":"SKIP","floor":39.0},{"not_picked":["Feed"],"picked":"SKIP","floor":41.0},{"not_picked":["Blood for Blood"],"picked":"Singing Bowl","floor":46.0},{"not_picked":["Armaments"],"picked":"Singing Bowl","floor":47.0},{"not_picked":["Headbutt+1"],"picked":"Singing Bowl","floor":48.0},{"not_picked":["Headbutt+1"],"picked":"Singing Bowl","floor":49.0}],"player_experience":674201,"relics_obtained":[{"floor":9.0,"key":"Ornamental Fan"},{"floor":13.0,"key":"Regal Pillow"},{"floor":23.0,"key":"Bag of Preparation"},{"floor":25.0,"key":"Happy Flower"},{"floor":26.0,"key":"Sundial"},{"floor":29.0,"key":"Meat on the Bone"},{"floor":41.0,"key":"Dream Catcher"},{"floor":43.0,"key":"Singing Bowl"},{"floor":46.0,"key":"FossilizedHelix"},{"floor":47.0,"key":"Toxic Egg 2"}],"event_choices":[{"damage_healed":0.0,"max_hp_gain":0.0,"max_hp_loss":0.0,"gold_gain":0.0,"event_name":"Living Wall","player_choice":"Grow","floor":2.0,"gold_loss":0.0,"damage_taken":0.0,"cards_upgraded":["Bash"]},{"damage_healed":0.0,"max_hp_gain":0.0,"max_hp_loss":0.0,"gold_gain":0.0,"event_name":"Golden Idol","player_choice":"Take Damage","floor":3.0,"gold_loss":0.0,"damage_taken":20.0,"relics_obtained":["Golden Idol"]},{"damage_healed":0.0,"max_hp_gain":0.0,"max_hp_loss":0.0,"gold_gain":75.0,"event_name":"World of Goop","player_choice":"Gather Gold","floor":4.0,"gold_loss":0.0,"damage_taken":11.0},{"damage_healed":0.0,"max_hp_gain":0.0,"max_hp_loss":0.0,"gold_gain":0.0,"event_name":"Drug Dealer","player_choice":"Inject Mutagens","floor":22.0,"gold_loss":0.0,"damage_taken":0.0,"relics_obtained":["MutagenicStrength"]},{"damage_healed":10.0,"max_hp_gain":0.0,"max_hp_loss":0.0,"gold_gain":0.0,"event_name":"Wheel of Change","player_choice":"Full Heal","floor":36.0,"gold_loss":0.0,"damage_taken":0.0},{"damage_healed":0.0,"max_hp_gain":0.0,"max_hp_loss":0.0,"gold_gain":0.0,"event_name":"Mysterious Sphere","player_choice":"Fight","floor":46.0,"gold_loss":0.0,"damage_taken":0.0}],"is_beta":false,"boss_relics":[{"not_picked":["Snecko Eye","Coffee Dripper"],"picked":"Orrery"},{"not_picked":["Runic Cube","Eternal Feather"],"picked":"Busted Crown"}],"items_purged_floors":[19,38],"is_endless":false,"potions_floor_spawned":[1,10,16,18,20,33,39,41,46,48],"ascension_level":5}