{"gold_per_floor":[115,128,78,153,153,181,181,32,80,80,95,115,115,135,135,235,235,254,254,271,289,304,332,332,352,377,377,377,128,146,160,160,258,258,276,276,44,59,59,94,106,66,66,86,114,127,142,157,157,157,157,157,10,37,37],"floor_reached":55,"playtime":3661,"items_purged":["Strike_B","Decay","Strike_B"],"score":783,"play_id":"c356b28e-812b-437d-9982-9ddfcd8e8ea3","local_time":"20181124133202","is_ascension_mode":false,"campfire_choices":[{"data":"1","floor":7.0,"key":"LIFT"},{"floor":10.0,"key":"REST"},{"data":"2","floor":15.0,"key":"LIFT"},{"data":"3","floor":24.0,"key":"LIFT"},{"floor":28.0,"key":"RECALL"},{"floor":32.0,"key":"REST"},{"data":"Storm","floor":49.0,"key":"SMITH"},{"data":"Buffer","floor":52.0,"key":"SMITH"}],"neow_cost":"PERCENT_DAMAGE","seed_source_timestamp":0,"circlet_count":0,"master_deck":["Strike_B","Defend_B+1","Defend_B","Defend_B","Defend_B+1","Zap","Dualcast","Force Field","Static Discharge","Defragment","Loop","Heatsinks","Beam Cell","Self Repair","Rainbow","Go for the Eyes","Buffer+1","Flash of Steel","Doom and Gloom+1","Rip and Tear+1","Chaos","Redo+1","Hologram+1","Seek+1","Self Repair","Gash+1","Conserve Battery","Machine Learning","BootSequence","Electrodynamics","Flash of Steel","Darkness","Storm+1","Chill+1","Defragment","Go for the Eyes","Leap+1","Hologram+1","Consume","Echo Form","Stack+1"],"special_seed":0,"relics":["Cracked Core","Girya","Emotion Chip","Strawberry","WingedGreaves","Inserter","Dream Catcher","Runic Pyramid","War Paint","Bird Faced Urn","Bottled Flame","Anchor","Calipers"],"potions_floor_usage":[55],"damage_taken":[{"damage":1.0,"enemies":"Cultist","floor":1.0,"turns":3.0},{"damage":1.0,"enemies":"2 Louse","floor":2.0,"turns":3.0},{"damage":24.0,"enemies":"Lagavulin","floor":6.0,"turns":7.0},{"damage":0.0,"enemies":"Small Slimes","floor":11.0,"turns":3.0},{"damage":2.0,"enemies":"Blue Slaver","floor":12.0,"turns":3.0},{"damage":8.0,"enemies":"Exordium Wildlife","floor":14.0,"turns":3.0},{"damage":16.0,"enemies":"The Guardian","floor":16.0,"turns":10.0},{"damage":17.0,"enemies":"3 Byrds","floor":18.0,"turns":3.0},{"damage":15.0,"enemies":"Spheric Guardian","floor":20.0,"turns":5.0},{"damage":29.0,"enemies":"Centurion and Healer","floor":21.0,"turns":7.0},{"damage":20.0,"enemies":"Cultist and Chosen","floor":22.0,"turns":6.0},{"damage":26.0,"enemies":"Book of Stabbing","floor":23.0,"turns":7.0},{"damage":6.0,"enemies":"Snecko","floor":25.0,"turns":4.0},{"damage":0.0,"enemies":"Snake Plant","floor":30.0,"turns":2.0},{"damage":35.0,"enemies":"Centurion and Healer","floor":31.0,"turns":9.0},{"damage":47.0,"enemies":"Automaton","floor":33.0,"turns":10.0},{"damage":2.0,"enemies":"Orb Walker","floor":35.0,"turns":4.0},{"damage":6.0,"enemies":"3 Shapes","floor":38.0,"turns":6.0},{"damage":4.0,"enemies":"Nemesis","floor":40.0,"turns":7.0},{"damage":2.0,"enemies":"Jaw Worm Horde","floor":41.0,"turns":5.0},{"damage":13.0,"enemies":"Spire Growth","floor":44.0,"turns":4.0},{"damage":43.0,"enemies":"Reptomancer","floor":45.0,"turns":6.0},{"damage":8.0,"enemies":"Maw","floor":46.0,"turns":7.0},{"damage":2.0,"enemies":"Sphere and 2 Shapes","floor":47.0,"turns":7.0},{"damage":21.0,"enemies":"Spire Growth","floor":48.0,"turns":7.0},{"damage":96.0,"enemies":"Awakened One","floor":50.0,"turns":11.0},{"damage":58,"enemies":"Shield and Spear","floor":54,"turns":4},{"damage":53,"enemies":"The Heart","floor":55,"turns":5}],"seed_played":"4935696654512380690","potions_obtained":[{"floor":1.0,"key":"Fire Potion"},{"floor":12.0,"key":"Regen Potion"},{"floor":14.0,"key":"Energy Potion"},{"floor":18.0,"key":"Regen Potion"},{"floor":22.0,"key":"FearPotion"},{"floor":23.0,"key":"FearPotion"},{"floor":30.0,"key":"GamblersBrew"},{"floor":31.0,"key":"Regen Potion"},{"floor":40.0,"key":"Poison Potion"},{"floor":42.0,"key":"Fire Potion"},{"floor":42.0,"key":"Poison Potion"},{"floor":44.0,"key":"Fruit Juice"},{"floor":47.0,"key":"Strength Potion"}],"is_trial":false,"path_per_floor":["M","M","?","?","?","E","R","$","T","R","M","M","T","M","R","B",null,"M","?","M","M","M","E","R","M","T","?","R","$","M","M","R","B",null,"M","?","$","M","?","E","E","M","?","T","M","E","M","M","M","R","B",null,"R","$","E","B"],"character_chosen":"DEFECT","items_purchased":["Loop","Seek","Self Repair","Storm","Chill","Anchor"],"campfire_rested":2,"item_purchase_floors":[8,29,29,37,37,53],"current_hp_per_floor":[53,52,52,41,26,2,2,2,9,33,33,31,31,23,23,14,82,72,72,64,76,63,44,44,38,38,38,38,38,38,17,41,23,82,82,82,82,82,82,82,82,82,82,82,74,87,87,84,84,7,87,87,87,33,0],"gold":37,"neow_bonus":"ONE_RARE_RELIC","is_prod":false,"is_daily":false,"chose_seed":false,"campfire_upgraded":2,"win_rate":0,"timestamp":1543095122,"path_taken":["M","?","?","?","?","E","R","?","T","R","M","?","?","M","R","BOSS","M","?","M","M","?","E","R","M","T","?","R","$","?","M","R","BOSS","M","?","$","?","?","E","M","?","T","M","E","M","M","?","R","BOSS","R","$","E","BOSS"],"build_version":"2018-11-15","purchased_purges":3,"victory":false,"max_hp_per_floor":[75,75,75,75,75,75,75,75,82,82,82,82,82,82,82,82,82,82,82,82,82,82,82,82,82,82,82,82,82,82,82,82,82,82,82,82,82,82,82,82,82,82,82,82,87,87,87,87,87,87,87,87,87,87,87],"card_choices":[{"not_picked":["Turbo","Aggregate"],"picked":"Force Field","floor":1.0},{"not_picked":["Beam Cell","Rip and Tear"],"picked":"Static Discharge","floor":2.0},{"not_picked":["Double Energy","Storm"],"picked":"Defragment","floor":6.0},{"not_picked":["Conserve Battery","Rebound"],"picked":"Heatsinks","floor":11.0},{"not_picked":["Streamline","Sweeping Beam"],"picked":"Beam Cell","floor":12.0},{"not_picked":["Skim","Barrage"],"picked":"Self Repair","floor":14.0},{"not_picked":["Hyperbeam","All For One"],"picked":"Rainbow","floor":16.0},{"not_picked":["Recycle+1","Coolheaded"],"picked":"Go for the Eyes","floor":18.0},{"not_picked":["Recycle","Heatsinks+1"],"picked":"Doom and Gloom+1","floor":20.0},{"not_picked":["Barrage","Redo"],"picked":"Rip and Tear+1","floor":21.0},{"not_picked":["Leap+1","Beam Cell+1"],"picked":"Chaos","floor":22.0},{"not_picked":["Barrage+1","Aggregate+1"],"picked":"Redo+1","floor":23.0},{"not_picked":["Barrage","Redo"],"picked":"Hologram+1","floor":25.0},{"not_picked":["Recycle","Leap","Coolheaded+1"],"picked":"SKIP","floor":30.0},{"not_picked":["Stack","Hologram"],"picked":"Gash+1","floor":31.0},{"not_picked":["Recycle","Self Repair"],"picked":"Conserve Battery","floor":32.0},{"not_picked":["Hyperbeam","Fission"],"picked":"Machine Learning","floor":33.0},{"not_picked":["Coolheaded+1","Heatsinks"],"picked":"BootSequence","floor":35.0},{"not_picked":["Compile Driver","Streamline+1"],"picked":"Defragment","floor":38.0},{"not_picked":["Electrodynamics","Cold Snap+1"],"picked":"Go for the Eyes","floor":40.0},{"not_picked":["Turbo","Barrage","Leap+1"],"picked":"SKIP","floor":41.0},{"not_picked":["Turbo","Rebound+1"],"picked":"Leap+1","floor":44.0},{"not_picked":["Scrape","Recycle+1"],"picked":"Hologram+1","floor":45.0},{"not_picked":["Leap+1","Hologram+1"],"picked":"Consume","floor":46.0},{"not_picked":["Go for the Eyes","Recycle+1","Cold Snap"],"picked":"SKIP","floor":47.0},{"not_picked":["Sweeping Beam+1","Storm"],"picked":"Echo Form","floor":48.0},{"not_picked":["Glacier","Go for the Eyes+1"],"picked":"Stack+1","floor":54}],"player_experience":484409,"relics_obtained":[{"floor":6.0,"key":"Emotion Chip"},{"floor":9.0,"key":"Strawberry"},{"floor":13.0,"key":"WingedGreaves"},{"floor":23.0,"key":"Dream Catcher"},{"floor":40.0,"key":"War Paint"},{"floor":43.0,"key":"Bird Faced Urn"},{"floor":45.0,"key":"Bottled Flame"},{"floor":54,"key":"Calipers"}],"event_choices":[{"cards_removed":["Strike_B"],"damage_healed":0.0,"max_hp_gain":0.0,"max_hp_loss":0.0,"gold_gain":0.0,"event_name":"The Cleric","player_choice":"Card Removal","floor":3.0,"gold_loss":50.0,"damage_taken":0.0},{"damage_healed":0.0,"max_hp_gain":0.0,"max_hp_loss":0.0,"gold_gain":75.0,"event_name":"World of Goop","player_choice":"Gather Gold","floor":4.0,"gold_loss":0.0,"damage_taken":11.0},{"damage_healed":0.0,"max_hp_gain":0.0,"max_hp_loss":0.0,"gold_gain":0.0,"event_name":"Shining Light","player_choice":"Entered Light","floor":5.0,"gold_loss":0.0,"damage_taken":15.0,"cards_upgraded":["Defend_B","Defend_B"]},{"damage_healed":0.0,"max_hp_gain":0.0,"max_hp_loss":0.0,"gold_gain":0.0,"event_name":"Match and Keep!","player_choice":"3 cards matched","floor":19.0,"gold_loss":0.0,"damage_taken":0.0,"cards_obtained":["Buffer","Steam","Flash of Steel"]},{"damage_healed":0.0,"max_hp_gain":0.0,"max_hp_loss":0.0,"gold_gain":0.0,"event_name":"Wheel of Change","player_choice":"Cursed","floor":27.0,"gold_loss":0.0,"damage_taken":0.0,"cards_obtained":["Decay"]},{"damage_healed":0.0,"max_hp_gain":0.0,"max_hp_loss":0.0,"gold_gain":0.0,"event_name":"Match and Keep!","player_choice":"3 cards matched","floor":36.0,"gold_loss":0.0,"damage_taken":0.0,"cards_obtained":["Electrodynamics","Flash of Steel","Darkness"]},{"cards_removed":["Steam"],"damage_healed":0.0,"max_hp_gain":0.0,"max_hp_loss":0.0,"gold_gain":0.0,"event_name":"Falling","player_choice":"Removed Skill","floor":39.0,"gold_loss":0.0,"damage_taken":0.0},{"damage_healed":0.0,"max_hp_gain":0.0,"max_hp_loss":0.0,"gold_gain":0.0,"event_name":"The Woman in Blue","player_choice":"Bought 3 Potions","floor":42.0,"gold_loss":0.0,"damage_taken":0.0}],"is_beta":false,"boss_relics":[{"not_picked":["FrozenCore","Orrery"],"picked":"Inserter"},{"not_picked":["Tiny House","Lizard Tail"],"picked":"Runic Pyramid"}],"items_purged_floors":[8,29,37],"is_endless":false,"potions_floor_spawned":[1,12,14,18,22,23,30,31,40,44,47],"killed_by":"The Heart","ascension_level":0}