{"gold_per_floor":[17,29,48,48,61,61,76,76,147,147,173,173,193,205,205,305,305,318,318,75,91,110,110,110,110,110,127,157,57,80,96,96,199,199,211,263,263,363,375,375,250,250,250,20,20,33,68,82,82,82],"floor_reached":51,"playtime":4204,"items_purged":["Strike_R","Strike_R","Strike_R"],"score":732,"play_id":"20d0172a-83ed-433f-a5ff-eb492980782b","local_time":"20190709230359","is_ascension_mode":true,"campfire_choices":[{"data":"Bash","floor":6,"key":"SMITH"},{"floor":8,"key":"DIG"},{"data":"Armaments","floor":10,"key":"SMITH"},{"floor":12,"key":"DIG"},{"floor":15,"key":"DIG"},{"floor":23,"key":"DIG"},{"data":"1","floor":32,"key":"LIFT"},{"data":"2","floor":40,"key":"LIFT"},{"floor":42,"key":"REST"},{"data":"3","floor":45,"key":"LIFT"},{"data":"Havoc","floor":49,"key":"SMITH"}],"neow_cost":"NO_GOLD","seed_source_timestamp":40052844582598,"circlet_count":0,"master_deck":["Strike_R+1","Defend_R","Defend_R","Defend_R","Defend_R","Bash+1","Armaments+1","Clothesline","Battle Trance","Anger+1","Offering","Twin Strike+1","Offering","Disarm","Sword Boomerang+1","Pummel+1","Havoc+1","Pommel Strike+1","Headbutt+1","Flame Barrier+1","Shrug It Off","Inflame","Limit Break+1","Shrug It Off","Battle Trance+1","Power Through","Dual Wield+1","Uppercut+1","Infernal Blade+1"],"relics":["Burning Blood","Shovel","FossilizedHelix","Gremlin Horn","Regal Pillow","Molten Egg 2","Singing Bowl","Orrery","Enchiridion","Darkstone Periapt","Shuriken","Girya","Juzu Bracelet","Snecko Eye","Turnip","StoneCalendar","Whetstone","Bag of Preparation","Red Skull"],"potions_floor_usage":[11,11,16,16,22,31,38,39,50,50],"damage_taken":[{"damage":0,"enemies":"Small Slimes","floor":1,"turns":3},{"damage":1,"enemies":"Cultist","floor":2,"turns":4},{"damage":1,"enemies":"Jaw Worm","floor":3,"turns":4},{"damage":10,"enemies":"Large Slime","floor":5,"turns":8},{"damage":7,"enemies":"Blue Slaver","floor":7,"turns":4},{"damage":29,"enemies":"Gremlin Nob","floor":11,"turns":6},{"damage":0,"enemies":"Red Slaver","floor":13,"turns":3},{"damage":0,"enemies":"Lots of Slimes","floor":14,"turns":2},{"damage":16,"enemies":"Hexaghost","floor":16,"turns":11},{"damage":14,"enemies":"Shell Parasite","floor":18,"turns":5},{"damage":16,"enemies":"2 Thieves","floor":21,"turns":3},{"damage":0,"enemies":"Sentry and Sphere","floor":22,"turns":5},{"damage":10,"enemies":"Snecko","floor":27,"turns":4},{"damage":6,"enemies":"Book of Stabbing","floor":28,"turns":5},{"damage":6,"enemies":"Cultist and Chosen","floor":31,"turns":6},{"damage":59,"enemies":"Collector","floor":33,"turns":9},{"damage":11,"enemies":"Orb Walker","floor":35,"turns":3},{"damage":56,"enemies":"2 Orb Walkers","floor":36,"turns":6},{"damage":14,"enemies":"Mind Bloom Boss Battle","floor":38,"turns":4},{"damage":10,"enemies":"3 Shapes","floor":39,"turns":7},{"damage":6,"enemies":"Spire Growth","floor":46,"turns":2},{"damage":0,"enemies":"Nemesis","floor":47,"turns":3},{"damage":19,"enemies":"4 Shapes","floor":48,"turns":3},{"damage":61,"enemies":"Donu and Deca","floor":50,"turns":6}],"seed_played":"5352399312191774817","potions_obtained":[{"floor":2,"key":"PowerPotion"},{"floor":5,"key":"SkillPotion"},{"floor":13,"key":"EssenceOfSteel"},{"floor":14,"key":"AttackPotion"},{"floor":21,"key":"SpeedPotion"},{"floor":22,"key":"SpeedPotion"},{"floor":28,"key":"Regen Potion"},{"floor":36,"key":"BloodPotion"},{"floor":38,"key":"EssenceOfSteel"},{"floor":39,"key":"Strength Potion"},{"floor":47,"key":"AttackPotion"}],"is_trial":false,"path_per_floor":["M","M","M","?","M","R","M","R","T","R","E","R","M","M","R","B",null,"M","?","$","M","M","R","?","?","T","M","E","$","T","M","R","B",null,"M","?","?","?","M","R","$","R","T","$","R","M","E","M","R","B",null],"character_chosen":"IRONCLAD","items_purchased":["Headbutt+1","Flame Barrier","Fire Potion","Power Through","Bag of Preparation"],"campfire_rested":1,"item_purchase_floors":[20,20,20,44,44],"current_hp_per_floor":[80,80,80,80,76,76,75,75,75,75,52,52,58,64,64,54,82,74,58,58,50,56,56,56,56,56,54,56,56,56,70,70,17,88,83,35,35,51,47,47,47,89,89,89,89,89,92,79,79,24],"gold":82,"neow_bonus":"ONE_RARE_RELIC","is_prod":false,"is_daily":false,"chose_seed":false,"campfire_upgraded":3,"win_rate":0,"timestamp":1562706239,"path_taken":["M","M","M","?","M","R","M","R","T","R","E","R","?","M","R","BOSS","M","?","$","M","M","R","?","?","T","?","E","$","?","M","R","BOSS","M","?","?","?","M","R","$","R","T","$","R","M","E","M","R","BOSS"],"build_version":"2019-07-05","purchased_purges":3,"victory":true,"max_hp_per_floor":[80,80,80,80,80,80,80,80,80,80,80,80,80,80,80,80,82,82,82,82,84,84,84,84,84,84,86,88,88,88,88,88,88,88,88,90,90,92,92,92,92,92,92,92,92,92,92,92,92,92],"card_choices":[{"not_picked":["Perfected Strike","Headbutt"],"picked":"Armaments","floor":1},{"not_picked":["Havoc","Rage","Perfected Strike"],"picked":"SKIP","floor":2},{"not_picked":["Reckless Charge","Sentinel"],"picked":"Clothesline","floor":3},{"not_picked":["Combust","Perfected Strike"],"picked":"Battle Trance","floor":5},{"not_picked":["Iron Wave","Clothesline","Hemokinesis"],"picked":"SKIP","floor":7},{"not_picked":["Havoc","Whirlwind"],"picked":"Anger","floor":11},{"not_picked":["Iron Wave+1","Shockwave"],"picked":"Offering","floor":13},{"not_picked":["Dropkick+1","Flex"],"picked":"Twin Strike+1","floor":14},{"not_picked":["Bludgeon+1","Brutality"],"picked":"Offering","floor":16},{"not_picked":["Entrench","Impervious"],"picked":"Disarm","floor":17},{"not_picked":["Iron Wave+1","Corruption"],"picked":"Sword Boomerang+1","floor":17},{"not_picked":["Flex","Thunderclap+1","Combust"],"picked":"Singing Bowl","floor":17},{"not_picked":["Anger+1","Sword Boomerang+1"],"picked":"Pummel+1","floor":17},{"not_picked":["Twin Strike+1","Iron Wave+1"],"picked":"Havoc","floor":17},{"not_picked":["Iron Wave+1","Armaments"],"picked":"Pommel Strike+1","floor":18},{"not_picked":["Perfected Strike+1","Armaments","Clothesline+1"],"picked":"Singing Bowl","floor":21},{"not_picked":["Twin Strike+1","Sentinel"],"picked":"Shrug It Off","floor":22},{"not_picked":["True Grit","Headbutt+1","Barricade"],"picked":"Singing Bowl","floor":27},{"not_picked":["Rampage+1","Flex","Headbutt+1"],"picked":"Singing Bowl","floor":28},{"not_picked":["Sword Boomerang+1","Clash+1"],"picked":"Inflame","floor":31},{"not_picked":["Juggernaut","Feed+1"],"picked":"Limit Break","floor":33},{"not_picked":["Pommel Strike+1","Evolve"],"picked":"Shrug It Off","floor":35},{"not_picked":["Wild Strike+1","Thunderclap+1","Armaments+1"],"picked":"Singing Bowl","floor":36},{"not_picked":["Sword Boomerang+1","Anger+1","Searing Blow+1"],"picked":"Singing Bowl","floor":38},{"not_picked":["Body Slam+1","Seeing Red"],"picked":"Battle Trance+1","floor":39},{"not_picked":["Armaments","Anger+1"],"picked":"Dual Wield+1","floor":46},{"not_picked":["Anger+1","Armaments"],"picked":"Uppercut+1","floor":47},{"not_picked":["Twin Strike+1","Exhume"],"picked":"Infernal Blade+1","floor":48}],"player_experience":410191,"relics_obtained":[{"floor":8,"key":"FossilizedHelix"},{"floor":9,"key":"Gremlin Horn"},{"floor":11,"key":"Regal Pillow"},{"floor":12,"key":"Molten Egg 2"},{"floor":15,"key":"Singing Bowl"},{"floor":19,"key":"Enchiridion"},{"floor":23,"key":"Darkstone Periapt"},{"floor":26,"key":"Shuriken"},{"floor":28,"key":"Girya"},{"floor":30,"key":"Juzu Bracelet"},{"floor":36,"key":"Turnip"},{"floor":38,"key":"StoneCalendar"},{"floor":43,"key":"Whetstone"},{"floor":47,"key":"Red Skull"}],"event_choices":[{"cards_removed":["Strike_R"],"damage_healed":0,"gold_gain":0,"player_choice":"Card Removal","damage_taken":0,"max_hp_gain":0,"max_hp_loss":0,"event_name":"Wheel of Change","floor":4,"gold_loss":0},{"damage_healed":0,"gold_gain":0,"player_choice":"Obtained Book","damage_taken":16,"max_hp_gain":0,"max_hp_loss":0,"event_name":"Cursed Tome","floor":19,"gold_loss":0},{"damage_healed":0,"gold_gain":0,"player_choice":"Ignored","damage_taken":0,"max_hp_gain":0,"max_hp_loss":0,"event_name":"Vampires","floor":24,"gold_loss":0},{"damage_healed":0,"gold_gain":0,"player_choice":"Upgraded","damage_taken":0,"max_hp_gain":0,"max_hp_loss":0,"event_name":"Upgrade Shrine","floor":25,"gold_loss":0,"cards_upgraded":["Flame Barrier"]},{"damage_healed":0,"gold_gain":0,"player_choice":"Fight","damage_taken":0,"max_hp_gain":0,"max_hp_loss":0,"event_name":"Mysterious Sphere","floor":36,"gold_loss":0},{"damage_healed":0,"gold_gain":0,"player_choice":"Forge","damage_taken":0,"max_hp_gain":0,"max_hp_loss":0,"event_name":"Accursed Blacksmith","floor":37,"gold_loss":0,"cards_upgraded":["Limit Break"]},{"damage_healed":0,"gold_gain":0,"player_choice":"Fight","damage_taken":0,"max_hp_gain":0,"max_hp_loss":0,"event_name":"MindBloom","floor":38,"gold_loss":0}],"is_beta":false,"boss_relics":[{"not_picked":["White Beast Statue","Runic Pyramid"],"picked":"Orrery"},{"not_picked":["Calling Bell","Busted Crown"],"picked":"Snecko Eye"}],"items_purged_floors":[20,29,41],"is_endless":false,"potions_floor_spawned":[2,5,13,14,21,22,28,36,38,39,47],"ascension_level":1}