{"gold_per_floor":[113,130,148,162,162,162,174,174,174,23,54,54,54,70,70,143,143,160,178,178,178,194,194,206,224,224,50,50,50],"floor_reached":29,"playtime":1104,"items_purged":["Strike_G"],"score":468,"play_id":"86d3bd0c-efe7-46aa-9748-10ecb6b25b22","local_time":"20190121222217","is_ascension_mode":true,"campfire_choices":[{"floor":6.0,"key":"REST"},{"data":"Noxious Fumes","floor":8.0,"key":"SMITH"},{"floor":12.0,"key":"REST"},{"data":"Noxious Fumes","floor":15.0,"key":"SMITH"},{"data":"Adrenaline","floor":23.0,"key":"SMITH"},{"data":"Neutralize","floor":28.0,"key":"SMITH"}],"neow_cost":"NONE","seed_source_timestamp":37492726512712,"circlet_count":0,"master_deck":["AscendersBane","Defend_G+1","Defend_G","Defend_G","Defend_G","Survivor","Neutralize+1","Noxious Fumes+1","PiercingWail","Skewer+1","Quick Slash","Adrenaline+1","Noxious Fumes+1","Cloak And Dagger+1","Backflip+1","Venomology+1","Escape Plan+1","Sucker Punch+1","Bite","Bite","Bite","Bite","Bite","Catalyst+1","Dodge and Roll+1","Catalyst+1"],"special_seed":0,"relics":["Ring of the Snake","Oddly Smooth Stone","Darkstone Periapt","Toxic Egg 2","Philosopher\u0027s Stone","The Courier","DollysMirror"],"potions_floor_usage":[29,29],"damage_taken":[{"damage":4.0,"enemies":"Jaw Worm","floor":1.0,"turns":7.0},{"damage":0.0,"enemies":"2 Louse","floor":2.0,"turns":3.0},{"damage":5.0,"enemies":"Cultist","floor":3.0,"turns":4.0},{"damage":9.0,"enemies":"Lots of Slimes","floor":4.0,"turns":8.0},{"damage":5.0,"enemies":"3 Louse","floor":7.0,"turns":4.0},{"damage":18.0,"enemies":"3 Sentries","floor":11.0,"turns":6.0},{"damage":18.0,"enemies":"Exordium Thugs","floor":14.0,"turns":4.0},{"damage":1.0,"enemies":"Hexaghost","floor":16.0,"turns":9.0},{"damage":24.0,"enemies":"3 Byrds","floor":18.0,"turns":4.0},{"damage":18.0,"enemies":"2 Thieves","floor":19.0,"turns":5.0},{"damage":5.0,"enemies":"Centurion and Healer","floor":22.0,"turns":7.0},{"damage":4.0,"enemies":"Snake Plant","floor":24.0,"turns":5.0},{"damage":12.0,"enemies":"3 Cultists","floor":25.0,"turns":5.0},{"damage":48,"enemies":"Cultist and Chosen","floor":29,"turns":5}],"seed_played":"-575188976370071684","potions_obtained":[{"floor":1.0,"key":"Poison Potion"},{"floor":7.0,"key":"SkillPotion"},{"floor":14.0,"key":"Dexterity Potion"}],"is_trial":false,"path_per_floor":["M","M","M","M","?","R","M","R","T","$","E","R","?","M","R","B",null,"M","M","?","?","M","R","M","M","T","$","R","M"],"character_chosen":"THE_SILENT","items_purchased":["Noxious Fumes","DollysMirror"],"campfire_rested":2,"item_purchase_floors":[10,27],"current_hp_per_floor":[55,55,50,41,21,40,35,35,35,35,17,36,41,23,23,22,59,35,17,17,17,32,32,38,38,38,38,38,0],"gold":50,"neow_bonus":"RANDOM_COMMON_RELIC","is_prod":false,"is_daily":false,"chose_seed":false,"campfire_upgraded":4,"win_rate":0,"timestamp":1548098537,"path_taken":["M","M","M","M","?","R","M","R","T","$","E","R","?","M","R","BOSS","M","M","?","?","?","R","M","M","T","$","R","M"],"build_version":"2019-01-17v2","purchased_purges":1,"victory":false,"max_hp_per_floor":[66,66,66,66,66,66,66,66,66,66,66,66,71,71,71,71,71,71,71,49,49,49,49,49,49,49,49,49,49],"card_choices":[{"not_picked":["Deadly Poison","Expertise"],"picked":"Noxious Fumes","floor":1.0},{"not_picked":["Dagger Throw","Poisoned Stab"],"picked":"PiercingWail","floor":2.0},{"not_picked":["Outmaneuver","Backflip"],"picked":"Skewer","floor":3.0},{"not_picked":["Dodge and Roll","PiercingWail"],"picked":"Quick Slash","floor":4.0},{"not_picked":["Catalyst","Deflect"],"picked":"Adrenaline","floor":7.0},{"not_picked":["Accuracy","Skewer"],"picked":"Cloak And Dagger","floor":11.0},{"not_picked":["Blade Dance+1","Concentrate+1"],"picked":"Backflip+1","floor":14.0},{"not_picked":["After Image","Envenom"],"picked":"Venomology+1","floor":16.0},{"not_picked":["Dagger Throw","Eviscerate"],"picked":"Escape Plan+1","floor":18.0},{"not_picked":["Dagger Throw","Underhanded Strike"],"picked":"Sucker Punch+1","floor":19.0},{"not_picked":["Acrobatics+1","Poisoned Stab+1"],"picked":"Catalyst+1","floor":22.0},{"not_picked":["Poisoned Stab","Underhanded Strike","Flying Knee"],"picked":"SKIP","floor":24.0},{"not_picked":["Backflip+1","Poisoned Stab"],"picked":"Dodge and Roll+1","floor":25.0}],"player_experience":711800,"relics_obtained":[{"floor":9.0,"key":"Darkstone Periapt"},{"floor":11.0,"key":"Toxic Egg 2"},{"floor":26.0,"key":"The Courier"}],"event_choices":[{"damage_healed":0.0,"max_hp_gain":0.0,"max_hp_loss":0.0,"gold_gain":0.0,"event_name":"Shining Light","player_choice":"Entered Light","floor":5.0,"gold_loss":0.0,"damage_taken":20.0,"cards_upgraded":["Skewer","Defend_G"]},{"damage_healed":0.0,"max_hp_gain":5.0,"max_hp_loss":0.0,"gold_gain":0.0,"event_name":"Big Fish","player_choice":"Donut","floor":13.0,"gold_loss":0.0,"damage_taken":0.0},{"damage_healed":0.0,"max_hp_gain":0.0,"max_hp_loss":22.0,"gold_gain":0.0,"event_name":"Vampires","player_choice":"Became a vampire","floor":20.0,"gold_loss":0.0,"damage_taken":0.0,"cards_obtained":["Bite","Bite","Bite","Bite","Bite"]},{"cards_removed":["Defend_G"],"damage_healed":0.0,"max_hp_gain":0.0,"max_hp_loss":0.0,"gold_gain":0.0,"event_name":"Purifier","player_choice":"Purged","floor":21.0,"gold_loss":0.0,"damage_taken":0.0}],"is_beta":false,"boss_relics":[{"not_picked":["Pandora\u0027s Box","Ring of the Serpent"],"picked":"Philosopher\u0027s Stone"}],"items_purged_floors":[10],"is_endless":false,"potions_floor_spawned":[1,7,14,19],"killed_by":"Cultist and Chosen","ascension_level":19}