{"gold_per_floor":[116,116,116,133,28,28,42,42,42,53,53,64,114,128,128,203,203,219,239,111,122,140,140,140],"floor_reached":24,"playtime":568,"items_purged":["Strike_R"],"score":333,"play_id":"30551b4a-b264-483c-84d8-f26e698bb027","local_time":"20181220135306","is_ascension_mode":true,"campfire_choices":[{"data":"1","floor":6.0,"key":"LIFT"},{"data":"2","floor":11.0,"key":"LIFT"},{"data":"3","floor":15,"key":"LIFT"},{"floor":23,"key":"REST"}],"neow_cost":"TEN_PERCENT_HP_LOSS","seed_source_timestamp":4839732986796,"circlet_count":0,"master_deck":["AscendersBane","Strike_R","Strike_R","Strike_R","Defend_R","Defend_R","Defend_R","Defend_R","Bash","Sword Boomerang+1","Disarm+1","Carnage","Battle Trance","Flex","Demon Form","Offering","Battle Trance","True Grit","Clothesline","Sword Boomerang","Shrug It Off"],"special_seed":0,"relics":["Burning Blood","Girya","Dodecahedron","Orrery"],"potions_floor_usage":[21,24,24],"damage_taken":[{"damage":4.0,"enemies":"2 Louse","floor":1.0,"turns":3.0},{"damage":3.0,"enemies":"Jaw Worm","floor":4.0,"turns":4.0},{"damage":8.0,"enemies":"Small Slimes","floor":7.0,"turns":3.0},{"damage":11.0,"enemies":"Looter","floor":10.0,"turns":3.0},{"damage":5,"enemies":"Gremlin Gang","floor":12,"turns":3},{"damage":0,"enemies":"Red Slaver","floor":14,"turns":1},{"damage":23,"enemies":"Slime Boss","floor":16,"turns":5},{"damage":6,"enemies":"Chosen","floor":18,"turns":3},{"damage":21,"enemies":"3 Byrds","floor":19,"turns":4},{"damage":36,"enemies":"3 Cultists","floor":21,"turns":5},{"damage":20,"enemies":"Snake Plant","floor":22,"turns":5},{"damage":30,"enemies":"Slavers","floor":24,"turns":1}],"seed_played":"-6171759872526390681","potions_obtained":[{"floor":1.0,"key":"BloodPotion"},{"floor":4.0,"key":"GamblersBrew"},{"floor":21,"key":"Strength Potion"}],"is_trial":false,"path_per_floor":["M","?","?","M","$","R","M","?","T","M","R","M","?","M","R","B",null,"M","M","$","M","M","R","E"],"character_chosen":"IRONCLAD","items_purchased":["Carnage","Battle Trance","Sword Boomerang"],"campfire_rested":1,"item_purchase_floors":[5,5,20],"current_hp_per_floor":[68,68,61,64,64,64,62,62,62,57,57,58,58,64,64,47,63,63,48,48,24,10,30,0],"gold":140,"neow_bonus":"ONE_RARE_RELIC","is_prod":false,"is_daily":false,"chose_seed":false,"campfire_upgraded":0,"win_rate":0,"timestamp":1545303186,"path_taken":["M","?","?","M","$","R","M","?","T","M","R","?","?","M","R","BOSS","M","M","$","?","M","R","E"],"build_version":"2018-12-13","purchased_purges":1,"victory":false,"max_hp_per_floor":[68,68,68,68,68,68,68,68,68,68,68,68,68,68,68,68,68,68,68,68,68,68,68,68],"card_choices":[{"not_picked":["Searing Blow","Clash"],"picked":"Sword Boomerang","floor":1.0},{"not_picked":["Cleave","Iron Wave"],"picked":"Disarm","floor":4.0},{"not_picked":["Anger","Wild Strike","Body Slam"],"picked":"SKIP","floor":7.0},{"not_picked":["Fire Breathing","Metallicize"],"picked":"Flex","floor":10.0},{"not_picked":["Dropkick","Thunderclap","Fire Breathing"],"picked":"SKIP","floor":12},{"not_picked":["Ghostly Armor","Iron Wave"],"picked":"Demon Form","floor":14},{"not_picked":["Fiend Fire","Brutality"],"picked":"Offering","floor":16},{"not_picked":["Anger","Headbutt"],"picked":"Battle Trance","floor":17},{"not_picked":["Wild Strike","Twin Strike"],"picked":"True Grit","floor":17},{"not_picked":["Entrench","Rampage"],"picked":"Clothesline","floor":17},{"not_picked":["Iron Wave","True Grit","Clash+1"],"picked":"SKIP","floor":18},{"not_picked":["Brutality","Wild Strike","Clothesline"],"picked":"SKIP","floor":19},{"not_picked":["Pommel Strike","Headbutt"],"picked":"Shrug It Off","floor":21},{"not_picked":["Rupture","Clothesline+1","Dual Wield"],"picked":"SKIP","floor":22}],"player_experience":598169,"relics_obtained":[{"floor":9.0,"key":"Dodecahedron"}],"event_choices":[{"damage_healed":0.0,"max_hp_gain":0.0,"max_hp_loss":0.0,"gold_gain":0.0,"event_name":"Living Wall","player_choice":"Grow","floor":2.0,"gold_loss":0.0,"damage_taken":0.0,"cards_upgraded":["Sword Boomerang"]},{"cards_removed":["Strike_R"],"damage_healed":0.0,"max_hp_gain":0.0,"max_hp_loss":0.0,"gold_gain":0.0,"event_name":"Golden Wing","player_choice":"Card Removal","floor":3.0,"gold_loss":0.0,"damage_taken":7.0},{"damage_healed":0.0,"max_hp_gain":0.0,"max_hp_loss":0.0,"gold_gain":0.0,"event_name":"Accursed Blacksmith","player_choice":"Forge","floor":8.0,"gold_loss":0.0,"damage_taken":0.0,"cards_upgraded":["Disarm"]},{"damage_healed":0,"gold_gain":50,"player_choice":"Pray","damage_taken":0,"max_hp_gain":0,"max_hp_loss":0,"event_name":"Golden Shrine","floor":13,"gold_loss":0}],"is_beta":false,"boss_relics":[{"not_picked":["Runic Cube","White Beast Statue"],"picked":"Orrery"}],"items_purged_floors":[20],"is_endless":false,"potions_floor_spawned":[1,4,18,21],"killed_by":"Slavers","ascension_level":15}