{"gold_per_floor":[109,109,125,86,104,104,104,279,331,331,331,348,198,230,230,326,326,339,370,384,384,394,394,429,429,510,540,540,551,651,212,212,311,311,328,346,346,105,122,122,151,151,177,190,207,217,18,240,240,240,240,240,94,126,126],"floor_reached":56,"playtime":2257,"items_purged":["Doubt","Defend_R"],"score":1367,"play_id":"190733bb-8f1e-4803-80a3-afb0d75c00c3","local_time":"20181118193841","is_ascension_mode":false,"campfire_choices":[{"data":"Immolate","floor":6.0,"key":"SMITH"},{"data":"Uppercut","floor":11.0,"key":"SMITH"},{"data":"Inflame","floor":15.0,"key":"SMITH"},{"data":"Feed","floor":23.0,"key":"SMITH"},{"data":"Inflame","floor":25.0,"key":"SMITH"},{"floor":28.0,"key":"REST"},{"floor":32.0,"key":"REST"},{"data":"Double Tap","floor":40.0,"key":"SMITH"},{"floor":42.0,"key":"REST"},{"floor":49.0,"key":"RECALL"},{"data":"Shrug It Off","floor":52,"key":"SMITH"}],"neow_cost":"NONE","seed_source_timestamp":25308239500564,"circlet_count":0,"master_deck":["Strike_R","Strike_R","Strike_R","Strike_R","Strike_R","Defend_R","Defend_R","Defend_R","Bash","Forethought","Sword Boomerang","Immolate+1","Uppercut+1","Offering","True Grit","Inflame+1","Feed+1","Flame Barrier+1","Inflame+1","Double Tap+1","Shrug It Off+1","Reaper","Shockwave+1","Flex+1"],"special_seed":0,"relics":["Burning Blood","Red Skull","Darkstone Periapt","Sozu","Red Mask","Incense Burner","Pen Nib","Turnip","Shuriken","Blood Vial","MealTicket","Black Star","Spirit Poop","Paper Frog","Shovel","WingedGreaves","Orichalcum","Lee\u0027s Waffle","Oddly Smooth Stone","Blue Candle","Bottled Lightning"],"potions_floor_usage":[55],"damage_taken":[{"damage":1.0,"enemies":"Cultist","floor":1.0,"turns":3.0},{"damage":1.0,"enemies":"2 Louse","floor":3.0,"turns":3.0},{"damage":0.0,"enemies":"Small Slimes","floor":5.0,"turns":2.0},{"damage":7.0,"enemies":"2 Fungi Beasts","floor":12.0,"turns":4.0},{"damage":27.0,"enemies":"Lagavulin","floor":14.0,"turns":5.0},{"damage":0.0,"enemies":"Slime Boss","floor":16.0,"turns":7.0},{"damage":6.0,"enemies":"Chosen","floor":18.0,"turns":3.0},{"damage":12.0,"enemies":"Masked Bandits","floor":19.0,"turns":3.0},{"damage":9.0,"enemies":"Shell Parasite","floor":20.0,"turns":2.0},{"damage":36.0,"enemies":"Cultist and Chosen","floor":22.0,"turns":8.0},{"damage":30.0,"enemies":"Gremlin Leader","floor":24.0,"turns":8.0},{"damage":24.0,"enemies":"Slavers","floor":27.0,"turns":6.0},{"damage":8.0,"enemies":"Snake Plant","floor":29.0,"turns":4.0},{"damage":20.0,"enemies":"Colosseum Slavers","floor":30.0,"turns":4.0},{"damage":30.0,"enemies":"Colosseum Nobs","floor":30.0,"turns":4.0},{"damage":73.0,"enemies":"Champ","floor":33.0,"turns":9.0},{"damage":18.0,"enemies":"3 Darklings","floor":35.0,"turns":5.0},{"damage":26.0,"enemies":"Orb Walker","floor":36.0,"turns":5.0},{"damage":71.0,"enemies":"3 Darklings","floor":39.0,"turns":7.0},{"damage":55.0,"enemies":"Giant Head","floor":41.0,"turns":8.0},{"damage":22.0,"enemies":"Maw","floor":44.0,"turns":7.0},{"damage":13.0,"enemies":"Writhing Mass","floor":45.0,"turns":4.0},{"damage":6.0,"enemies":"3 Darklings","floor":46.0,"turns":2.0},{"damage":102.0,"enemies":"Time Eater","floor":50.0,"turns":11.0},{"damage":27,"enemies":"Shield and Spear","floor":54,"turns":5},{"damage":150,"enemies":"The Heart","floor":55,"turns":11}],"seed_played":"5577445530367556592","potions_obtained":[{"floor":1.0,"key":"BloodPotion"},{"floor":3.0,"key":"SpeedPotion"},{"floor":14.0,"key":"EssenceOfSteel"},{"floor":16.0,"key":"FairyPotion"}],"is_trial":false,"path_per_floor":["M","$","M","$","M","R","?","?","T","?","R","M","$","E","R","B",null,"M","?","M","?","M","R","E","R","T","E","R","M","?","$","R","B",null,"M","M","?","$","M","R","E","R","T","M","M","M","$","?","R","B",null,"R","$","E","B",null],"character_chosen":"IRONCLAD","items_purchased":["Uppercut","Inflame","Blood Vial","MealTicket","Paper Frog","Lee\u0027s Waffle","Oddly Smooth Stone"],"campfire_rested":3,"item_purchase_floors":[4,13,31,31,38,47,53],"current_hp_per_floor":[80,80,80,80,80,80,85,85,85,85,85,84,84,63,63,69,85,88,85,85,91,64,64,44,44,44,30,63,65,31,31,66,12,119,119,113,113,123,74,74,53,89,89,98,93,95,134,134,134,50,134,134,134,137,8],"gold":126,"neow_bonus":"RANDOM_COLORLESS","is_prod":false,"is_daily":false,"chose_seed":false,"campfire_upgraded":7,"win_rate":0,"timestamp":1542559121,"path_taken":["M","$","M","?","M","R","?","?","T","?","R","?","$","E","R","BOSS","M","?","M","?","?","R","E","R","T","E","R","M","?","$","R","BOSS","M","M","?","$","M","R","E","R","T","M","M","?","$","?","R","BOSS","R","$","E","BOSS"],"build_version":"2018-11-15","purchased_purges":2,"victory":true,"max_hp_per_floor":[80,80,80,80,80,80,85,85,85,85,85,85,85,85,85,85,85,88,91,94,100,103,103,107,107,107,111,111,115,119,119,119,119,119,119,123,123,123,123,123,123,123,123,127,127,127,134,134,134,134,134,134,134,138,138],"card_choices":[{"not_picked":["Body Slam","Wild Strike"],"picked":"Sword Boomerang","floor":1.0},{"not_picked":["Anger","Headbutt"],"picked":"Immolate","floor":3.0},{"not_picked":["Cleave","Sword Boomerang","Disarm"],"picked":"SKIP","floor":5.0},{"not_picked":["Blood for Blood","Clash","True Grit"],"picked":"SKIP","floor":12.0},{"not_picked":["Blood for Blood","Clash"],"picked":"True Grit","floor":12.0},{"not_picked":["Havoc","Offering","Searing Blow"],"picked":"SKIP","floor":14.0},{"not_picked":["Dark Embrace","Reaper"],"picked":"Feed","floor":16.0},{"not_picked":["Power Through","Heavy Blade+1","Battle Trance"],"picked":"SKIP","floor":18.0},{"not_picked":["True Grit","Clash+1"],"picked":"Flame Barrier+1","floor":19.0},{"not_picked":["Feel No Pain","Hemokinesis"],"picked":"Inflame","floor":20.0},{"not_picked":["Pummel","Perfected Strike","Clothesline"],"picked":"SKIP","floor":22.0},{"not_picked":["Evolve","Havoc","Heavy Blade"],"picked":"SKIP","floor":24.0},{"not_picked":["Warcry","Berserk"],"picked":"Double Tap","floor":27.0},{"not_picked":["Sword Boomerang","Evolve"],"picked":"Shrug It Off","floor":29.0},{"not_picked":["Bludgeon","Immolate"],"picked":"Reaper","floor":33.0},{"not_picked":["Pommel Strike+1","Sword Boomerang+1","Clash+1"],"picked":"SKIP","floor":35.0},{"not_picked":["Entrench+1","Heavy Blade+1","Clothesline"],"picked":"SKIP","floor":36.0},{"not_picked":["Twin Strike+1","Clothesline"],"picked":"Shockwave+1","floor":39.0},{"not_picked":["Feel No Pain+1","Entrench+1","Uppercut"],"picked":"SKIP","floor":41.0},{"not_picked":["Ghostly Armor","Anger+1"],"picked":"Flex+1","floor":44.0},{"not_picked":["Armaments+1","Shrug It Off","Fire Breathing"],"picked":"SKIP","floor":45.0},{"not_picked":["Hemokinesis","Blood for Blood","Armaments+1"],"picked":"SKIP","floor":46.0},{"not_picked":["Flex+1","Cleave","Seeing Red"],"picked":"SKIP","floor":54}],"player_experience":527670,"relics_obtained":[{"floor":9.0,"key":"Red Skull"},{"floor":14.0,"key":"Darkstone Periapt"},{"floor":19.0,"key":"Red Mask"},{"floor":24.0,"key":"Incense Burner"},{"floor":27.0,"key":"Pen Nib"},{"floor":30.0,"key":"Turnip"},{"floor":30.0,"key":"Shuriken"},{"floor":41.0,"key":"Shovel"},{"floor":41.0,"key":"WingedGreaves"},{"floor":43.0,"key":"Orichalcum"},{"floor":54,"key":"Blue Candle"},{"floor":54,"key":"Bottled Lightning"}],"event_choices":[{"damage_healed":0.0,"max_hp_gain":5.0,"max_hp_loss":0.0,"gold_gain":0.0,"event_name":"Big Fish","player_choice":"Donut","floor":7.0,"gold_loss":0.0,"damage_taken":0.0},{"damage_healed":0.0,"max_hp_gain":0.0,"max_hp_loss":0.0,"gold_gain":175.0,"event_name":"Liars Game","player_choice":"AGREE","floor":8.0,"gold_loss":0.0,"damage_taken":0.0,"cards_obtained":["Doubt"]},{"damage_healed":0.0,"max_hp_gain":0.0,"max_hp_loss":0.0,"gold_gain":0.0,"event_name":"Match and Keep!","player_choice":"1 cards matched","floor":10.0,"gold_loss":0.0,"damage_taken":0.0,"cards_obtained":["Offering"]},{"damage_healed":0.0,"max_hp_gain":0.0,"max_hp_loss":0.0,"gold_gain":0.0,"event_name":"Masked Bandits","player_choice":"Fought Bandits","floor":19.0,"gold_loss":0.0,"damage_taken":0.0},{"damage_healed":0.0,"max_hp_gain":0.0,"max_hp_loss":0.0,"gold_gain":0.0,"event_name":"Wheel of Change","player_choice":"Cursed","floor":21.0,"gold_loss":0.0,"damage_taken":0.0,"cards_obtained":["Decay"]},{"damage_healed":0.0,"max_hp_gain":0.0,"max_hp_loss":0.0,"gold_gain":0.0,"event_name":"Colosseum","player_choice":"Fight","floor":30.0,"gold_loss":0.0,"damage_taken":0.0},{"damage_healed":0.0,"max_hp_gain":0.0,"max_hp_loss":0.0,"gold_gain":0.0,"event_name":"Colosseum","player_choice":"Fought Nobs","floor":30.0,"gold_loss":0.0,"damage_taken":0.0},{"cards_removed":["Decay"],"damage_healed":0.0,"max_hp_gain":0.0,"max_hp_loss":0.0,"gold_gain":0.0,"event_name":"Bonfire Elementals","player_choice":"Offered Curse","floor":37.0,"gold_loss":0.0,"damage_taken":0.0,"relics_obtained":["Spirit Poop"]},{"damage_healed":0.0,"max_hp_gain":0.0,"max_hp_loss":0.0,"gold_gain":222.0,"event_name":"Tomb of Lord Red Mask","player_choice":"Wore Mask","floor":48.0,"gold_loss":0.0,"damage_taken":0.0}],"is_beta":false,"boss_relics":[{"not_picked":["Runic Dome","Coffee Dripper"],"picked":"Sozu"},{"not_picked":["Calling Bell","White Beast Statue"],"picked":"Black Star"}],"items_purged_floors":[13,31],"is_endless":false,"potions_floor_spawned":[1,3,14,16,19,24,27,29,30,39,41,46],"ascension_level":0}