{"gold_per_floor":[117,131,131,147,147,147,172,187,217,217,227,245,245,245,245,317,317,337,337,357,357,372,372,372],"floor_reached":24,"playtime":2228,"items_purged":[],"score":352,"play_id":"270ebdae-5f0e-4854-9cbe-80a370d77081","local_time":"20190806232208","is_ascension_mode":true,"campfire_choices":[{"data":"Dagger Spray","floor":6,"key":"SMITH"},{"data":"Skewer","floor":10,"key":"SMITH"},{"data":"Dodge and Roll","floor":13,"key":"SMITH"},{"data":"Cloak And Dagger","floor":15,"key":"SMITH"},{"floor":23,"key":"REST"}],"neow_cost":"NONE","seed_source_timestamp":29390594693512,"circlet_count":0,"master_deck":["AscendersBane","Strike_G","Strike_G","Strike_G","Strike_G","Strike_G","Defend_G","Defend_G","Defend_G","Defend_G","Defend_G","Survivor","Neutralize+1","Quick Slash","Dagger Spray+1","Tactician","Cloak And Dagger+1","Skewer+1","Backstab","Endless Agony","Dodge and Roll+1","Adrenaline","Leg Sweep"],"relics":["Ring of the Snake","Ancient Tea Set","Tiny Chest","HoveringKite"],"potions_floor_usage":[7,16,16,20],"damage_taken":[{"damage":3,"enemies":"Jaw Worm","floor":1,"turns":6},{"damage":2,"enemies":"Cultist","floor":2,"turns":5},{"damage":0,"enemies":"Small Slimes","floor":4,"turns":2},{"damage":20,"enemies":"Gremlin Nob","floor":7,"turns":4},{"damage":3,"enemies":"Looter","floor":8,"turns":3},{"damage":0,"enemies":"3 Louse","floor":11,"turns":1},{"damage":2,"enemies":"Blue Slaver","floor":12,"turns":3},{"damage":36,"enemies":"The Guardian","floor":16,"turns":16},{"damage":22,"enemies":"Spheric Guardian","floor":18,"turns":4},{"damage":12,"enemies":"2 Thieves","floor":20,"turns":3},{"damage":37,"enemies":"Shelled Parasite and Fungi","floor":22,"turns":9},{"damage":39,"enemies":"Gremlin Leader","floor":24,"turns":4}],"seed_played":"-2133459222508294694","potions_obtained":[{"floor":1,"key":"AttackPotion"},{"floor":4,"key":"SpeedPotion"},{"floor":8,"key":"Energy Potion"},{"floor":11,"key":"Swift Potion"},{"floor":18,"key":"Explosive Potion"}],"is_trial":false,"path_per_floor":["M","M","?","M","?","R","E","M","T","R","M","M","R","?","R","B",null,"M","?","M","?","M","R","E"],"character_chosen":"THE_SILENT","items_purchased":[],"campfire_rested":1,"item_purchase_floors":[],"current_hp_per_floor":[67,65,65,65,65,65,45,42,42,42,42,40,40,45,45,9,64,42,26,14,43,6,32,0],"gold":372,"neow_bonus":"TEN_PERCENT_HP_BONUS","is_prod":false,"is_daily":false,"chose_seed":false,"campfire_upgraded":4,"win_rate":0,"timestamp":1565126528,"path_taken":["M","M","?","?","?","R","E","M","T","R","?","M","R","?","R","BOSS","M","?","M","?","M","R","E"],"build_version":"2019-07-17","purchased_purges":0,"victory":false,"max_hp_per_floor":[77,77,77,77,77,77,77,77,77,77,77,77,77,82,82,82,82,82,87,87,87,87,87,87],"card_choices":[{"not_picked":["Flechettes","Infinite Blades"],"picked":"Quick Slash","floor":1},{"not_picked":["Riddle With Holes","Blade Dance"],"picked":"Dagger Spray","floor":2},{"not_picked":["Flechettes","Blade Dance"],"picked":"Cloak And Dagger","floor":4},{"not_picked":["Distraction","Storm of Steel"],"picked":"Skewer","floor":7},{"not_picked":["Bane","PiercingWail"],"picked":"Backstab","floor":8},{"not_picked":["Quick Slash","Riddle With Holes"],"picked":"Endless Agony","floor":11},{"not_picked":["Slice","Blade Dance"],"picked":"Dodge and Roll","floor":12},{"not_picked":["Burst","Die Die Die"],"picked":"Adrenaline","floor":16},{"not_picked":["Choke","Distraction","Slice"],"picked":"SKIP","floor":18},{"not_picked":["Dagger Spray","Quick Slash+1"],"picked":"Leg Sweep","floor":20},{"not_picked":["Blade Dance","Concentrate","Caltrops"],"picked":"SKIP","floor":22}],"player_experience":734439,"relics_obtained":[{"floor":7,"key":"Ancient Tea Set"},{"floor":9,"key":"Tiny Chest"}],"event_choices":[{"damage_healed":0,"gold_gain":0,"player_choice":"1 cards matched","damage_taken":0,"max_hp_gain":0,"max_hp_loss":0,"event_name":"Match and Keep!","floor":3,"gold_loss":0,"cards_obtained":["Tactician"]},{"damage_healed":0,"gold_gain":0,"player_choice":"1 cards matched","damage_taken":0,"max_hp_gain":0,"max_hp_loss":0,"event_name":"Match and Keep!","floor":3,"gold_loss":0,"cards_obtained":["Tactician"]},{"damage_healed":0,"gold_gain":0,"player_choice":"Forge","damage_taken":0,"max_hp_gain":0,"max_hp_loss":0,"event_name":"Accursed Blacksmith","floor":5,"gold_loss":0,"cards_upgraded":["Neutralize"]},{"damage_healed":0,"gold_gain":0,"player_choice":"Donut","damage_taken":0,"max_hp_gain":5,"max_hp_loss":0,"event_name":"Big Fish","floor":14,"gold_loss":0},{"damage_healed":0,"gold_gain":0,"player_choice":"Shed Blood","damage_taken":21,"max_hp_gain":5,"max_hp_loss":0,"event_name":"Forgotten Altar","floor":19,"gold_loss":0},{"damage_healed":29,"gold_gain":0,"player_choice":"Heal","damage_taken":0,"max_hp_gain":0,"max_hp_loss":0,"event_name":"The Library","floor":21,"gold_loss":0}],"is_beta":false,"boss_relics":[{"not_picked":["White Beast Statue","Lizard Tail"],"picked":"HoveringKite"}],"items_purged_floors":[],"is_endless":false,"potions_floor_spawned":[1,4,8,11,18],"killed_by":"Gremlin Leader","ascension_level":13}