{"gold_per_floor":[114,125,141,71,84,84,84,103,103,136,136,136,149,179,179,276,276,296,313,313,7,7,7,23,23,46,61,73,73,73,104,104,200,200,216,44,59,59,79,107,118,118,142,142,158,68,86,19,19,19,19,19,19,49,49],"floor_reached":56,"playtime":9075,"items_purged":["Strike_G+1","Strike_G+1"],"score":1174,"play_id":"351e32eb-95b5-4889-b671-4bae6ab920e0","local_time":"20190718013543","is_ascension_mode":false,"campfire_choices":[{"data":"Noxious Fumes","floor":6,"key":"SMITH"},{"data":"Neutralize","floor":12,"key":"SMITH"},{"floor":15,"key":"REST"},{"data":"Footwork","floor":23,"key":"SMITH"},{"data":"Dagger Spray","floor":25,"key":"SMITH"},{"data":"Tools of the Trade","floor":29,"key":"SMITH"},{"floor":32,"key":"REST"},{"floor":44,"key":"RECALL"},{"data":"Caltrops","floor":49,"key":"SMITH"},{"data":"Noxious Fumes","floor":52,"key":"SMITH"}],"neow_cost":"NONE","seed_source_timestamp":35294773284390,"circlet_count":0,"master_deck":["Strike_G+1","Defend_G+1","Defend_G+1","Defend_G+1","Defend_G+1","Defend_G+1","Survivor+1","Neutralize+1","Poisoned Stab","Noxious Fumes+1","Escape Plan","Well Laid Plans","Deadly Poison","Riddle With Holes","Dodge and Roll","Tools of the Trade+1","Dodge and Roll","Cloak And Dagger","Backflip","Acrobatics","Cloak And Dagger+1","PiercingWail+1","Footwork+1","Dagger Spray+1","Noxious Fumes+1","Choke+1","Envenom+1","Deflect+1","Noxious Fumes+1","Endless Agony+1","PiercingWail+1","Infinite Blades","Acrobatics+1","Caltrops+1","Outmaneuver+1"],"relics":["Ring of the Snake","Mercury Hourglass","Unceasing Top","Bird Faced Urn","Odd Mushroom","Orrery","Centennial Puzzle","Bag of Marbles","Nilry\u0027s Codex","Art of War","Sozu","Boot","Oddly Smooth Stone"],"potions_floor_usage":[10,27,31,33,54],"damage_taken":[{"damage":1,"enemies":"Cultist","floor":1,"turns":4},{"damage":0,"enemies":"2 Louse","floor":2,"turns":3},{"damage":5,"enemies":"Small Slimes","floor":3,"turns":4},{"damage":14,"enemies":"Exordium Wildlife","floor":5,"turns":6},{"damage":0,"enemies":"2 Fungi Beasts","floor":8,"turns":3},{"damage":3,"enemies":"3 Sentries","floor":10,"turns":5},{"damage":4,"enemies":"Blue Slaver","floor":13,"turns":3},{"damage":6,"enemies":"The Mushroom Lair","floor":14,"turns":4},{"damage":4,"enemies":"The Guardian","floor":16,"turns":9},{"damage":10,"enemies":"3 Byrds","floor":18,"turns":6},{"damage":1,"enemies":"Shell Parasite","floor":19,"turns":7},{"damage":19,"enemies":"3 Cultists","floor":24,"turns":7},{"damage":0,"enemies":"Chosen and Byrds","floor":27,"turns":7},{"damage":2,"enemies":"Snecko","floor":28,"turns":5},{"damage":26,"enemies":"Slavers","floor":31,"turns":5},{"damage":21,"enemies":"Collector","floor":33,"turns":8},{"damage":2,"enemies":"3 Shapes","floor":35,"turns":5},{"damage":0,"enemies":"3 Darklings","floor":37,"turns":5},{"damage":20,"enemies":"Maw","floor":39,"turns":8},{"damage":13,"enemies":"Giant Head","floor":40,"turns":10},{"damage":13,"enemies":"Jaw Worm Horde","floor":41,"turns":5},{"damage":11,"enemies":"Transient","floor":45,"turns":5},{"damage":0,"enemies":"Sphere and 2 Shapes","floor":47,"turns":5},{"damage":35,"enemies":"Time Eater","floor":50,"turns":12},{"damage":60,"enemies":"Shield and Spear","floor":54,"turns":7},{"damage":45,"enemies":"The Heart","floor":55,"turns":11}],"seed_played":"1313058292658327816","potions_obtained":[{"floor":3,"key":"Ancient Potion"},{"floor":5,"key":"Block Potion"},{"floor":10,"key":"Regen Potion"},{"floor":13,"key":"Strength Potion"},{"floor":27,"key":"Swift Potion"}],"is_trial":false,"path_per_floor":["M","M","M","$","M","R","?","M","T","E","?","R","M","?","R","B",null,"M","M","?","$","?","R","M","R","T","M","M","R","?","E","R","B",null,"M","$","M","?","M","E","M","?","T","R","M","?","M","$","R","B",null,"R","$","E","B",null],"character_chosen":"THE_SILENT","items_purchased":["Well Laid Plans","Footwork","Centennial Puzzle","Dagger Spray","Noxious Fumes","Caltrops"],"campfire_rested":2,"item_purchase_floors":[4,21,21,21,36,48],"current_hp_per_floor":[76,76,71,71,57,57,50,50,50,47,47,47,47,43,66,66,77,73,77,77,77,63,63,52,52,52,62,68,68,52,50,74,65,82,82,82,82,78,69,70,73,73,73,73,78,78,78,78,78,53,78,78,78,30,9],"gold":49,"neow_bonus":"TEN_PERCENT_HP_BONUS","is_prod":false,"is_daily":false,"chose_seed":false,"campfire_upgraded":7,"win_rate":0,"timestamp":1563406543,"path_taken":["M","M","M","?","?","R","?","M","T","E","?","R","?","?","R","BOSS","M","M","?","$","?","R","M","R","T","M","M","R","?","E","R","BOSS","M","$","M","?","M","E","M","?","T","R","?","?","?","$","R","BOSS","R","$","E","BOSS"],"build_version":"2019-07-05","purchased_purges":2,"victory":true,"max_hp_per_floor":[77,77,77,77,77,77,77,77,77,77,77,77,77,77,77,77,77,77,77,77,77,82,82,82,82,82,82,82,82,82,82,82,82,82,82,82,82,78,78,78,78,78,78,78,78,78,78,78,78,78,78,78,78,78,78],"card_choices":[{"not_picked":["Underhanded Strike","Tactician"],"picked":"Poisoned Stab","floor":1},{"not_picked":["Catalyst","All Out Attack"],"picked":"Noxious Fumes","floor":2},{"not_picked":["Poisoned Stab","Tactician"],"picked":"Escape Plan","floor":3},{"not_picked":["Poisoned Stab","Dodge and Roll"],"picked":"Deadly Poison","floor":5},{"not_picked":["Phantasmal Killer","Bane","Acrobatics"],"picked":"SKIP","floor":8},{"not_picked":["Poisoned Stab","Masterful Stab","Dagger Spray"],"picked":"SKIP","floor":10},{"not_picked":["Poisoned Stab","Masterful Stab","Dagger Spray"],"picked":"SKIP","floor":10},{"not_picked":["Poisoned Stab","Masterful Stab","Dagger Spray"],"picked":"SKIP","floor":10},{"not_picked":["Dagger Throw","Prepared","Underhanded Strike"],"picked":"SKIP","floor":13},{"not_picked":["Prepared","Skewer"],"picked":"Dodge and Roll","floor":14},{"not_picked":["Corpse Explosion","Wraith Form v2"],"picked":"Tools of the Trade","floor":16},{"not_picked":["Sucker Punch","Deadly Poison"],"picked":"Dodge and Roll","floor":17},{"not_picked":["Quick Slash","Burst"],"picked":"Cloak And Dagger","floor":17},{"not_picked":["Quick Slash","Doppelganger"],"picked":"Backflip","floor":17},{"not_picked":["Predator","Flying Knee"],"picked":"Acrobatics","floor":17},{"not_picked":["Underhanded Strike","Poisoned Stab+1"],"picked":"Cloak And Dagger+1","floor":18},{"not_picked":["Deflect","Outmaneuver"],"picked":"PiercingWail+1","floor":19},{"not_picked":["Dagger Spray","Acrobatics"],"picked":"Noxious Fumes+1","floor":24},{"not_picked":["Cloak And Dagger","Underhanded Strike","Poisoned Stab"],"picked":"SKIP","floor":27},{"not_picked":["Tactician","Deadly Poison","Cloak And Dagger"],"picked":"SKIP","floor":28},{"not_picked":["Calculated Gamble","All Out Attack"],"picked":"Choke+1","floor":31},{"not_picked":["Tools of the Trade","Storm of Steel"],"picked":"Envenom","floor":33},{"not_picked":["Acrobatics","Dodge and Roll+1"],"picked":"Deflect+1","floor":35},{"not_picked":["Dagger Throw+1","Backflip+1"],"picked":"Endless Agony+1","floor":37},{"not_picked":["Bane+1","Choke+1"],"picked":"PiercingWail+1","floor":39},{"not_picked":["Dodge and Roll","Bullet Time"],"picked":"Infinite Blades","floor":40},{"not_picked":["Cloak And Dagger","Backflip"],"picked":"Acrobatics+1","floor":41},{"not_picked":["Flying Knee","Dodge and Roll+1","Outmaneuver"],"picked":"SKIP","floor":45},{"not_picked":["Dagger Throw","Concentrate","Flying Knee"],"picked":"SKIP","floor":47},{"not_picked":["Setup","Grand Finale"],"picked":"Outmaneuver+1","floor":54}],"player_experience":524959,"relics_obtained":[{"floor":9,"key":"Unceasing Top"},{"floor":10,"key":"Bird Faced Urn"},{"floor":14,"key":"Odd Mushroom"},{"floor":26,"key":"Bag of Marbles"},{"floor":30,"key":"Nilry\u0027s Codex"},{"floor":31,"key":"Art of War"},{"floor":40,"key":"Boot"},{"floor":54,"key":"Oddly Smooth Stone"}],"event_choices":[{"damage_healed":0,"gold_gain":0,"player_choice":"Success","damage_taken":7,"relics_obtained":["Mercury Hourglass"],"max_hp_gain":0,"max_hp_loss":0,"event_name":"Scrap Ooze","floor":7,"gold_loss":0},{"damage_healed":0,"gold_gain":0,"cards_transformed":["Strike_G"],"player_choice":"Transformed","damage_taken":0,"max_hp_gain":0,"max_hp_loss":0,"event_name":"Transmorgrifier","floor":11,"gold_loss":0,"cards_obtained":["Riddle With Holes"]},{"damage_healed":0,"gold_gain":0,"player_choice":"Fought Mushrooms","damage_taken":0,"max_hp_gain":0,"max_hp_loss":0,"event_name":"Mushrooms","floor":14,"gold_loss":0},{"damage_healed":0,"gold_gain":0,"player_choice":"Simplicity","damage_taken":0,"max_hp_gain":0,"max_hp_loss":0,"event_name":"Back to Basics","floor":20,"gold_loss":0,"cards_upgraded":["Strike_G","Strike_G","Strike_G","Strike_G","Defend_G","Defend_G","Defend_G","Defend_G","Defend_G"]},{"damage_healed":0,"gold_gain":0,"player_choice":"Shed Blood","damage_taken":19,"max_hp_gain":5,"max_hp_loss":0,"event_name":"Forgotten Altar","floor":22,"gold_loss":0},{"damage_healed":0,"gold_gain":0,"player_choice":"Obtained Book","damage_taken":16,"max_hp_gain":0,"max_hp_loss":0,"event_name":"Cursed Tome","floor":30,"gold_loss":0},{"damage_healed":0,"gold_gain":0,"player_choice":"Max HP","damage_taken":0,"max_hp_gain":0,"max_hp_loss":4,"event_name":"Winding Halls","floor":38,"gold_loss":0},{"damage_healed":0,"gold_gain":0,"player_choice":"Forge","damage_taken":0,"max_hp_gain":0,"max_hp_loss":0,"event_name":"Accursed Blacksmith","floor":42,"gold_loss":0,"cards_upgraded":["Envenom"]},{"cards_removed":["Strike_G"],"damage_healed":0,"gold_gain":0,"player_choice":"Upgrade and Remove","damage_taken":0,"max_hp_gain":0,"max_hp_loss":0,"event_name":"Designer","floor":46,"gold_loss":90,"cards_upgraded":["Survivor"]}],"is_beta":false,"boss_relics":[{"not_picked":["HoveringKite","Runic Dome"],"picked":"Orrery"},{"not_picked":["White Beast Statue","Astrolabe"],"picked":"Sozu"}],"items_purged_floors":[21,36],"is_endless":false,"potions_floor_spawned":[3,5,10,13,19,27,40,41,54],"ascension_level":0}