{"gold_per_floor":[109,109,134,206,225,225,245,245,245,284,304,319,125,149,149,239,239,259,259,309,323,347,347,347,347,347,347,347,199,218,241,241,340,340,364,364,113,446,461,461,461,461,461,461,481,2,21,33,33,33],"floor_reached":50,"playtime":1439,"items_purged":["Strike_B","Strike_B","Strike_B+1"],"score":799,"play_id":"bc96ad8a-f072-4ec0-940a-a480e8ab4f57","local_time":"20180916131522","is_ascension_mode":true,"campfire_choices":[{"data":"Ball Lightning","floor":6.0,"key":"SMITH"},{"floor":8.0,"key":"REST"},{"floor":15.0,"key":"REST"},{"floor":23.0,"key":"REST"},{"floor":24.0,"key":"REST"},{"data":"Fission","floor":25.0,"key":"SMITH"},{"data":"Defragment","floor":27.0,"key":"SMITH"},{"floor":32,"key":"REST"},{"floor":40,"key":"REST"},{"floor":42,"key":"REST"},{"floor":44,"key":"REST"},{"data":"Consume","floor":49,"key":"SMITH"}],"neow_cost":"","seed_source_timestamp":0,"circlet_count":0,"master_deck":["Strike_B+1","Defend_B+1","Defend_B+1","Defend_B+1","Defend_B+1","Zap+1","Dualcast+1","AscendersBane","Ball Lightning+1","Cold Snap+1","Loop+1","Coolheaded+1","Auto Shields+1","Defragment+1","Leap+1","Fission+1","Barrage+1","Melter+1","Swift Strike+1","Dramatic Entrance+1","Self Repair+1","Loop","Consume+1"],"special_seed":0,"relics":["Cracked Core","Mercury Hourglass","WingedGreaves","Dodecahedron","Inserter","Matryoshka","Pear","Symbiotic Virus","Anchor","Blood Vial","Lizard Tail","Happy Flower","Mark of the Bloom","Shuriken","Emotion Chip"],"potions_floor_usage":[33,33,47,48],"damage_taken":[{"damage":9.0,"enemies":"Jaw Worm","floor":1.0,"turns":3.0},{"damage":3.0,"enemies":"2 Louse","floor":3.0,"turns":2.0},{"damage":8.0,"enemies":"Small Slimes","floor":5.0,"turns":2.0},{"damage":7.0,"enemies":"Exordium Wildlife","floor":7.0,"turns":3.0},{"damage":24.0,"enemies":"Lagavulin","floor":10.0,"turns":6.0},{"damage":10.0,"enemies":"Red Slaver","floor":11.0,"turns":3.0},{"damage":7.0,"enemies":"Looter","floor":12.0,"turns":3.0},{"damage":0.0,"enemies":"3 Louse","floor":14.0,"turns":1.0},{"damage":26.0,"enemies":"The Guardian","floor":16.0,"turns":12.0},{"damage":5.0,"enemies":"3 Byrds","floor":18.0,"turns":3.0},{"damage":19.0,"enemies":"Spheric Guardian","floor":21.0,"turns":5.0},{"damage":23.0,"enemies":"Snecko","floor":22.0,"turns":5.0},{"damage":28,"enemies":"Shelled Parasite and Fungi","floor":30,"turns":5},{"damage":47,"enemies":"Automaton","floor":33,"turns":11},{"damage":13,"enemies":"3 Darklings","floor":35,"turns":7},{"damage":5,"enemies":"3 Shapes","floor":39,"turns":5},{"damage":14,"enemies":"Transient","floor":45,"turns":5},{"damage":0,"enemies":"Reptomancer","floor":47,"turns":5},{"damage":23,"enemies":"Spire Growth","floor":48,"turns":4},{"damage":37,"enemies":"Awakened One","floor":50,"turns":3}],"seed_played":"-2746461218205521852","potions_obtained":[{"floor":7.0,"key":"LiquidBronze"},{"floor":10.0,"key":"FearPotion"},{"floor":11.0,"key":"Explosive Potion"},{"floor":14.0,"key":"PowerPotion"},{"floor":18.0,"key":"LiquidBronze"},{"floor":22.0,"key":"Dexterity Potion"},{"floor":35,"key":"Block Potion"},{"floor":45,"key":"SkillPotion"}],"is_trial":false,"path_per_floor":["M","?","M","T","M","R","M","R","T","E","M","M","$","M","R","B",null,"M","?","?","M","M","R","R","R","T","R","?","$","M","T","R","B",null,"M","?","$","?","M","R","?","R","T","R","M","$","M","M","R"],"character_chosen":"DEFECT","items_purchased":["Defragment","Leap","PowerPotion","Happy Flower","Dramatic Entrance","Loop","Emotion Chip"],"campfire_rested":8,"item_purchase_floors":[13,13,29,37,37,46,46],"current_hp_per_floor":[55,55,52,52,44,44,37,56,56,32,22,15,15,15,34,8,50,45,45,45,26,3,22,41,41,51,51,66,66,38,38,60,15,59,48,48,48,48,45,67,67,67,67,67,53,53,53,30,30,0],"gold":33,"neow_bonus":"","is_prod":false,"is_daily":false,"chose_seed":false,"campfire_upgraded":4,"win_rate":0,"timestamp":1537092922,"path_taken":["M","?","M","?","M","R","M","R","T","E","M","M","$","M","R","BOSS","M","?","?","?","M","R","R","R","T","R","?","$","M","?","R","BOSS","M","?","$","?","?","R","?","R","T","R","M","$","?","M","R","BOSS"],"build_version":"2018-09-06","purchased_purges":3,"victory":false,"max_hp_per_floor":[71,64,64,64,64,64,64,64,64,64,64,64,64,64,64,64,64,64,64,64,64,64,64,64,64,74,74,74,74,74,74,74,74,74,74,74,74,74,74,74,74,74,74,74,74,74,74,74,74,74],"card_choices":[{"not_picked":["Streamline","Gash"],"picked":"Ball Lightning","floor":1.0},{"not_picked":["Tempest","Turbo","Recycle"],"picked":"SKIP","floor":3.0},{"not_picked":["Blizzard","Steam Power"],"picked":"Cold Snap","floor":5.0},{"not_picked":["Heatsinks","Redo"],"picked":"Loop","floor":7.0},{"not_picked":["Force Field","Go for the Eyes"],"picked":"Coolheaded","floor":10.0},{"not_picked":["Thunder Strike","Darkness"],"picked":"Auto Shields","floor":11.0},{"not_picked":["Coolheaded","Stack","Rebound"],"picked":"SKIP","floor":12.0},{"not_picked":["Hologram","Cold Snap","Skim"],"picked":"SKIP","floor":14.0},{"not_picked":["Core Surge","Buffer"],"picked":"Fission","floor":16.0},{"not_picked":["Reinforced Body","Chaos","Barrage"],"picked":"SKIP","floor":18.0},{"not_picked":["Reinforced Body","Chaos"],"picked":"Barrage","floor":18.0},{"not_picked":["Barrage","Force Field"],"picked":"Melter","floor":21.0},{"not_picked":["Go for the Eyes","Stack","Redo"],"picked":"SKIP","floor":22.0},{"not_picked":["Double Energy","Hyperbeam","Leap"],"picked":"SKIP","floor":30},{"not_picked":["Rebound","Scrape","Aggregate"],"picked":"SKIP","floor":35},{"not_picked":["Mayhem","Panache"],"picked":"Swift Strike","floor":36},{"not_picked":["Lockon","Blizzard"],"picked":"Self Repair","floor":39},{"not_picked":["Redo+1","Lockon","Turbo+1"],"picked":"SKIP","floor":45},{"not_picked":["Ball Lightning","Redo"],"picked":"Consume","floor":47},{"not_picked":["Ball Lightning","Stack+1","Streamline"],"picked":"SKIP","floor":48}],"player_experience":469205,"relics_obtained":[{"floor":4.0,"key":"Mercury Hourglass"},{"floor":9.0,"key":"WingedGreaves"},{"floor":10.0,"key":"Dodecahedron"},{"floor":19.0,"key":"Matryoshka"},{"floor":26.0,"key":"Pear"},{"floor":26.0,"key":"Symbiotic Virus"},{"floor":31,"key":"Anchor"},{"floor":31,"key":"Blood Vial"},{"floor":43,"key":"Shuriken"}],"event_choices":[{"event_name":"Golden Idol","player_choice":"Lose Max HP","floor":2.0,"damage_taken":0.0},{"event_name":"Wheel of Change","player_choice":"Relic","floor":19.0,"damage_taken":0.0},{"event_name":"Golden Shrine","player_choice":"Pray","floor":20.0,"damage_taken":0.0},{"event_name":"The Library","player_choice":"Heal","floor":28,"damage_taken":0},{"event_name":"SensoryStone","player_choice":"Memory 1","floor":36,"damage_taken":0},{"event_name":"The Moai Head","player_choice":"Gave Idol","floor":38,"damage_taken":0},{"event_name":"MindBloom","player_choice":"Upgrade","floor":41,"damage_taken":0}],"is_beta":false,"boss_relics":[{"not_picked":["Busted Crown","Empty Cage"],"picked":"Inserter"},{"not_picked":["Coffee Dripper","Velvet Choker"],"picked":"Lizard Tail"}],"items_purged_floors":[13,29,46],"is_endless":false,"potions_floor_spawned":[7,10,11,14,18,22,30,35,45],"killed_by":"Awakened One","ascension_level":15}