{"gold_per_floor":[110,127,127,127,147,147,175,175,222,257,269,269,286,286,286,381,381,397,46,63,63,63,63,80,80,80,114,114,127,180,180,180,180],"floor_reached":33,"playtime":3218,"items_purged":["Strike_G"],"score":435,"play_id":"beea7708-c858-4f44-aac3-5a11944d1c68","local_time":"20190802160545","is_ascension_mode":true,"campfire_choices":[{"data":"Deadly Poison","floor":6,"key":"SMITH"},{"data":"Catalyst","floor":8,"key":"SMITH"},{"floor":12,"key":"REST"},{"floor":15,"key":"REST"},{"data":"Finisher","floor":23,"key":"SMITH"},{"data":"After Image","floor":25,"key":"SMITH"},{"floor":32,"key":"REST"}],"neow_cost":"NONE","seed_source_timestamp":20752404039359,"circlet_count":0,"master_deck":["AscendersBane","Strike_G","Strike_G","Defend_G","Defend_G","Defend_G","Defend_G","Defend_G","Survivor","Neutralize","Finisher+1","Deadly Poison+1","Caltrops","Catalyst+1","Deflect","Dagger Spray","Poisoned Stab","After Image+1","Backflip+1","Cloak And Dagger+1","Endless Agony","Slice","Flying Knee+1"],"relics":["Ring of the Serpent","Happy Flower","Pen Nib","Mango","Oddly Smooth Stone","Anchor","Tiny Chest"],"potions_floor_usage":[7,16,24,27,27,33],"damage_taken":[{"damage":2,"enemies":"Jaw Worm","floor":1,"turns":6},{"damage":3,"enemies":"Small Slimes","floor":2,"turns":6},{"damage":0,"enemies":"2 Louse","floor":5,"turns":4},{"damage":33,"enemies":"Gremlin Nob","floor":7,"turns":4},{"damage":20,"enemies":"Lagavulin","floor":10,"turns":5},{"damage":10,"enemies":"Looter","floor":11,"turns":4},{"damage":9,"enemies":"Blue Slaver","floor":13,"turns":4},{"damage":49,"enemies":"Slime Boss","floor":16,"turns":15},{"damage":22,"enemies":"Shell Parasite","floor":18,"turns":4},{"damage":16,"enemies":"Spheric Guardian","floor":20,"turns":7},{"damage":18,"enemies":"Snecko","floor":24,"turns":5},{"damage":8,"enemies":"Slavers","floor":27,"turns":5},{"damage":9,"enemies":"Centurion and Healer","floor":29,"turns":6},{"damage":39,"enemies":"Automaton","floor":33,"turns":8}],"seed_played":"-8588272575962366666","potions_obtained":[{"floor":5,"key":"Swift Potion"},{"floor":7,"key":"Ancient Potion"},{"floor":11,"key":"GhostInAJar"},{"floor":16,"key":"PowerPotion"},{"floor":18,"key":"PowerPotion"},{"floor":29,"key":"Block Potion"}],"is_trial":false,"path_per_floor":["M","M","?","?","M","R","E","R","T","E","M","R","M","?","R","B",null,"M","$","M","?","?","R","M","R","T","E","?","M","T","?","R","B"],"character_chosen":"THE_SILENT","items_purchased":["Oddly Smooth Stone","Cloak And Dagger","Endless Agony"],"campfire_rested":3,"item_purchase_floors":[19,19,19],"current_hp_per_floor":[61,58,63,63,63,63,30,30,30,24,14,40,31,24,50,1,67,45,45,29,29,58,58,40,40,40,32,32,23,23,6,34,0],"gold":180,"neow_bonus":"REMOVE_CARD","is_prod":false,"is_daily":false,"chose_seed":false,"campfire_upgraded":4,"win_rate":0,"timestamp":1564754745,"path_taken":["M","M","?","?","M","R","E","R","T","E","M","R","M","?","R","BOSS","M","$","M","?","?","R","M","R","T","E","?","?","?","?","R","BOSS"],"build_version":"2019-07-17","purchased_purges":1,"victory":false,"max_hp_per_floor":[70,70,75,75,75,75,75,75,75,89,89,89,89,89,89,89,89,89,89,89,89,89,89,89,89,89,89,89,89,89,94,94,94],"card_choices":[{"not_picked":["PiercingWail","Quick Slash"],"picked":"Finisher","floor":1},{"not_picked":["Backflip","Heel Hook"],"picked":"Deadly Poison","floor":2},{"not_picked":["Tactician","Sucker Punch"],"picked":"Caltrops","floor":5},{"not_picked":["Venomology","Caltrops"],"picked":"Catalyst","floor":7},{"not_picked":["Underhanded Strike","Sucker Punch"],"picked":"Deflect","floor":10},{"not_picked":["Outmaneuver","Underhanded Strike"],"picked":"Dagger Spray","floor":11},{"not_picked":["Tactician","Choke"],"picked":"Poisoned Stab","floor":13},{"not_picked":["Glass Knife","Tools of the Trade"],"picked":"After Image","floor":16},{"not_picked":["Setup","Cloak And Dagger"],"picked":"Backflip+1","floor":18},{"not_picked":["Flying Knee","Cloak And Dagger"],"picked":"Slice","floor":20},{"not_picked":["Riddle With Holes","Dodge and Roll"],"picked":"Flying Knee+1","floor":24},{"not_picked":["Caltrops","Poisoned Stab","Flying Knee"],"picked":"SKIP","floor":27},{"not_picked":["Poisoned Stab","Setup","Dagger Spray+1"],"picked":"SKIP","floor":29}],"player_experience":696932,"relics_obtained":[{"floor":7,"key":"Happy Flower"},{"floor":9,"key":"Pen Nib"},{"floor":10,"key":"Mango"},{"floor":27,"key":"Anchor"},{"floor":30,"key":"Tiny Chest"}],"event_choices":[{"damage_healed":0,"gold_gain":0,"player_choice":"Donut","damage_taken":0,"max_hp_gain":5,"max_hp_loss":0,"event_name":"Big Fish","floor":3,"gold_loss":0},{"damage_healed":0,"gold_gain":0,"player_choice":"Ignored","damage_taken":0,"max_hp_gain":0,"max_hp_loss":0,"event_name":"Golden Idol","floor":4,"gold_loss":0},{"cards_removed":["Strike_G"],"damage_healed":0,"gold_gain":0,"player_choice":"Card Removal","damage_taken":7,"max_hp_gain":0,"max_hp_loss":0,"event_name":"Golden Wing","floor":14,"gold_loss":0},{"damage_healed":0,"gold_gain":0,"player_choice":"Ignored","damage_taken":0,"max_hp_gain":0,"max_hp_loss":0,"event_name":"Ghosts","floor":21,"gold_loss":0},{"damage_healed":29,"gold_gain":0,"player_choice":"Heal","damage_taken":0,"max_hp_gain":0,"max_hp_loss":0,"event_name":"The Library","floor":22,"gold_loss":0},{"damage_healed":0,"gold_gain":0,"player_choice":"Forge","damage_taken":0,"max_hp_gain":0,"max_hp_loss":0,"event_name":"Accursed Blacksmith","floor":28,"gold_loss":0,"cards_upgraded":["Cloak And Dagger"]},{"damage_healed":0,"gold_gain":0,"player_choice":"Shed Blood","damage_taken":22,"max_hp_gain":5,"max_hp_loss":0,"event_name":"Forgotten Altar","floor":31,"gold_loss":0}],"is_beta":false,"boss_relics":[{"not_picked":["Black Star","Eternal Feather"],"picked":"Ring of the Serpent"}],"items_purged_floors":[19],"is_endless":false,"potions_floor_spawned":[5,7,11,16,18,20,29],"killed_by":"Automaton","ascension_level":10}