{"gold_per_floor":[115,131,149,163,174,237,39,72,72,124,124,124,158,83,83,83],"floor_reached":16,"playtime":1607,"items_purged":["Strike_G"],"score":156,"play_id":"be26c015-4cd0-4b74-b0b5-b015f13e7b0e","local_time":"20190717210612","is_ascension_mode":true,"campfire_choices":[{"floor":11,"key":"REST"},{"data":"Reflex","floor":15,"key":"SMITH"}],"neow_cost":"NONE","seed_source_timestamp":177302453941800,"circlet_count":0,"master_deck":["Strike_G","Strike_G","Strike_G","Strike_G","Defend_G","Defend_G","Defend_G","Defend_G","Defend_G","Survivor","Neutralize","Tools of the Trade","Poisoned Stab","Flying Knee","Cloak And Dagger","Dash","Reflex+1","Catalyst","Well Laid Plans","Backflip","Deadly Poison","Bouncing Flask","Glass Knife"],"relics":["Ring of the Snake","Tiny Chest","WingedGreaves","Kunai","Juzu Bracelet","Dodecahedron"],"potions_floor_usage":[6,6,13,16],"damage_taken":[{"damage":0,"enemies":"Cultist","floor":1,"turns":5},{"damage":3,"enemies":"Jaw Worm","floor":2,"turns":4},{"damage":0,"enemies":"2 Louse","floor":3,"turns":3},{"damage":5,"enemies":"Looter","floor":4,"turns":3},{"damage":1,"enemies":"Blue Slaver","floor":5,"turns":4},{"damage":18,"enemies":"Lagavulin","floor":6,"turns":10},{"damage":20,"enemies":"Gremlin Nob","floor":8,"turns":5},{"damage":14,"enemies":"3 Sentries","floor":13,"turns":9},{"damage":41,"enemies":"Slime Boss","floor":16,"turns":9}],"seed_played":"1070089784608382457","potions_obtained":[{"floor":2,"key":"Regen Potion"},{"floor":4,"key":"Weak Potion"},{"floor":5,"key":"EssenceOfSteel"},{"floor":13,"key":"EssenceOfSteel"}],"is_trial":false,"path_per_floor":["M","M","M","M","M","E","$","E","T","?","R","T","E","$","R","B"],"character_chosen":"THE_SILENT","items_purchased":["Well Laid Plans","Backflip","Glass Knife"],"campfire_rested":1,"item_purchase_floors":[7,7,14],"current_hp_per_floor":[63,60,60,55,54,36,36,16,16,16,37,37,38,38,38,0],"gold":83,"neow_bonus":"ONE_RANDOM_RARE_CARD","is_prod":false,"is_daily":false,"chose_seed":false,"campfire_upgraded":1,"win_rate":0,"timestamp":1563411972,"path_taken":["M","?","M","M","M","E","$","E","T","?","R","?","E","$","R","BOSS"],"build_version":"2019-07-05","purchased_purges":1,"victory":false,"max_hp_per_floor":[70,70,70,70,70,70,70,70,70,70,70,70,70,70,70,70],"card_choices":[{"not_picked":["Blade Dance","Cloak And Dagger"],"picked":"Poisoned Stab","floor":1},{"not_picked":["Poisoned Stab","Acrobatics"],"picked":"Flying Knee","floor":2},{"not_picked":["Setup","Eviscerate"],"picked":"Cloak And Dagger","floor":3},{"not_picked":["Escape Plan","Backstab"],"picked":"Dash","floor":4},{"not_picked":["Quick Slash","Prepared"],"picked":"Reflex","floor":5},{"not_picked":["Flechettes","Riddle With Holes"],"picked":"Catalyst","floor":6},{"not_picked":["Distraction","Deflect"],"picked":"Deadly Poison","floor":8},{"not_picked":["Flying Knee","Infinite Blades"],"picked":"Bouncing Flask","floor":13}],"player_experience":486387,"relics_obtained":[{"floor":6,"key":"Tiny Chest"},{"floor":8,"key":"WingedGreaves"},{"floor":9,"key":"Kunai"},{"floor":12,"key":"Juzu Bracelet"},{"floor":13,"key":"Dodecahedron"}],"event_choices":[{"damage_healed":0,"gold_gain":52,"player_choice":"Gained Gold","damage_taken":0,"max_hp_gain":0,"max_hp_loss":0,"event_name":"Golden Wing","floor":10,"gold_loss":0}],"is_beta":false,"boss_relics":[],"items_purged_floors":[7],"is_endless":false,"potions_floor_spawned":[2,4,5,13],"killed_by":"Slime Boss","ascension_level":6}