{"gold_per_floor":[365,147,167,183,196,196,196,211,211,234,234,252,252,252,252,348,348,373,373],"floor_reached":19,"playtime":531,"items_purged":["Strike_R"],"score":274,"play_id":"fa1d7459-58a8-4c67-a9e7-44aa01f32654","local_time":"20180808001614","is_ascension_mode":true,"campfire_choices":[{"data":"Flex","floor":6.0,"key":"SMITH"},{"floor":11.0,"key":"REST"},{"data":"Rampage","floor":13.0,"key":"SMITH"},{"floor":15.0,"key":"REST"}],"neow_cost":"TEN_PERCENT_HP_LOSS","seed_source_timestamp":0,"circlet_count":0,"master_deck":["Strike_R","Strike_R","Strike_R","Defend_R","Defend_R","Defend_R","Defend_R","Bash","AscendersBane","Rampage+1","Flex+1","Inflame","Double Tap"],"special_seed":0,"relics":["Burning Blood","Happy Flower","Golden Idol","Gambling Chip","Philosopher\u0027s Stone"],"potions_floor_usage":[19],"damage_taken":[{"damage":6.0,"enemies":"Cultist","floor":1.0,"turns":3.0},{"damage":9.0,"enemies":"Jaw Worm","floor":3.0,"turns":4.0},{"damage":5.0,"enemies":"2 Louse","floor":4.0,"turns":4.0},{"damage":25.0,"enemies":"Gremlin Gang","floor":5.0,"turns":5.0},{"damage":11.0,"enemies":"Blue Slaver","floor":8.0,"turns":3.0},{"damage":12.0,"enemies":"Exordium Thugs","floor":10.0,"turns":4.0},{"damage":5.0,"enemies":"2 Fungi Beasts","floor":12.0,"turns":3.0},{"damage":40.0,"enemies":"The Guardian","floor":16.0,"turns":9.0},{"damage":16,"enemies":"2 Thieves","floor":18,"turns":4},{"damage":48,"enemies":"Shell Parasite","floor":19,"turns":5}],"seed_played":"-1077875190717611381","potions_obtained":[{"floor":4.0,"key":"BloodPotion"},{"floor":16.0,"key":"PowerPotion"},{"floor":18,"key":"Poison Potion"}],"is_trial":false,"path_per_floor":["M","$","M","M","M","R","?","M","T","M","R","M","R","?","R","B",null,"M"],"character_chosen":"IRONCLAD","items_purchased":["Happy Flower"],"campfire_rested":2,"item_purchase_floors":[2],"current_hp_per_floor":[68,68,65,66,47,47,30,25,25,19,39,40,40,33,53,25,57,47,0],"gold":373,"neow_bonus":"TWO_FIFTY_GOLD","is_prod":false,"is_daily":false,"chose_seed":false,"campfire_upgraded":2,"win_rate":0,"timestamp":1533676574,"path_taken":["M","$","M","?","M","R","?","M","T","?","R","M","R","?","R","BOSS","M","M"],"build_version":"2018-08-02","purchased_purges":1,"victory":false,"max_hp_per_floor":[68,68,68,68,68,68,68,68,68,68,68,68,68,68,68,68,68,68,68],"card_choices":[{"not_picked":["Heavy Blade","Armaments"],"picked":"Rampage","floor":1.0},{"not_picked":["Anger","Iron Wave","Twin Strike"],"picked":"SKIP","floor":3.0},{"not_picked":["Warcry","Twin Strike","Iron Wave"],"picked":"SKIP","floor":4.0},{"not_picked":["Seeing Red","Clash"],"picked":"Flex","floor":5.0},{"not_picked":["Warcry","Thunderclap"],"picked":"Inflame","floor":8.0},{"not_picked":["Evolve","Clash","Spot Weakness"],"picked":"SKIP","floor":10.0},{"not_picked":["Armaments","Clash","Twin Strike"],"picked":"SKIP","floor":12.0},{"not_picked":["Offering","Dark Embrace"],"picked":"Double Tap","floor":16.0},{"not_picked":["Clothesline","Clash","Rampage"],"picked":"SKIP","floor":18}],"player_experience":412759,"relics_obtained":[{"floor":9.0,"key":"Gambling Chip"}],"event_choices":[{"event_name":"Golden Idol","player_choice":"Take Damage","floor":7.0,"damage_taken":0.0},{"event_name":"Golden Wing","player_choice":"Card Removal","floor":14.0,"damage_taken":0.0}],"is_beta":false,"boss_relics":[{"not_picked":["Calling Bell","Lizard Tail"],"picked":"Philosopher\u0027s Stone"}],"items_purged_floors":[2],"is_endless":false,"potions_floor_spawned":[4,16,18],"killed_by":"Shell Parasite","ascension_level":14}