{"gold_per_floor":[117,117,132,132,155,155,32,62,62,62],"floor_reached":10,"playtime":265,"items_purged":["Strike_G"],"score":87,"play_id":"3ff0738f-b1cd-4c76-86da-0ef53ba6dc92","local_time":"20190104220615","is_ascension_mode":true,"campfire_choices":[{"floor":6,"key":"REST"}],"neow_cost":"NONE","seed_source_timestamp":32087085402692,"circlet_count":0,"master_deck":["AscendersBane","Defend_G","Defend_G","Defend_G","Defend_G","Defend_G","Strike_G","Strike_G","Strike_G","Strike_G","Survivor","Neutralize","Deflect","Noxious Fumes","Deadly Poison","Cloak And Dagger"],"relics":["Ring of the Snake","Boot","Golden Idol","Odd Mushroom","The Courier"],"potions_floor_usage":[],"damage_taken":[{"damage":1,"enemies":"2 Louse","floor":1,"turns":3},{"damage":0,"enemies":"Jaw Worm","floor":3,"turns":4},{"damage":7,"enemies":"Small Slimes","floor":5,"turns":5},{"damage":18,"enemies":"The Mushroom Lair","floor":8,"turns":6},{"damage":54,"enemies":"Gremlin Nob","floor":10,"turns":6}],"seed_played":"6705208394594006171","potions_obtained":[],"is_trial":false,"path_per_floor":["M","?","M","?","M","R","$","?","T","E"],"character_chosen":"THE_SILENT","items_purchased":["Deadly Poison"],"campfire_rested":1,"item_purchase_floors":[7],"current_hp_per_floor":[62,45,45,50,43,65,65,47,47,0],"gold":62,"neow_bonus":"RANDOM_COMMON_RELIC","is_prod":false,"is_daily":false,"chose_seed":false,"campfire_upgraded":0,"win_rate":0,"timestamp":1546628775,"path_taken":["M","?","M","?","M","R","?","?","T","E"],"build_version":"2019-01-03v3","purchased_purges":1,"victory":false,"max_hp_per_floor":[70,70,70,75,75,75,75,75,75,75],"card_choices":[{"not_picked":["Bane","Prepared"],"picked":"Deflect","floor":1},{"not_picked":["Blade Dance","Accuracy","Underhanded Strike"],"picked":"SKIP","floor":3},{"not_picked":["Sucker Punch","Outmaneuver"],"picked":"Noxious Fumes","floor":5},{"not_picked":["Dagger Throw","All Out Attack"],"picked":"Cloak And Dagger","floor":8}],"player_experience":654267,"relics_obtained":[{"floor":8,"key":"Odd Mushroom"},{"floor":9,"key":"The Courier"}],"event_choices":[{"damage_healed":0,"gold_gain":0,"player_choice":"Take Damage","damage_taken":17,"relics_obtained":["Golden Idol"],"max_hp_gain":0,"max_hp_loss":0,"event_name":"Golden Idol","floor":2,"gold_loss":0},{"damage_healed":0,"gold_gain":0,"player_choice":"Donut","damage_taken":0,"max_hp_gain":5,"max_hp_loss":0,"event_name":"Big Fish","floor":4,"gold_loss":0},{"damage_healed":0,"gold_gain":0,"player_choice":"Fought Mushrooms","damage_taken":0,"max_hp_gain":0,"max_hp_loss":0,"event_name":"Mushrooms","floor":8,"gold_loss":0}],"is_beta":false,"boss_relics":[],"items_purged_floors":[7],"is_endless":false,"potions_floor_spawned":[],"killed_by":"Gremlin Nob","ascension_level":11}