{"gold_per_floor":[111,121,136,156,156,156,186,196,196,213,228,261,261,272,272,374,374,386,386,403,403,61,89,89,108,133,133,133,133,133,152,152,251,251,267,278,72,82,95,121,121,121],"floor_reached":42,"playtime":10035,"items_purged":["Strike_R","Strike_R"],"score":464,"play_id":"b29055b5-9b57-4a55-906f-212498f967e4","local_time":"20190203152749","is_ascension_mode":false,"campfire_choices":[{"data":"Armaments","floor":6.0,"key":"SMITH"},{"data":"Pommel Strike","floor":13.0,"key":"SMITH"},{"data":"Dual Wield","floor":15.0,"key":"SMITH"},{"data":"1","floor":24,"key":"LIFT"},{"data":"True Grit","floor":27,"key":"SMITH"},{"data":"2","floor":29,"key":"LIFT"},{"data":"3","floor":32,"key":"LIFT"},{"data":"Juggernaut","floor":41,"key":"SMITH"}],"neow_cost":"NONE","seed_source_timestamp":1795139041277333,"circlet_count":0,"master_deck":["Strike_R","Strike_R+1","Strike_R+1","Defend_R","Defend_R","Defend_R","Defend_R","Bash","Pommel Strike+1","Iron Wave","Armaments+1","Shrug It Off","Clothesline","Impervious","Shockwave","Intimidate","Dual Wield+1","Offering","Perfected Strike+1","Twin Strike","Pommel Strike+1","Reaper","True Grit+1","Combust","Juggernaut+1","Rage+1","Heavy Blade","Panacea","True Grit+1","Double Tap"],"special_seed":0,"relics":["Coffee Dripper","Whetstone","Bird Faced Urn","Bottled Flame","Mark of Pain","Ornamental Fan","Girya","Happy Flower","Black Star","Bag of Marbles","Letter Opener"],"potions_floor_usage":[23,23,25,33,39,40],"damage_taken":[{"damage":1.0,"enemies":"Cultist","floor":1.0,"turns":3.0},{"damage":1.0,"enemies":"Jaw Worm","floor":2.0,"turns":3.0},{"damage":0.0,"enemies":"2 Louse","floor":3.0,"turns":2.0},{"damage":26.0,"enemies":"Gremlin Gang","floor":4.0,"turns":7.0},{"damage":5.0,"enemies":"Lagavulin","floor":7.0,"turns":6.0},{"damage":12.0,"enemies":"Exordium Thugs","floor":8.0,"turns":3.0},{"damage":0.0,"enemies":"Looter","floor":10.0,"turns":2.0},{"damage":0.0,"enemies":"Lots of Slimes","floor":11.0,"turns":4.0},{"damage":15.0,"enemies":"3 Sentries","floor":12.0,"turns":6.0},{"damage":2.0,"enemies":"Gremlin Gang","floor":14.0,"turns":4.0},{"damage":8.0,"enemies":"The Guardian","floor":16.0,"turns":10.0},{"damage":6.0,"enemies":"3 Byrds","floor":18.0,"turns":6.0},{"damage":12.0,"enemies":"2 Thieves","floor":20.0,"turns":4.0},{"damage":0.0,"enemies":"Snake Plant","floor":21.0,"turns":2.0},{"damage":27,"enemies":"Slavers","floor":23,"turns":7},{"damage":9,"enemies":"Sentry and Sphere","floor":25,"turns":4},{"damage":3,"enemies":"Colosseum Slavers","floor":28,"turns":4},{"damage":23,"enemies":"Centurion and Healer","floor":31,"turns":4},{"damage":23,"enemies":"Automaton","floor":33,"turns":8},{"damage":2,"enemies":"Orb Walker","floor":35,"turns":3},{"damage":8,"enemies":"3 Shapes","floor":36,"turns":3},{"damage":1,"enemies":"Transient","floor":38,"turns":5},{"damage":23,"enemies":"Sphere and 2 Shapes","floor":39,"turns":4},{"damage":56,"enemies":"Nemesis","floor":40,"turns":7},{"damage":50,"enemies":"Giant Head","floor":42,"turns":7}],"seed_played":"5741444009750152077","potions_obtained":[{"floor":2.0,"key":"LiquidBronze"},{"floor":3.0,"key":"Strength Potion"},{"floor":8.0,"key":"Dexterity Potion"},{"floor":12.0,"key":"LiquidBronze"},{"floor":19.0,"key":"LiquidBronze"},{"floor":19.0,"key":"Ancient Potion"},{"floor":19.0,"key":"SmokeBomb"},{"floor":23,"key":"SpeedPotion"},{"floor":31,"key":"Fruit Juice"},{"floor":33,"key":"SkillPotion"},{"floor":36,"key":"SteroidPotion"}],"is_trial":false,"path_per_floor":["M","M","M","M","?","R","E","M","T","M","M","E","R","M","R","B",null,"M","?","M","M","$","E","R","M","T","R","?","R","?","M","R","B",null,"M","M","$","M","M","E","R","E"],"character_chosen":"IRONCLAD","items_purchased":["Ornamental Fan","Pommel Strike","Heavy Blade","Panacea"],"campfire_rested":0,"item_purchase_floors":[22,22,37,37],"current_hp_per_floor":[79,78,78,52,78,78,73,61,61,61,61,46,46,44,44,36,80,74,74,62,62,62,35,35,26,26,26,28,28,28,17,17,1,85,85,79,79,84,61,19,19,0],"gold":121,"neow_bonus":"BOSS_RELIC","is_prod":false,"is_daily":false,"chose_seed":false,"campfire_upgraded":5,"win_rate":0,"timestamp":1549204069,"path_taken":["M","M","M","?","?","R","E","M","T","M","M","E","R","M","R","BOSS","M","?","M","?","$","E","R","M","T","R","?","R","?","M","R","BOSS","M","M","$","M","?","E","R","E"],"build_version":"2019-01-23","purchased_purges":2,"victory":false,"max_hp_per_floor":[80,80,80,80,80,80,80,80,80,80,80,80,80,80,80,80,80,80,80,80,80,80,80,80,80,80,80,80,80,80,80,80,85,85,85,85,85,85,85,85,85,85],"card_choices":[{"not_picked":["Wild Strike","Anger"],"picked":"Pommel Strike","floor":1.0},{"not_picked":["Wild Strike","Thunderclap"],"picked":"Iron Wave","floor":2.0},{"not_picked":["Heavy Blade","Shockwave"],"picked":"Armaments","floor":3.0},{"not_picked":["Perfected Strike","Sword Boomerang"],"picked":"Shrug It Off","floor":4.0},{"not_picked":["Berserk","Pommel Strike"],"picked":"Clothesline","floor":7.0},{"not_picked":["Pommel Strike","Sword Boomerang","Anger"],"picked":"SKIP","floor":8.0},{"not_picked":["Power Through","Cleave"],"picked":"Impervious","floor":10.0},{"not_picked":["Iron Wave","Shrug It Off"],"picked":"Shockwave","floor":11.0},{"not_picked":["Sword Boomerang","Pummel"],"picked":"Intimidate","floor":12.0},{"not_picked":["Armaments","Ghostly Armor"],"picked":"Dual Wield","floor":14.0},{"not_picked":["Brutality","Limit Break"],"picked":"Offering","floor":16.0},{"not_picked":["Cleave","Sword Boomerang"],"picked":"Perfected Strike+1","floor":18.0},{"not_picked":["Ghostly Armor","Clash"],"picked":"Twin Strike","floor":20.0},{"not_picked":["Corruption","Wild Strike"],"picked":"Reaper","floor":23},{"not_picked":["Shrug It Off","Intimidate"],"picked":"True Grit","floor":25},{"not_picked":["Battle Trance","Entrench"],"picked":"Combust","floor":31},{"not_picked":["Impervious","Double Tap"],"picked":"Juggernaut","floor":33},{"not_picked":["Cleave+1","Fire Breathing"],"picked":"Rage+1","floor":35},{"not_picked":["Iron Wave+1","Clash+1","Warcry+1"],"picked":"SKIP","floor":36},{"not_picked":["Heavy Blade","Twin Strike","Shrug It Off"],"picked":"SKIP","floor":38},{"not_picked":["Body Slam","Pommel Strike+1"],"picked":"True Grit+1","floor":39},{"not_picked":["Twin Strike","True Grit+1"],"picked":"Double Tap","floor":40}],"player_experience":101024,"relics_obtained":[{"floor":7.0,"key":"Whetstone"},{"floor":9.0,"key":"Bird Faced Urn"},{"floor":12.0,"key":"Bottled Flame"},{"floor":23,"key":"Girya"},{"floor":26,"key":"Happy Flower"},{"floor":40,"key":"Bag of Marbles"},{"floor":40,"key":"Letter Opener"}],"event_choices":[{"damage_healed":26.0,"max_hp_gain":0.0,"max_hp_loss":0.0,"gold_gain":0.0,"event_name":"Big Fish","player_choice":"Banana","floor":5.0,"gold_loss":0.0,"damage_taken":0.0},{"damage_healed":0.0,"max_hp_gain":0.0,"max_hp_loss":0.0,"gold_gain":0.0,"event_name":"Lab","player_choice":"Got Potions","floor":19.0,"gold_loss":0.0,"damage_taken":0.0},{"damage_healed":0,"gold_gain":0,"player_choice":"Fight","damage_taken":0,"max_hp_gain":0,"max_hp_loss":0,"event_name":"Colosseum","floor":28,"gold_loss":0},{"damage_healed":0,"gold_gain":0,"player_choice":"Fled From Nobs","damage_taken":0,"max_hp_gain":0,"max_hp_loss":0,"event_name":"Colosseum","floor":28,"gold_loss":0},{"damage_healed":0,"gold_gain":0,"player_choice":"Forge","damage_taken":0,"max_hp_gain":0,"max_hp_loss":0,"event_name":"Accursed Blacksmith","floor":30,"gold_loss":0,"cards_upgraded":["Pommel Strike"]}],"is_beta":false,"boss_relics":[{"not_picked":["Velvet Choker","Busted Crown"],"picked":"Mark of Pain"},{"not_picked":["Philosopher\u0027s Stone","Runic Dome"],"picked":"Black Star"}],"items_purged_floors":[22,37],"is_endless":false,"potions_floor_spawned":[2,3,8,12,23,28,31,33,36],"killed_by":"Giant Head","ascension_level":0}