{"gold_per_floor":[110,60,80,91,91,91,126,126,207,207,219,219,219,233,233,352,352,370,409,409,34,34,34,112,90,90,126,48,69,69,89,89,213,213,236,236,252,270,288,288,312,312,366,0,0,333,333,4,4,4],"floor_reached":51,"playtime":1752,"items_purged":["Strike_G"],"score":1022,"play_id":"d6a23f9f-6f32-445a-b1d8-212624266cb6","local_time":"20181111012847","is_ascension_mode":true,"campfire_choices":[{"data":"Dash","floor":6.0,"key":"SMITH"},{"floor":8.0,"key":"REST"},{"data":"Dagger Spray","floor":10.0,"key":"SMITH"},{"floor":13.0,"key":"REST"},{"data":"Noxious Fumes","floor":15.0,"key":"SMITH"},{"data":"Neutralize","floor":23.0,"key":"SMITH"},{"floor":30.0,"key":"REST"},{"data":"Deadly Poison","floor":32.0,"key":"SMITH"},{"floor":40,"key":"REST"},{"floor":42,"key":"REST"},{"data":"Burst","floor":45,"key":"SMITH"},{"data":"Dodge and Roll","floor":47,"key":"SMITH"},{"floor":49,"key":"REST"}],"neow_cost":"NONE","seed_source_timestamp":41825112588088,"circlet_count":0,"master_deck":["AscendersBane","Defend_G","Defend_G","Defend_G","Defend_G","Strike_G","Strike_G","Strike_G","Strike_G","Survivor","Neutralize+1","Dagger Spray+1","Dash+1","PiercingWail","Noxious Fumes+1","Adrenaline+1","Footwork+1","Deadly Poison+1","Quick Slash","Deadly Poison+1","Caltrops+1","Adrenaline","Burst+1","Noxious Fumes+1","Leg Sweep","Bane","Dodge and Roll+1","Footwork+1","Blur","Dash+1"],"special_seed":0,"relics":["Black Star","Oddly Smooth Stone","Bag of Marbles","Tiny Chest","Philosopher\u0027s Stone","Red Mask","Lee\u0027s Waffle","Frozen Egg 2","Kunai","Orichalcum","War Paint","Orrery","Boot","Ice Cream","DollysMirror"],"potions_floor_usage":[39,39,50],"damage_taken":[{"damage":7.0,"enemies":"Small Slimes","floor":1.0,"turns":5.0},{"damage":1.0,"enemies":"Jaw Worm","floor":3.0,"turns":4.0},{"damage":9.0,"enemies":"2 Louse","floor":4.0,"turns":3.0},{"damage":27.0,"enemies":"3 Sentries","floor":7.0,"turns":9.0},{"damage":1.0,"enemies":"Large Slime","floor":11.0,"turns":8.0},{"damage":0.0,"enemies":"Looter","floor":14.0,"turns":3.0},{"damage":43.0,"enemies":"Slime Boss","floor":16.0,"turns":9.0},{"damage":18.0,"enemies":"Spheric Guardian","floor":18.0,"turns":6.0},{"damage":14.0,"enemies":"Masked Bandits","floor":19.0,"turns":5.0},{"damage":14.0,"enemies":"Colosseum Slavers","floor":20.0,"turns":5.0},{"damage":28.0,"enemies":"Slavers","floor":27.0,"turns":6.0},{"damage":13.0,"enemies":"3 Byrds","floor":29.0,"turns":5.0},{"damage":0.0,"enemies":"Snake Plant","floor":31.0,"turns":4.0},{"damage":44.0,"enemies":"Collector","floor":33.0,"turns":10.0},{"damage":2.0,"enemies":"3 Shapes","floor":35.0,"turns":5.0},{"damage":8.0,"enemies":"Orb Walker","floor":37.0,"turns":4.0},{"damage":10,"enemies":"Maw","floor":38,"turns":9},{"damage":3,"enemies":"Transient","floor":39,"turns":5},{"damage":38,"enemies":"Spire Growth","floor":41,"turns":7},{"damage":18,"enemies":"Time Eater","floor":50,"turns":14}],"seed_played":"8903428699197101865","potions_obtained":[{"floor":4.0,"key":"Swift Potion"},{"floor":7.0,"key":"Swift Potion"},{"floor":14.0,"key":"EssenceOfSteel"},{"floor":19.0,"key":"EssenceOfSteel"},{"floor":27.0,"key":"Block Potion"},{"floor":29.0,"key":"GhostInAJar"},{"floor":33.0,"key":"SteroidPotion"},{"floor":35.0,"key":"GhostInAJar"},{"floor":38,"key":"Block Potion"},{"floor":41,"key":"Explosive Potion"}],"is_trial":false,"path_per_floor":["M","?","M","M","?","R","E","R","T","R","M","?","R","M","R","B",null,"M","?","?","$","?","R","T","$","T","E","$","M","R","M","R","B",null,"M","?","M","M","M","R","M","R","T","$","R","?","R","$","R","B",null],"character_chosen":"THE_SILENT","items_purchased":["Lee\u0027s Waffle","Deadly Poison","Quick Slash","Deadly Poison","Caltrops+1","Ice Cream","GhostInAJar","Blur","DollysMirror","Dexterity Potion"],"campfire_rested":6,"item_purchase_floors":[21,21,21,25,28,44,44,48,48,48],"current_hp_per_floor":[56,56,55,46,51,51,24,46,46,46,45,27,49,49,49,6,58,40,26,12,82,82,82,82,82,82,54,54,41,65,65,65,21,67,65,65,57,47,44,68,30,54,54,54,54,54,54,54,78,60],"gold":4,"neow_bonus":"BOSS_RELIC","is_prod":false,"is_daily":false,"chose_seed":false,"campfire_upgraded":7,"win_rate":0,"timestamp":1541888927,"path_taken":["M","?","M","M","?","R","E","R","T","R","M","?","R","M","R","BOSS","M","?","?","$","?","R","?","?","T","E","$","M","R","?","R","BOSS","M","?","?","?","M","R","M","R","T","$","R","?","R","$","R","BOSS"],"build_version":"2018-11-08","purchased_purges":1,"victory":true,"max_hp_per_floor":[70,70,70,70,75,75,75,75,75,75,75,75,75,75,75,75,75,75,75,75,82,82,82,82,82,82,82,82,82,82,82,82,82,82,82,82,82,82,82,82,82,82,82,82,82,82,82,82,82,82],"card_choices":[{"not_picked":["Prepared","Eviscerate","PiercingWail"],"picked":"SKIP","floor":1.0},{"not_picked":["Slice","Deflect"],"picked":"Dagger Spray","floor":3.0},{"not_picked":["Well Laid Plans","Finisher"],"picked":"Dash","floor":4.0},{"not_picked":["Acrobatics","Bullet Time"],"picked":"PiercingWail","floor":7.0},{"not_picked":["Outmaneuver","Deflect"],"picked":"Noxious Fumes","floor":11.0},{"not_picked":["Endless Agony","Heel Hook","Prepared"],"picked":"SKIP","floor":14.0},{"not_picked":["Malaise","Die Die Die"],"picked":"Adrenaline","floor":16.0},{"not_picked":["Dagger Spray+1","Outmaneuver+1"],"picked":"Footwork+1","floor":18.0},{"not_picked":["Tactician","Underhanded Strike","Dash"],"picked":"SKIP","floor":27.0},{"not_picked":["Dagger Spray","Acrobatics","Blade Dance"],"picked":"SKIP","floor":29.0},{"not_picked":["Quick Slash","Acrobatics"],"picked":"Adrenaline","floor":31.0},{"not_picked":["Malaise","Doppelganger"],"picked":"Burst","floor":33.0},{"not_picked":["Bane","Prepared"],"picked":"Noxious Fumes+1","floor":34.0},{"not_picked":["Noxious Fumes+1","Bane"],"picked":"Leg Sweep","floor":34.0},{"not_picked":["Acrobatics","Dagger Throw"],"picked":"Bane","floor":34.0},{"not_picked":["Leg Sweep","Poisoned Stab"],"picked":"Dodge and Roll","floor":34.0},{"not_picked":["Backstab+1","Venomology"],"picked":"Footwork+1","floor":35.0},{"not_picked":["Dagger Throw","Backflip+1","Underhanded Strike"],"picked":"SKIP","floor":37.0},{"not_picked":["Deflect+1","Concentrate+1","Finisher"],"picked":"SKIP","floor":38},{"not_picked":["Deadly Poison+1","Backflip","Skewer"],"picked":"SKIP","floor":39},{"not_picked":["Accuracy+1","Underhanded Strike+1","Unload"],"picked":"SKIP","floor":41}],"player_experience":507258,"relics_obtained":[{"floor":7.0,"key":"Oddly Smooth Stone"},{"floor":7.0,"key":"Bag of Marbles"},{"floor":9.0,"key":"Tiny Chest"},{"floor":19.0,"key":"Red Mask"},{"floor":24.0,"key":"Frozen Egg 2"},{"floor":26.0,"key":"Kunai"},{"floor":27.0,"key":"Orichalcum"},{"floor":27.0,"key":"War Paint"},{"floor":43,"key":"Boot"}],"event_choices":[{"cards_removed":["Defend_G"],"damage_healed":0.0,"max_hp_gain":0.0,"max_hp_loss":0.0,"gold_gain":0.0,"event_name":"The Cleric","player_choice":"Card Removal","floor":2.0,"gold_loss":50.0,"damage_taken":0.0},{"damage_healed":0.0,"max_hp_gain":5.0,"max_hp_loss":0.0,"gold_gain":0.0,"event_name":"Big Fish","player_choice":"Donut","floor":5.0,"gold_loss":0.0,"damage_taken":0.0},{"damage_healed":0.0,"max_hp_gain":0.0,"max_hp_loss":0.0,"gold_gain":0.0,"event_name":"Golden Idol","player_choice":"Take Damage","floor":12.0,"gold_loss":0.0,"damage_taken":18.0,"relics_obtained":["Golden Idol"]},{"damage_healed":0.0,"max_hp_gain":0.0,"max_hp_loss":0.0,"gold_gain":0.0,"event_name":"Masked Bandits","player_choice":"Fought Bandits","floor":19.0,"gold_loss":0.0,"damage_taken":0.0},{"damage_healed":0.0,"max_hp_gain":0.0,"max_hp_loss":0.0,"gold_gain":0.0,"event_name":"Colosseum","player_choice":"Fight","floor":20.0,"gold_loss":0.0,"damage_taken":0.0},{"damage_healed":0.0,"max_hp_gain":0.0,"max_hp_loss":0.0,"gold_gain":0.0,"event_name":"Colosseum","player_choice":"Fled From Nobs","floor":20.0,"gold_loss":0.0,"damage_taken":0.0},{"damage_healed":0.0,"max_hp_gain":0.0,"max_hp_loss":0.0,"gold_gain":0.0,"event_name":"Beggar","player_choice":"Ignored","floor":22.0,"gold_loss":0.0,"damage_taken":0.0},{"damage_healed":0.0,"max_hp_gain":0.0,"max_hp_loss":0.0,"gold_gain":0.0,"event_name":"SecretPortal","player_choice":"Ignored","floor":36.0,"gold_loss":0.0,"damage_taken":0.0},{"damage_healed":0,"gold_gain":333,"player_choice":"Gave Idol","damage_taken":0,"max_hp_gain":0,"max_hp_loss":0,"event_name":"The Moai Head","floor":46,"relics_lost":["Golden Idol"],"gold_loss":0}],"is_beta":false,"boss_relics":[{"not_picked":["Cursed Key","HoveringKite"],"picked":"Philosopher\u0027s Stone"},{"not_picked":["Runic Dome","Fusion Hammer"],"picked":"Orrery"}],"items_purged_floors":[21],"is_endless":false,"potions_floor_spawned":[4,7,14,19,27,29,33,35,38,41],"ascension_level":11}