{"path_per_floor":["M","$","?","M","?","E","R","T","T","M","R","E","R","?","R","B",null,"M","?","M","$","M","R","?","R","T","R","M","M","$","?","R","B",null,"M","$","M","?","M","R","E","M","T","R","$","R","?","$","R","B"],"character_chosen":"THE_SILENT","items_purchased":["Shuriken","Cloak And Dagger","Cloak And Dagger"],"gold_per_floor":[109,34,109,119,119,153,153,153,203,223,223,254,254,254,254,359,359,376,376,386,35,50,50,50,50,50,50,68,82,32,32,32,127,127,141,39,52,52,72,72,106,124,124,124,21,21,21,21,21,21],"floor_reached":51,"campfire_rested":5,"playtime":3440,"current_hp_per_floor":[67,67,56,56,49,17,38,38,38,38,59,28,49,54,54,5,75,60,60,53,53,47,47,33,57,57,57,57,48,48,32,56,27,80,79,79,79,79,79,79,72,71,71,71,71,71,71,71,71,31],"items_purged":["Defend_G","Strike_G","Strike_G","Defend_G","Defend_G"],"gold":21,"score":654,"play_id":"241b0d11-eca4-4f09-89ea-30abbf2005b1","local_time":"20180417003932","is_prod":false,"is_daily":false,"chose_seed":false,"is_ascension_mode":false,"campfire_upgraded":3,"timestamp":1523918372,"path_taken":["M","$","?","M","?","E","R","?","T","M","R","E","R","?","R","BOSS","M","?","M","$","M","R","?","R","T","R","M","M","$","?","R","BOSS","M","$","M","?","?","R","E","M","T","R","$","R","?","?","R","BOSS"],"build_version":"2018-04-12","seed_source_timestamp":51768297739658,"purchased_purges":6,"victory":true,"master_deck":["Defend_G+1","Neutralize","Adrenaline+1","Dagger Throw","Quick Slash+1","Flying Knee+1","Night Terror+1","Endless Agony+1","Slice+1","Footwork+1","Acrobatics","Deflect+1","Backstab+1","Burst+1","Cloak And Dagger+1","Outmaneuver+1","Choke+1","Cloak And Dagger+1"],"max_hp_per_floor":[70,70,70,70,70,70,70,70,70,70,70,70,70,75,75,75,75,75,75,75,75,75,75,80,80,80,80,80,80,80,80,80,80,80,80,80,80,80,80,80,80,80,80,80,80,80,80,80,80,80],"relics":["Ring of the Snake","Shovel","Tingsha","Molten Egg 2","War Paint","Dodecahedron","Ancient Tea Set","Astrolabe","Shuriken","Smiling Mask","The Specimen","Enchiridion","Lizard Tail","Pantograph","Tough Bandages","Regal Pillow","Letter Opener"],"card_choices":[{"not_picked":["Poisoned Stab","Eviscerate"],"picked":"Dagger Throw","floor":1},{"not_picked":["Dash","Dagger Spray"],"picked":"Quick Slash","floor":10},{"not_picked":["Masterful Stab","Deadly Poison"],"picked":"Flying Knee","floor":12},{"not_picked":["Phantasmal Killer","After Image"],"picked":"Night Terror","floor":16},{"not_picked":["Outmaneuver","Bane"],"picked":"Acrobatics","floor":18},{"not_picked":["Noxious Fumes","Footwork"],"picked":"Deflect","floor":20},{"not_picked":["Deadly Poison","Slice"],"picked":"Backstab","floor":29},{"not_picked":["Wraith Form v2","Unload"],"picked":"Burst","floor":33},{"not_picked":["Underhanded Strike","Flying Knee"],"picked":"Outmaneuver","floor":37},{"not_picked":["Tools of the Trade","Bane"],"picked":"Choke","floor":41}],"player_experience":202615,"potions_floor_usage":[16,16,42,50,50],"damage_taken":[{"damage":3,"enemies":"2 Louse","floor":1,"turns":3},{"damage":0,"enemies":"Jaw Worm","floor":4,"turns":3},{"damage":32,"enemies":"Gremlin Nob","floor":6,"turns":5},{"damage":0,"enemies":"Small Slimes","floor":10,"turns":2},{"damage":31,"enemies":"Lagavulin","floor":12,"turns":5},{"damage":49,"enemies":"Slime Boss","floor":16,"turns":11},{"damage":15,"enemies":"2 Thieves","floor":18,"turns":4},{"damage":7,"enemies":"3 Byrds","floor":20,"turns":3},{"damage":6,"enemies":"Snake Plant","floor":22,"turns":3},{"damage":0,"enemies":"Slaver and Parasite","floor":28,"turns":4},{"damage":9,"enemies":"Snecko","floor":29,"turns":4},{"damage":29,"enemies":"Champ","floor":33,"turns":10},{"damage":1,"enemies":"Orb Walker","floor":35,"turns":2},{"damage":0,"enemies":"3 Shapes","floor":37,"turns":3},{"damage":0,"enemies":"Sphere and 2 Shapes","floor":39,"turns":3},{"damage":7,"enemies":"2 Orb Walkers","floor":41,"turns":3},{"damage":1,"enemies":"Maw","floor":42,"turns":4},{"damage":49,"enemies":"Donu and Deca","floor":50,"turns":8}],"event_choices":[{"event_name":"World of Goop","player_choice":"Gather Gold","floor":3,"damage_taken":0},{"event_name":"Scrap Ooze","player_choice":"success","floor":5,"damage_taken":7},{"event_name":"Big Fish","player_choice":"Donut","floor":14,"damage_taken":0},{"event_name":"Back to Basics","player_choice":"Elegance","floor":19,"damage_taken":0},{"event_name":"Forgotten Altar","player_choice":"Shed Blood","floor":24,"damage_taken":0},{"event_name":"Cursed Tome","player_choice":"Obtained Book","floor":31,"damage_taken":0},{"event_name":"Upgrade Shrine","player_choice":"Upgraded","floor":38,"damage_taken":0},{"event_name":"Purifier","player_choice":"One Purge","floor":47,"damage_taken":0}],"boss_relics":[{"not_picked":["Snecko Eye","White Beast Statue"],"picked":"Astrolabe"},{"not_picked":["Eternal Feather","Orrery"],"picked":"Lizard Tail"}],"potions_floor_spawned":[4,12,18,28,33,39,41],"seed_played":"6859060268059534313","ascension_level":0,"is_trial":false}