{"gold_per_floor":[119,137,46,65,83,114,114,289,312,332,345,345,372,386,386,490,490,507,507,520,258,258],"floor_reached":22,"playtime":1608,"items_purged":["Doubt"],"score":198,"play_id":"0bdf8769-d712-4766-b08b-8a895291407a","local_time":"20190803232731","is_ascension_mode":false,"campfire_choices":[{"data":"True Grit","floor":7,"key":"SMITH"},{"floor":15,"key":"REST"}],"neow_cost":"NONE","seed_source_timestamp":173845969228442,"circlet_count":0,"master_deck":["Strike_R","Strike_R","Strike_R","Strike_R","Strike_R","Defend_R","Defend_R","Defend_R","Defend_R","Bash","Ghostly Armor","Pommel Strike","True Grit+1","Flame Barrier","Evolve","Regret","Body Slam","Double Tap","Rampage","Feel No Pain","Feel No Pain"],"relics":["Burning Blood","Ancient Tea Set","Happy Flower","Bag of Marbles","Centennial Puzzle","Mark of Pain","PreservedInsect"],"potions_floor_usage":[6,6,13,18],"damage_taken":[{"damage":0,"enemies":"Small Slimes","floor":1,"turns":3},{"damage":1,"enemies":"Cultist","floor":2,"turns":4},{"damage":6,"enemies":"Jaw Worm","floor":4,"turns":3},{"damage":3,"enemies":"Exordium Thugs","floor":5,"turns":6},{"damage":25,"enemies":"Lagavulin","floor":6,"turns":10},{"damage":0,"enemies":"Looter","floor":10,"turns":3},{"damage":13,"enemies":"Exordium Wildlife","floor":11,"turns":5},{"damage":19,"enemies":"3 Sentries","floor":13,"turns":11},{"damage":11,"enemies":"Red Slaver","floor":14,"turns":5},{"damage":58,"enemies":"The Guardian","floor":16,"turns":20},{"damage":21,"enemies":"Shell Parasite","floor":18,"turns":7},{"damage":35,"enemies":"Spheric Guardian","floor":20,"turns":6},{"damage":50,"enemies":"Masked Bandits","floor":22,"turns":3}],"seed_played":"-8461688555854714608","potions_obtained":[{"floor":4,"key":"Block Potion"},{"floor":5,"key":"Weak Potion"},{"floor":11,"key":"Block Potion"},{"floor":14,"key":"Explosive Potion"}],"is_trial":false,"path_per_floor":["M","M","?","M","M","E","R","?","T","M","M","?","E","M","R","B",null,"M","?","M","$","?"],"character_chosen":"IRONCLAD","items_purchased":["PreservedInsect","Feel No Pain"],"campfire_rested":1,"item_purchase_floors":[21,21],"current_hp_per_floor":[88,88,88,88,88,69,69,69,69,75,68,68,55,50,76,24,88,73,73,44,44,0],"gold":258,"neow_bonus":"TEN_PERCENT_HP_BONUS","is_prod":false,"is_daily":false,"chose_seed":false,"campfire_upgraded":1,"win_rate":0,"timestamp":1564892851,"path_taken":["M","M","?","M","?","E","R","?","T","M","M","?","E","M","R","BOSS","M","?","M","$","?"],"build_version":"2019-07-17","purchased_purges":1,"victory":false,"max_hp_per_floor":[88,88,88,88,88,88,88,88,88,88,88,88,88,88,88,88,88,88,88,88,88,88],"card_choices":[{"not_picked":["Perfected Strike","Rage","Anger"],"picked":"SKIP","floor":1},{"not_picked":["Cleave","Flex"],"picked":"Ghostly Armor","floor":2},{"not_picked":["Sword Boomerang","Sentinel"],"picked":"Pommel Strike","floor":4},{"not_picked":["Dropkick","Blood for Blood"],"picked":"True Grit","floor":5},{"not_picked":["Warcry","Berserk"],"picked":"Flame Barrier","floor":6},{"not_picked":["Armaments","Flame Barrier","Cleave"],"picked":"SKIP","floor":10},{"not_picked":["Anger","Iron Wave"],"picked":"Evolve","floor":11},{"not_picked":["Perfected Strike","Warcry"],"picked":"Body Slam","floor":13},{"not_picked":["Pommel Strike","Heavy Blade","Armaments"],"picked":"SKIP","floor":14},{"not_picked":["Berserk","Fiend Fire"],"picked":"Double Tap","floor":16},{"not_picked":["Hemokinesis+1","Pommel Strike"],"picked":"Rampage","floor":18},{"not_picked":["Warcry+1","Evolve"],"picked":"Feel No Pain","floor":20}],"player_experience":606753,"relics_obtained":[{"floor":6,"key":"Happy Flower"},{"floor":13,"key":"Centennial Puzzle"}],"event_choices":[{"damage_healed":0,"gold_gain":0,"player_choice":"Paid Gold","damage_taken":0,"relics_obtained":["Ancient Tea Set"],"max_hp_gain":0,"max_hp_loss":0,"event_name":"WeMeetAgain","floor":3,"gold_loss":91},{"damage_healed":0,"gold_gain":175,"player_choice":"AGREE","damage_taken":0,"max_hp_gain":0,"max_hp_loss":0,"event_name":"Liars Game","floor":8,"gold_loss":0,"cards_obtained":["Doubt"]},{"damage_healed":0,"gold_gain":0,"player_choice":"Box","damage_taken":0,"relics_obtained":["Bag of Marbles"],"max_hp_gain":0,"max_hp_loss":0,"event_name":"Big Fish","floor":12,"gold_loss":0,"cards_obtained":["Regret"]},{"damage_healed":0,"gold_gain":0,"player_choice":"Ignored","damage_taken":0,"max_hp_gain":0,"max_hp_loss":0,"event_name":"Vampires","floor":19,"gold_loss":0},{"damage_healed":0,"gold_gain":0,"player_choice":"Fought Bandits","damage_taken":0,"max_hp_gain":0,"max_hp_loss":0,"event_name":"Masked Bandits","floor":22,"gold_loss":0}],"is_beta":false,"boss_relics":[{"not_picked":["Philosopher\u0027s Stone","Eternal Feather"],"picked":"Mark of Pain"}],"items_purged_floors":[21],"is_endless":false,"potions_floor_spawned":[4,5,11,14],"killed_by":"Masked Bandits","ascension_level":0}