{"gold_per_floor":[117,117,117,133,233,272,46,46,46,13,56,70,136,154,154,275,275,291,34,59,72,90,121,140,179,179,197,222,222,21,34,34,34],"floor_reached":33,"playtime":2450,"items_purged":[],"score":355,"play_id":"c4757fc8-e42c-4071-b4f9-6a0140f096e2","local_time":"20180825150307","is_ascension_mode":true,"campfire_choices":[{"data":"Neutralize","floor":8.0,"key":"SMITH"},{"data":"Cloak And Dagger","floor":15.0,"key":"SMITH"},{"floor":29,"key":"REST"},{"data":"Distraction","floor":32,"key":"SMITH"}],"neow_cost":"","seed_source_timestamp":0,"circlet_count":0,"master_deck":["Survivor","Neutralize+1","Backflip","Injury","Dagger Throw","Caltrops","Acrobatics","Footwork","Adrenaline","Distraction+1","Finisher","Cloak And Dagger+1","Adrenaline","Poisoned Stab","Deflect","Outmaneuver","Acrobatics","Flying Knee","Dagger Spray","Dagger Spray","Cloak And Dagger","Slice","Catalyst","Reflex","Backstab","PiercingWail+1","Outmaneuver+1","Deadly Poison+1","Adrenaline+1","Finisher","Bouncing Flask+1","Dagger Throw+1","Distraction+1"],"special_seed":0,"relics":["Ring of the Snake","Orichalcum","Golden Idol","Torii","Lee\u0027s Waffle","Dodecahedron","Bird Faced Urn","Tiny Chest","Pandora\u0027s Box","Toxic Egg 2","Kunai","Omamori","Matryoshka","OrangePellets"],"potions_floor_usage":[33],"damage_taken":[{"damage":0.0,"enemies":"2 Louse","floor":1.0,"turns":2.0},{"damage":2.0,"enemies":"Jaw Worm","floor":4.0,"turns":3.0},{"damage":29.0,"enemies":"Gremlin Nob","floor":6.0,"turns":5.0},{"damage":24.0,"enemies":"Lagavulin","floor":11.0,"turns":9.0},{"damage":0.0,"enemies":"Small Slimes","floor":12.0,"turns":4.0},{"damage":13.0,"enemies":"3 Sentries","floor":13.0,"turns":10.0},{"damage":1.0,"enemies":"2 Fungi Beasts","floor":14.0,"turns":4.0},{"damage":12.0,"enemies":"Hexaghost","floor":16.0,"turns":12.0},{"damage":0.0,"enemies":"3 Byrds","floor":18.0,"turns":3.0},{"damage":1.0,"enemies":"Chosen","floor":20.0,"turns":4.0},{"damage":0.0,"enemies":"Sentry and Sphere","floor":21.0,"turns":4.0},{"damage":1.0,"enemies":"Snake Plant","floor":22.0,"turns":3.0},{"damage":30.0,"enemies":"Book of Stabbing","floor":23.0,"turns":5.0},{"damage":20.0,"enemies":"3 Cultists","floor":24.0,"turns":6.0},{"damage":14,"enemies":"Gremlin Leader","floor":25,"turns":4},{"damage":11,"enemies":"Cultist and Chosen","floor":27,"turns":5},{"damage":9,"enemies":"Centurion and Healer","floor":28,"turns":4},{"damage":0,"enemies":"Snake Plant","floor":31,"turns":2},{"damage":46,"enemies":"Automaton","floor":33,"turns":6}],"seed_played":"8057888633360239042","potions_obtained":[{"floor":11.0,"key":"Poison Potion"},{"floor":13.0,"key":"Energy Potion"},{"floor":14.0,"key":"SkillPotion"},{"floor":21.0,"key":"Fire Potion"},{"floor":25,"key":"EssenceOfSteel"}],"is_trial":false,"path_per_floor":["M","?","?","M","?","E","$","R","T","$","E","M","E","M","R","B",null,"M","$","M","M","M","E","M","E","T","M","M","R","$","M","R"],"character_chosen":"THE_SILENT","items_purchased":["Lee\u0027s Waffle","Acrobatics","Footwork","Toxic Egg 2","OrangePellets"],"campfire_rested":1,"item_purchase_floors":[7,7,10,19,30],"current_hp_per_floor":[70,52,52,50,50,21,77,77,77,77,53,57,48,51,51,43,77,77,77,77,77,77,49,33,23,23,16,11,34,34,38,38,0],"gold":34,"neow_bonus":"","is_prod":false,"is_daily":false,"chose_seed":false,"campfire_upgraded":3,"win_rate":0,"timestamp":1535234587,"path_taken":["M","?","?","M","?","E","$","R","T","?","E","M","E","M","R","BOSS","M","?","M","?","M","E","M","E","T","M","M","R","$","M","R","BOSS"],"build_version":"2018-08-23v2","purchased_purges":0,"victory":false,"max_hp_per_floor":[70,70,70,70,70,70,77,77,77,77,77,77,77,77,77,77,77,77,77,77,77,77,77,77,77,77,77,77,77,77,77,77,77],"card_choices":[{"not_picked":["Deflect","Poisoned Stab"],"picked":"Backflip","floor":1.0},{"not_picked":["Backflip","Terror"],"picked":"Dagger Throw","floor":4.0},{"not_picked":["Prepared","Poisoned Stab"],"picked":"Caltrops","floor":6.0},{"not_picked":["Flechettes","Dagger Throw"],"picked":"Adrenaline","floor":11.0},{"not_picked":["Bouncing Flask","Dodge and Roll"],"picked":"Distraction","floor":12.0},{"not_picked":["Dagger Throw","Prepared"],"picked":"Finisher","floor":13.0},{"not_picked":["Blur","Terror"],"picked":"Cloak And Dagger","floor":14.0},{"not_picked":["Doppelganger","Malaise"],"picked":"Adrenaline","floor":16.0},{"not_picked":["Dagger Throw+1","Masterful Stab"],"picked":"Reflex","floor":18.0},{"not_picked":["Sucker Punch+1","Bane"],"picked":"Backstab","floor":20.0},{"not_picked":["Leg Sweep+1","Poisoned Stab"],"picked":"PiercingWail+1","floor":21.0},{"not_picked":["Dagger Throw","Quick Slash+1"],"picked":"Outmaneuver+1","floor":22.0},{"not_picked":["Backflip+1","Poisoned Stab"],"picked":"Deadly Poison+1","floor":23.0},{"not_picked":["Prepared+1","Dagger Spray"],"picked":"Adrenaline+1","floor":24.0},{"not_picked":["Prepared+1","Eviscerate"],"picked":"Finisher","floor":25},{"not_picked":["Concentrate+1","Dagger Throw"],"picked":"Bouncing Flask+1","floor":27},{"not_picked":["Dodge and Roll+1","Deflect+1"],"picked":"Dagger Throw+1","floor":28},{"not_picked":["Bane","Dagger Spray"],"picked":"Distraction+1","floor":31}],"player_experience":190769,"relics_obtained":[{"floor":6.0,"key":"Torii"},{"floor":9.0,"key":"Dodecahedron"},{"floor":11.0,"key":"Bird Faced Urn"},{"floor":13.0,"key":"Tiny Chest"},{"floor":23.0,"key":"Kunai"},{"floor":25,"key":"Omamori"},{"floor":26,"key":"Matryoshka"}],"event_choices":[{"event_name":"Scrap Ooze","player_choice":"success","floor":2.0,"damage_taken":18.0},{"event_name":"Golden Idol","player_choice":"Take Wound","floor":3.0,"damage_taken":0.0},{"event_name":"Wheel of Change","player_choice":"Gold","floor":5.0,"damage_taken":0.0}],"is_beta":false,"boss_relics":[{"not_picked":["Astrolabe","Ectoplasm"],"picked":"Pandora\u0027s Box"}],"items_purged_floors":[],"is_endless":false,"potions_floor_spawned":[11,13,14,18,21,25],"killed_by":"Automaton","ascension_level":3}