{"gold_per_floor":[364,364,382,396,105,105,105,105,173,98,133,133,156,176,176,295,295,313,338,351,351],"floor_reached":21,"playtime":1564,"items_purged":["Injury"],"score":244,"play_id":"14931626-900c-4dce-a1ef-fb49ba55c6af","local_time":"20190802003343","is_ascension_mode":true,"campfire_choices":[{"data":"Body Slam","floor":6,"key":"SMITH"},{"data":"Clothesline","floor":8,"key":"SMITH"},{"floor":15,"key":"REST"}],"neow_cost":"PERCENT_DAMAGE","seed_source_timestamp":5059090325787,"circlet_count":0,"master_deck":["Strike_R","Strike_R","Strike_R","Defend_R","Defend_R","Defend_R","Defend_R","Bash","Clothesline+1","Juggernaut","Body Slam+1","Seeing Red+1","Carnage","Ghostly Armor+1","Reaper","Cleave+1"],"relics":["Burning Blood","Toxic Egg 2","Golden Idol","Bottled Flame","Dodecahedron","Busted Crown"],"potions_floor_usage":[11,14,21,21],"damage_taken":[{"damage":6,"enemies":"2 Louse","floor":1,"turns":4},{"damage":10,"enemies":"Cultist","floor":3,"turns":5},{"damage":9,"enemies":"Small Slimes","floor":4,"turns":4},{"damage":5,"enemies":"Lagavulin","floor":11,"turns":7},{"damage":4,"enemies":"2 Fungi Beasts","floor":13,"turns":4},{"damage":11,"enemies":"Blue Slaver","floor":14,"turns":3},{"damage":22,"enemies":"The Guardian","floor":16,"turns":11},{"damage":27,"enemies":"Shell Parasite","floor":18,"turns":5},{"damage":21,"enemies":"Spheric Guardian","floor":19,"turns":4},{"damage":45,"enemies":"Centurion and Healer","floor":20,"turns":13},{"damage":26,"enemies":"Snecko","floor":21,"turns":4}],"seed_played":"-2149612211144538181","potions_obtained":[{"floor":1,"key":"PowerPotion"},{"floor":11,"key":"FearPotion"},{"floor":16,"key":"LiquidBronze"},{"floor":19,"key":"Dexterity Potion"}],"is_trial":false,"path_per_floor":["M","?","M","M","$","R","?","R","T","$","E","?","M","M","R","B",null,"M","M","M","M"],"character_chosen":"IRONCLAD","items_purchased":["Toxic Egg 2","Body Slam"],"campfire_rested":1,"item_purchase_floors":[5,5],"current_hp_per_floor":[51,51,47,44,44,44,44,44,44,44,45,45,47,42,66,50,73,56,41,10,0],"gold":351,"neow_bonus":"TWO_FIFTY_GOLD","is_prod":false,"is_daily":false,"chose_seed":false,"campfire_upgraded":2,"win_rate":0,"timestamp":1564724023,"path_taken":["M","?","M","?","$","R","?","R","T","$","E","?","?","M","R","BOSS","M","M","?","M"],"build_version":"2019-07-17","purchased_purges":1,"victory":false,"max_hp_per_floor":[80,80,80,80,80,80,80,80,80,80,80,80,80,80,80,80,80,80,80,80,80],"card_choices":[{"not_picked":["Whirlwind","Twin Strike","Armaments"],"picked":"SKIP","floor":1},{"not_picked":["Cleave","Rupture"],"picked":"Clothesline","floor":3},{"not_picked":["Pommel Strike","Bloodletting"],"picked":"Juggernaut","floor":4},{"not_picked":["Body Slam","Flex+1"],"picked":"Seeing Red+1","floor":11},{"not_picked":["Cleave","Seeing Red+1"],"picked":"Carnage","floor":13},{"not_picked":["Intimidate+1","Whirlwind"],"picked":"Ghostly Armor+1","floor":14},{"not_picked":["Immolate","Brutality"],"picked":"Reaper","floor":16},{"not_picked":["Cleave"],"picked":"SKIP","floor":18},{"not_picked":[],"picked":"Cleave+1","floor":19},{"not_picked":["Clash"],"picked":"SKIP","floor":20}],"player_experience":564091,"relics_obtained":[{"floor":9,"key":"Bottled Flame"},{"floor":11,"key":"Dodecahedron"}],"event_choices":[{"cards_removed":["Strike_R"],"damage_healed":0,"gold_gain":0,"player_choice":"Offered Basic","damage_taken":0,"max_hp_gain":0,"max_hp_loss":0,"event_name":"Bonfire Elementals","floor":2,"gold_loss":0},{"damage_healed":0,"gold_gain":0,"player_choice":"Take Wound","damage_taken":0,"relics_obtained":["Golden Idol"],"max_hp_gain":0,"max_hp_loss":0,"event_name":"Golden Idol","floor":7,"gold_loss":0,"cards_obtained":["Injury"]},{"cards_removed":["Strike_R"],"damage_healed":0,"gold_gain":0,"player_choice":"Purged","damage_taken":0,"max_hp_gain":0,"max_hp_loss":0,"event_name":"Purifier","floor":12,"gold_loss":0}],"is_beta":false,"boss_relics":[{"not_picked":["Calling Bell","Lizard Tail"],"picked":"Busted Crown"}],"items_purged_floors":[10],"is_endless":false,"potions_floor_spawned":[1,11,16,19],"killed_by":"Snecko","ascension_level":7}