{"gold_per_floor":[111,124,124,199,57,57,88,88,88,105,105,123,123,123,123,202,202,215,62,62,62,77,77,110,110,110,135,147,174,186,224,236,322,334,356,380,404,433,458,502,514,526],"floor_reached":42,"playtime":2171,"items_purged":["Strike_R"],"score":1028,"play_id":"b939277d-6e9a-4e69-833b-fa6221046404","local_time":"20190417134418","is_ascension_mode":true,"campfire_choices":[{"data":"Bash","floor":6.0,"key":"SMITH"},{"data":"Feed","floor":8.0,"key":"SMITH"},{"data":"Disarm","floor":11.0,"key":"SMITH"},{"data":"Shockwave","floor":13.0,"key":"SMITH"},{"floor":15.0,"key":"REST"},{"data":"Barricade","floor":23.0,"key":"SMITH"},{"data":"Flame Barrier","floor":28.0,"key":"SMITH"},{"floor":30.0,"key":"REST"},{"data":"Uppercut","floor":32.0,"key":"SMITH"}],"neow_cost":"NONE","seed_source_timestamp":3578942694649,"circlet_count":0,"master_deck":["AscendersBane","Strike_R+1","Strike_R","Defend_R","Defend_R","Defend_R","Defend_R+1","Bash+1","Barricade+1","Perfected Strike","Feed+1","Shockwave+1","Disarm+1","Metallicize","Impervious","Flame Barrier+1","Uppercut+1","Sentinel","Headbutt+1","Whirlwind","Battle Trance","Exhume","True Grit+1","Parasite","Inflame","Finesse"],"special_seed":0,"relics":["Burning Blood","Bag of Marbles","Busted Crown","Incense Burner","Unceasing Top","MawBank","Boot","Runic Cube","Strawberry"],"potions_floor_usage":[42],"damage_taken":[{"damage":6.0,"enemies":"Cultist","floor":1.0,"turns":3.0},{"damage":9.0,"enemies":"Jaw Worm","floor":2.0,"turns":4.0},{"damage":45.0,"enemies":"3 Sentries","floor":7.0,"turns":10.0},{"damage":0.0,"enemies":"2 Louse","floor":10.0,"turns":3.0},{"damage":5.0,"enemies":"Blue Slaver","floor":12.0,"turns":6.0},{"damage":32.0,"enemies":"Hexaghost","floor":16.0,"turns":11.0},{"damage":11.0,"enemies":"3 Byrds","floor":18.0,"turns":8.0},{"damage":17.0,"enemies":"Spheric Guardian","floor":22.0,"turns":9.0},{"damage":19.0,"enemies":"Gremlin Leader","floor":24.0,"turns":10.0},{"damage":27.0,"enemies":"Book of Stabbing","floor":27.0,"turns":8.0},{"damage":4.0,"enemies":"Snecko","floor":29.0,"turns":7.0},{"damage":20.0,"enemies":"Gremlin Leader","floor":31.0,"turns":9.0},{"damage":0.0,"enemies":"Automaton","floor":33.0,"turns":17.0},{"damage":0.0,"enemies":"Orb Walker","floor":35.0,"turns":8.0},{"damage":16.0,"enemies":"3 Darklings","floor":36.0,"turns":17.0},{"damage":0.0,"enemies":"Maw","floor":37.0,"turns":13.0},{"damage":4.0,"enemies":"Writhing Mass","floor":38.0,"turns":16.0},{"damage":82.0,"enemies":"Transient","floor":39.0,"turns":5.0},{"damage":0.0,"enemies":"Nemesis","floor":40.0,"turns":18.0},{"damage":0,"enemies":"Giant Head","floor":42,"turns":4}],"seed_played":"4656113021383986522","potions_obtained":[{"floor":1.0,"key":"Swift Potion"},{"floor":12.0,"key":"Poison Potion"},{"floor":16.0,"key":"Swift Potion"},{"floor":18.0,"key":"AttackPotion"},{"floor":24.0,"key":"Energy Potion"},{"floor":25.0,"key":"AttackPotion"},{"floor":29.0,"key":"EssenceOfSteel"},{"floor":36.0,"key":"PowerPotion"},{"floor":40.0,"key":"SpeedPotion"}],"is_trial":false,"path_per_floor":["M","M","?","?","$","R","E","R","T","M","R","M","R","?","R","B",null,"M","$","?","?","M","R","E","?","T","E","R","M","R","E","R","B",null,"M","M","M","M","M","E","?","E"],"character_chosen":"IRONCLAD","items_purchased":["Feed","Flame Barrier"],"campfire_rested":2,"item_purchase_floors":[5,19],"current_hp_per_floor":[68,65,70,59,59,59,23,23,23,33,33,38,38,11,38,12,71,70,70,70,70,63,63,54,54,54,37,37,43,76,66,66,76,108,118,108,118,124,48,65,65,65],"gold":526,"neow_bonus":"ONE_RANDOM_RARE_CARD","is_prod":false,"is_daily":false,"chose_seed":false,"campfire_upgraded":7,"win_rate":0,"timestamp":1555497858,"path_taken":["M","?","?","?","?","R","E","R","T","M","R","?","R","?","R","BOSS","M","$","?","?","M","R","E","?","T","E","R","?","R","E","R","BOSS","M","M","M","M","M","E","?","E"],"build_version":"2019-01-23","purchased_purges":1,"victory":false,"max_hp_per_floor":[75,75,80,80,80,80,83,83,83,87,87,91,91,91,91,91,91,95,95,95,95,99,99,103,103,103,107,107,111,111,115,115,119,119,123,123,127,131,131,142,142,142],"card_choices":[{"not_picked":["Searing Blow","Seeing Red","Warcry"],"picked":"SKIP","floor":1.0},{"not_picked":["Flex","Headbutt"],"picked":"Perfected Strike","floor":2.0},{"not_picked":["Offering","Sever Soul"],"picked":"Shockwave","floor":7.0},{"not_picked":["Sentinel","Anger"],"picked":"Disarm","floor":10.0},{"not_picked":["Clothesline","Cleave"],"picked":"Metallicize","floor":12.0},{"not_picked":["Fiend Fire","Berserk"],"picked":"Impervious","floor":16.0},{"not_picked":["Rupture+1"],"picked":"SKIP","floor":18.0},{"not_picked":["Wild Strike"],"picked":"SKIP","floor":22.0},{"not_picked":[],"picked":"Headbutt+1","floor":24.0},{"not_picked":[],"picked":"Whirlwind","floor":27.0},{"not_picked":["Armaments"],"picked":"SKIP","floor":29.0},{"not_picked":[],"picked":"Battle Trance","floor":31.0},{"not_picked":[],"picked":"Exhume","floor":33.0},{"not_picked":["Warcry"],"picked":"SKIP","floor":35.0},{"not_picked":[],"picked":"True Grit+1","floor":36.0},{"not_picked":["Anger"],"picked":"SKIP","floor":37.0},{"not_picked":[],"picked":"Inflame","floor":38.0},{"not_picked":["Feel No Pain"],"picked":"SKIP","floor":39.0},{"not_picked":["Anger"],"picked":"SKIP","floor":40.0},{"not_picked":[],"picked":"Finesse","floor":41.0}],"player_experience":853509,"relics_obtained":[{"floor":7.0,"key":"Bag of Marbles"},{"floor":24.0,"key":"Incense Burner"},{"floor":26.0,"key":"Unceasing Top"},{"floor":27.0,"key":"MawBank"},{"floor":31.0,"key":"Boot"},{"floor":40.0,"key":"Strawberry"}],"event_choices":[{"damage_healed":0.0,"max_hp_gain":5.0,"max_hp_loss":0.0,"gold_gain":0.0,"event_name":"Big Fish","player_choice":"Donut","floor":3.0,"gold_loss":0.0,"damage_taken":0.0},{"damage_healed":0.0,"max_hp_gain":0.0,"max_hp_loss":0.0,"gold_gain":75.0,"event_name":"World of Goop","player_choice":"Gather Gold","floor":4.0,"gold_loss":0.0,"damage_taken":11.0},{"damage_healed":0.0,"max_hp_gain":0.0,"max_hp_loss":0.0,"gold_gain":0.0,"event_name":"Shining Light","player_choice":"Entered Light","floor":14.0,"gold_loss":0.0,"damage_taken":27.0,"cards_upgraded":["Defend_R","Strike_R"]},{"damage_healed":0.0,"max_hp_gain":0.0,"max_hp_loss":0.0,"gold_gain":0.0,"event_name":"Vampires","player_choice":"Ignored","floor":20.0,"gold_loss":0.0,"damage_taken":0.0},{"damage_healed":0.0,"max_hp_gain":0.0,"max_hp_loss":0.0,"gold_gain":0.0,"cards_transformed":["Strike_R","Strike_R"],"event_name":"Drug Dealer","player_choice":"Became Test Subject","floor":21.0,"gold_loss":0.0,"damage_taken":0.0,"cards_obtained":["Uppercut","Sentinel"]},{"damage_healed":0.0,"max_hp_gain":0.0,"max_hp_loss":0.0,"gold_gain":0.0,"event_name":"Lab","player_choice":"Got Potions","floor":25.0,"gold_loss":0.0,"damage_taken":0.0},{"damage_healed":0.0,"max_hp_gain":0.0,"max_hp_loss":0.0,"gold_gain":0.0,"event_name":"SensoryStone","player_choice":"Memory 1","floor":41.0,"gold_loss":0.0,"damage_taken":0.0}],"is_beta":false,"boss_relics":[{"not_picked":["Black Blood","Tiny House"],"picked":"Busted Crown"},{"not_picked":["Fusion Hammer","Pandora\u0027s Box"],"picked":"Runic Cube"}],"items_purged_floors":[19],"is_endless":false,"potions_floor_spawned":[1,12,16,18,24,29,36,40],"killed_by":"Giant Head","ascension_level":15}