{"gold_per_floor":[112,287,287,299,316,350,350,379,414,442,454,482,514,541,553,696,708,745,1007,1038,1050,1086,1137,1149,1185,1197,1209,1244,1294,1331,1363,1375,1387],"floor_reached":33,"playtime":2373,"items_purged":[],"score":378,"play_id":"04be26f7-0b16-4597-8ad6-ddeb3932b403","local_time":"20180727071952","is_ascension_mode":false,"campfire_choices":[{"data":"Bouncing Flask","floor":7,"key":"SMITH"},{"data":"Catalyst","floor":15,"key":"SMITH"},{"data":"Venomology","floor":24,"key":"SMITH"},{"data":"Noxious Fumes","floor":27,"key":"SMITH"},{"data":"Bane","floor":32,"key":"SMITH"}],"neow_cost":"NONE","seed_source_timestamp":44568010592934,"circlet_count":0,"master_deck":["Defend_G","Defend_G","Defend_G","Defend_G","Defend_G","Strike_G","Strike_G","Strike_G","Strike_G","Strike_G","Survivor","Neutralize","Bouncing Flask+1","Doubt","Noxious Fumes+1","Underhanded Strike","Endless Agony","Catalyst+1","Deadly Poison","Injury","Dagger Throw","Blade Dance","Cloak And Dagger","Venomology+1","Slice+1","Regret","Corpse Explosion","Bane","Calculated Gamble+1","Bane+1","Sucker Punch+1","Outmaneuver","Blade Dance","Slice"],"relics":["Ring of the Snake","Snake Skull","Meat on the Bone","Sundial","MawBank","Bag of Preparation","Golden Idol","Coffee Dripper","Enchiridion","Strawberry","Regal Pillow","Orichalcum"],"potions_floor_usage":[6,16,18,20,22,28,29,30,31,33,33,33],"damage_taken":[{"damage":5,"enemies":"Small Slimes","floor":1,"turns":5},{"damage":7,"enemies":"2 Louse","floor":4,"turns":3},{"damage":3,"enemies":"Jaw Worm","floor":5,"turns":3},{"damage":22,"enemies":"3 Sentries","floor":6,"turns":7},{"damage":15,"enemies":"Gremlin Nob","floor":8,"turns":4},{"damage":7,"enemies":"Exordium Wildlife","floor":10,"turns":3},{"damage":0,"enemies":"Large Slime","floor":12,"turns":5},{"damage":0,"enemies":"2 Fungi Beasts","floor":13,"turns":3},{"damage":3,"enemies":"3 Louse","floor":14,"turns":2},{"damage":18,"enemies":"Hexaghost","floor":16,"turns":7},{"damage":11,"enemies":"Shell Parasite","floor":18,"turns":5},{"damage":4,"enemies":"3 Byrds","floor":20,"turns":4},{"damage":6,"enemies":"Snecko","floor":22,"turns":4},{"damage":0,"enemies":"Gremlin Leader","floor":23,"turns":4},{"damage":3,"enemies":"Centurion and Healer","floor":25,"turns":4},{"damage":2,"enemies":"Snake Plant","floor":28,"turns":4},{"damage":19,"enemies":"Book of Stabbing","floor":29,"turns":5},{"damage":16,"enemies":"Sentry and Sphere","floor":30,"turns":4},{"damage":0,"enemies":"Centurion and Healer","floor":31,"turns":4},{"damage":53,"enemies":"Champ","floor":33,"turns":7}],"seed_played":"-8935072913507084624","potions_obtained":[{"floor":1,"key":"SkillPotion"},{"floor":6,"key":"FearPotion"},{"floor":8,"key":"GamblersBrew"},{"floor":12,"key":"Strength Potion"},{"floor":14,"key":"Swift Potion"},{"floor":16,"key":"Dexterity Potion"},{"floor":18,"key":"Explosive Potion"},{"floor":25,"key":"GhostInAJar"}],"is_trial":false,"path_per_floor":["M","?","T","M","M","E","R","E","T","M","?","M","M","M","R","B",null,"M","?","M","?","M","E","R","M","T","R","M","E","M","M","R"],"character_chosen":"THE_SILENT","items_purchased":[],"campfire_rested":0,"item_purchase_floors":[],"current_hp_per_floor":[65,65,65,58,55,45,45,42,42,47,47,47,47,44,44,38,70,59,59,55,39,45,52,52,49,49,49,47,40,36,48,48,0],"gold":1387,"neow_bonus":"RANDOM_COMMON_RELIC","is_prod":false,"is_daily":false,"chose_seed":false,"campfire_upgraded":5,"win_rate":0,"timestamp":1532668792,"path_taken":["M","?","?","M","M","E","R","E","T","M","?","?","M","M","R","BOSS","M","?","M","?","?","E","R","M","T","R","M","E","M","M","R","BOSS"],"build_version":"2018-07-19v2","purchased_purges":0,"victory":false,"max_hp_per_floor":[70,70,70,70,70,70,70,70,70,70,70,70,70,70,70,70,70,70,70,70,70,70,77,77,77,77,77,77,77,77,77,77,77],"card_choices":[{"not_picked":["Slice","Poisoned Stab"],"picked":"Bouncing Flask","floor":1},{"not_picked":["Bouncing Flask","Poisoned Stab"],"picked":"Noxious Fumes","floor":4},{"not_picked":["Well Laid Plans","Noxious Fumes"],"picked":"Underhanded Strike","floor":5},{"not_picked":["Deflect","Finisher"],"picked":"Endless Agony","floor":6},{"not_picked":["Cloak And Dagger","Acrobatics"],"picked":"Catalyst","floor":8},{"not_picked":["Predator","Calculated Gamble"],"picked":"Deadly Poison","floor":10},{"not_picked":["Sucker Punch","Deadly Poison"],"picked":"Dagger Throw","floor":12},{"not_picked":["Terror","Underhanded Strike"],"picked":"Blade Dance","floor":13},{"not_picked":["Malaise","Backstab"],"picked":"Cloak And Dagger","floor":14},{"not_picked":["Adrenaline","Tools of the Trade"],"picked":"Venomology","floor":16},{"not_picked":["Noxious Fumes+1","Choke"],"picked":"Slice+1","floor":18},{"not_picked":["Poisoned Stab","Dodge and Roll"],"picked":"Corpse Explosion","floor":20},{"not_picked":["Poisoned Stab","Dagger Throw"],"picked":"Bane","floor":22},{"not_picked":["Heel Hook","Dagger Spray+1"],"picked":"Calculated Gamble+1","floor":23},{"not_picked":["Sucker Punch","Deflect"],"picked":"Bane","floor":25},{"not_picked":["Poisoned Stab","Blade Dance"],"picked":"Sucker Punch+1","floor":28},{"not_picked":["Unload","Flying Knee"],"picked":"Outmaneuver","floor":29},{"not_picked":["Slice","Calculated Gamble"],"picked":"Blade Dance","floor":30},{"not_picked":["Quick Slash","Deflect"],"picked":"Slice","floor":31}],"player_experience":69433,"relics_obtained":[{"floor":3,"key":"Meat on the Bone"},{"floor":6,"key":"Sundial"},{"floor":8,"key":"MawBank"},{"floor":9,"key":"Bag of Preparation"},{"floor":21,"key":"Enchiridion"},{"floor":23,"key":"Strawberry"},{"floor":26,"key":"Regal Pillow"},{"floor":29,"key":"Orichalcum"}],"event_choices":[{"event_name":"Liars Game","player_choice":"agreed","floor":2,"damage_taken":0},{"event_name":"Golden Idol","player_choice":"Take Wound","floor":11,"damage_taken":0},{"event_name":"Golden Shrine","player_choice":"Desecrate","floor":19,"damage_taken":0},{"event_name":"Cursed Tome","player_choice":"Obtained Book","floor":21,"damage_taken":0}],"is_beta":false,"boss_relics":[{"not_picked":["Tiny House","Empty Cage"],"picked":"Coffee Dripper"}],"items_purged_floors":[],"is_endless":false,"potions_floor_spawned":[1,6,8,12,14,16,18,22,25,31],"killed_by":"Champ","ascension_level":0}