{"gold_per_floor":[111,111,286,296,306,334,334,359,382,401,366,384,384,409,409,508,508,528,538,549,122,122,122,23,48,48,48,48,63,81,97,97,196,196,216,228,239,285,298,333,333,333,357,357,357],"floor_reached":45,"playtime":3057,"items_purged":["Doubt"],"score":559,"play_id":"8bb42522-60d3-4e21-9bbc-e67915b52b13","local_time":"20180817234756","is_ascension_mode":true,"campfire_choices":[{"floor":7.0,"key":"REST"},{"floor":13.0,"key":"REST"},{"floor":15.0,"key":"REST"},{"floor":23,"key":"REST"},{"floor":28,"key":"REST"},{"floor":32,"key":"REST"},{"floor":41,"key":"REST"},{"floor":44,"key":"REST"}],"neow_cost":"","seed_source_timestamp":0,"circlet_count":0,"master_deck":["Defend_B+1","Defend_B+1","Defend_B+1","Defend_B+1","Zap","Dualcast","Capacitor","Ball Lightning","Gash","Aggregate","Compile Driver","Tempest","Rebound","Glacier","Reboot","Static Discharge","Thunder Strike","Genetic Algorithm+1","Darkness+1","Blizzard+1","Self Repair","Bite","Bite","Bite","Bite","Bite","Conserve Battery","Steam","Doom and Gloom","Hello World+1","Cold Snap","Gash","Cold Snap+1","Go for the Eyes","Coolheaded","Meteor Strike","Streamline+1","Conserve Battery+1","Go for the Eyes+1","Gash+1","Skim+1","Streamline+1","Conserve Battery+1"],"special_seed":0,"relics":["Cracked Core","Boot","Dream Catcher","Regal Pillow","Inserter","Anchor","Bag of Marbles","Orichalcum","Mango","Sozu","Gambling Chip","StoneCalendar","Bag of Preparation"],"potions_floor_usage":[33,33,33],"damage_taken":[{"damage":12.0,"enemies":"Small Slimes","floor":1.0,"turns":3.0},{"damage":3.0,"enemies":"Jaw Worm","floor":4.0,"turns":2.0},{"damage":0.0,"enemies":"2 Louse","floor":5.0,"turns":2.0},{"damage":36.0,"enemies":"Lagavulin","floor":6.0,"turns":6.0},{"damage":20.0,"enemies":"Gremlin Nob","floor":8.0,"turns":4.0},{"damage":5.0,"enemies":"2 Fungi Beasts","floor":10.0,"turns":3.0},{"damage":11.0,"enemies":"Large Slime","floor":12.0,"turns":4.0},{"damage":12.0,"enemies":"Lagavulin","floor":14.0,"turns":6.0},{"damage":45.0,"enemies":"Hexaghost","floor":16.0,"turns":10.0},{"damage":27.0,"enemies":"Spheric Guardian","floor":18.0,"turns":5.0},{"damage":17.0,"enemies":"Chosen","floor":19.0,"turns":5.0},{"damage":18.0,"enemies":"Snecko","floor":20.0,"turns":4.0},{"damage":45,"enemies":"Slavers","floor":25,"turns":5},{"damage":3,"enemies":"Snake Plant","floor":29,"turns":6},{"damage":2,"enemies":"Centurion and Healer","floor":30,"turns":8},{"damage":18,"enemies":"3 Cultists","floor":31,"turns":4},{"damage":63,"enemies":"Automaton","floor":33,"turns":10},{"damage":25,"enemies":"Flame Bruiser 1 Orb","floor":35,"turns":8},{"damage":2,"enemies":"Orb Walker","floor":36,"turns":3},{"damage":20,"enemies":"4 Shapes","floor":37,"turns":4},{"damage":10,"floor":38,"turns":6},{"damage":14,"enemies":"Transient","floor":39,"turns":5},{"damage":32,"enemies":"2 Orb Walkers","floor":40,"turns":5},{"damage":99,"enemies":"Giant Head","floor":45,"turns":11}],"seed_played":"2489688935703669722","potions_obtained":[{"floor":5.0,"key":"Block Potion"},{"floor":6.0,"key":"FearPotion"},{"floor":10.0,"key":"EssenceOfSteel"},{"floor":14.0,"key":"SmokeBomb"},{"floor":19.0,"key":"SpeedPotion"},{"floor":20.0,"key":"Dexterity Potion"},{"floor":29,"key":"LiquidBronze"},{"floor":30,"key":"EssenceOfSteel"}],"is_trial":false,"path_per_floor":["M","?","?","M","M","E","R","E","T","M","?","M","R","E","R","B",null,"M","M","M","$","?","R","$","E","T","?","R","M","M","M","R","B",null,"M","M","M","?","M","E","R","?","T","R"],"character_chosen":"DEFECT","items_purchased":["Self Repair","Anchor","Bag of Marbles","Steam","Doom and Gloom"],"campfire_rested":8,"item_purchase_floors":[21,21,21,24,24],"current_hp_per_floor":[63,48,48,45,45,9,31,13,13,10,28,19,41,31,68,25,75,48,33,17,17,17,54,54,20,34,34,75,89,89,78,89,26,89,75,75,66,69,59,42,83,83,83,89,0],"gold":357,"neow_bonus":"","is_prod":false,"is_daily":false,"chose_seed":false,"campfire_upgraded":0,"win_rate":0,"timestamp":1534546076,"path_taken":["M","?","?","?","?","E","R","E","T","M","?","M","R","E","R","BOSS","M","M","M","$","?","R","$","E","T","?","R","M","?","M","R","BOSS","M","?","M","?","M","E","R","?","T","R","E"],"build_version":"2018-08-16","purchased_purges":1,"victory":false,"max_hp_per_floor":[75,75,75,75,75,75,75,75,75,75,75,75,75,75,75,75,75,75,75,75,75,75,75,75,75,89,89,89,89,89,89,89,89,89,89,89,89,89,89,89,89,89,89,89,89],"card_choices":[{"not_picked":["Turbo","Ball Lightning"],"picked":"Capacitor","floor":1.0},{"not_picked":["Turbo","Streamline"],"picked":"Ball Lightning","floor":4.0},{"not_picked":["Streamline","Rebound"],"picked":"Gash","floor":5.0},{"not_picked":["Turbo","Go for the Eyes"],"picked":"Aggregate","floor":6.0},{"not_picked":["Turbo","Loop"],"picked":"Compile Driver","floor":8.0},{"not_picked":["Steam","Ball Lightning"],"picked":"Tempest","floor":10.0},{"not_picked":["Barrage","Turbo"],"picked":"Rebound","floor":12.0},{"not_picked":["Heatsinks","Blizzard"],"picked":"Glacier","floor":13.0},{"not_picked":["Steam","Consume"],"picked":"Reboot","floor":14.0},{"not_picked":["Barrage","Undo"],"picked":"Static Discharge","floor":15.0},{"not_picked":["Rainbow","Hyperbeam"],"picked":"Thunder Strike","floor":16.0},{"not_picked":["Cold Snap","Ball Lightning"],"picked":"Genetic Algorithm+1","floor":18.0},{"not_picked":["Hologram","Compile Driver"],"picked":"Darkness+1","floor":19.0},{"not_picked":["Chill","Beam Cell"],"picked":"Blizzard+1","floor":20.0},{"not_picked":["Beam Cell","Ball Lightning"],"picked":"Conserve Battery","floor":23},{"not_picked":["Fission","Beam Cell+1"],"picked":"Hello World+1","floor":25},{"not_picked":["Go for the Eyes","Leap"],"picked":"Cold Snap","floor":28},{"not_picked":["Sunder","Beam Cell"],"picked":"Gash","floor":29},{"not_picked":["Hologram+1","Beam Cell"],"picked":"Cold Snap+1","floor":30},{"not_picked":["Chaos","Glacier"],"picked":"Go for the Eyes","floor":31},{"not_picked":["Compile Driver","Ball Lightning"],"picked":"Coolheaded","floor":32},{"not_picked":["Machine Learning","Reboot"],"picked":"Meteor Strike","floor":33},{"not_picked":["Hologram+1","Blizzard+1"],"picked":"Streamline+1","floor":35},{"not_picked":["Force Field","Hologram+1"],"picked":"Beam Cell","floor":36},{"not_picked":["Lockon+1","Streamline+1"],"picked":"Conserve Battery+1","floor":37},{"not_picked":["Lockon","Recycle"],"picked":"Go for the Eyes+1","floor":38},{"not_picked":["Turbo","Hologram"],"picked":"Gash+1","floor":39},{"not_picked":["Stack+1","Beam Cell"],"picked":"Skim+1","floor":40},{"not_picked":["Rebound","Ball Lightning"],"picked":"Streamline+1","floor":41},{"not_picked":["Turbo","Cold Snap+1"],"picked":"Conserve Battery+1","floor":44}],"player_experience":105353,"relics_obtained":[{"floor":6.0,"key":"Blood Vial"},{"floor":8.0,"key":"Boot"},{"floor":9.0,"key":"Dream Catcher"},{"floor":14.0,"key":"Regal Pillow"},{"floor":25,"key":"Orichalcum"},{"floor":26,"key":"Mango"},{"floor":38,"key":"Gambling Chip"},{"floor":40,"key":"StoneCalendar"},{"floor":43,"key":"Bag of Preparation"}],"event_choices":[{"event_name":"Shining Light","player_choice":"Entered Light","floor":2.0,"damage_taken":0.0},{"event_name":"Liars Game","player_choice":"agreed","floor":3.0,"damage_taken":0.0},{"event_name":"The Cleric","player_choice":"Healed","floor":11.0,"damage_taken":0.0},{"event_name":"Vampires","player_choice":"Became a vampire (Vial)","floor":22,"damage_taken":0},{"event_name":"Back to Basics","player_choice":"Simplicity","floor":27,"damage_taken":0},{"event_name":"Mysterious Sphere","player_choice":"Fight","floor":38,"damage_taken":0},{"event_name":"Purifier","player_choice":"One Purge","floor":42,"damage_taken":0}],"is_beta":false,"boss_relics":[{"not_picked":["Runic Pyramid","Ectoplasm"],"picked":"Inserter"},{"not_picked":["Busted Crown","Orrery"],"picked":"Sozu"}],"items_purged_floors":[21],"is_endless":false,"potions_floor_spawned":[5,6,10,14,19,20,29,30,37,38],"killed_by":"Giant Head","ascension_level":1}