{"gold_per_floor":[119,119,134,134,14,45,45,45,45,45,45,62,62,127,127,223,223,235,47,57,57,74,74,74,101,126,126,225,252,139,174,174,276,276,294,294,312,2,102,129,145,159,184,214,231,246,277,292,292,292,292,292,23,48,48],"floor_reached":56,"playtime":2721,"items_purged":["Pain","Strike_G"],"score":1683,"play_id":"87479816-64fd-4132-829c-6c8d9e4eef87","local_time":"20190807195259","is_ascension_mode":true,"campfire_choices":[{"data":"Footwork","floor":8.0,"key":"SMITH"},{"data":"Caltrops","floor":10.0,"key":"SMITH"},{"data":"Well Laid Plans","floor":15.0,"key":"SMITH"},{"data":"Survivor","floor":23.0,"key":"SMITH"},{"floor":27,"key":"REST"},{"data":"Footwork","floor":32,"key":"SMITH"},{"floor":49,"key":"RECALL"},{"data":"After Image","floor":52,"key":"SMITH"}],"neow_cost":"NONE","seed_source_timestamp":21490297037321,"circlet_count":0,"master_deck":["Strike_G","Strike_G","Defend_G","Defend_G","Defend_G+1","Defend_G","Defend_G","Survivor+1","Neutralize+1","Cloak And Dagger","Dagger Spray","Deadly Poison+1","Caltrops+1","Deflect","Footwork+1","Wraith Form v2","Corpse Explosion+1","Well Laid Plans+1","Doppelganger+1","Burst+1","PiercingWail+1","Crippling Poison+1","Backflip+1","Necronomicurse","Bouncing Flask+1","Crippling Poison+1","Footwork+1","Dodge and Roll+1","After Image+1","Catalyst+1","Blur+1","Terror+1","Escape Plan+1","PiercingWail+1","Backflip+1","Well Laid Plans","Catalyst+1","Acrobatics+1","Dash+1"],"special_seed":0,"relics":["Ring of the Snake","Toxic Egg 2","Pantograph","Sundial","WarpedTongs","Tiny Chest","Eternal Feather","Necronomicon","Bag of Marbles","War Paint","Mercury Hourglass","Red Mask","Philosopher\u0027s Stone","TwistedFunnel","Du-Vu Doll","FossilizedHelix","Question Card","Incense Burner","Bronze Scales","Kunai"],"potions_floor_usage":[25,55,55],"damage_taken":[{"damage":2.0,"enemies":"Jaw Worm","floor":1.0,"turns":7.0},{"damage":0.0,"enemies":"2 Louse","floor":3.0,"turns":1.0},{"damage":20.0,"enemies":"Lagavulin","floor":6.0,"turns":8.0},{"damage":0.0,"enemies":"Cultist","floor":12.0,"turns":4.0},{"damage":21.0,"enemies":"3 Sentries","floor":14.0,"turns":4.0},{"damage":30.0,"enemies":"The Guardian","floor":16.0,"turns":10.0},{"damage":9.0,"enemies":"3 Byrds","floor":18.0,"turns":3.0},{"damage":1.0,"enemies":"Spheric Guardian","floor":20.0,"turns":4.0},{"damage":12.0,"enemies":"Centurion and Healer","floor":22.0,"turns":9.0},{"damage":18,"enemies":"Book of Stabbing","floor":25,"turns":7},{"damage":7,"enemies":"Gremlin Leader","floor":29,"turns":6},{"damage":8,"enemies":"Masked Bandits","floor":31,"turns":2},{"damage":37,"enemies":"Champ","floor":33,"turns":12},{"damage":0,"enemies":"Orb Walker","floor":35,"turns":5},{"damage":2,"enemies":"3 Darklings","floor":37,"turns":4},{"damage":0,"enemies":"Mind Bloom Boss Battle","floor":39,"turns":5},{"damage":0,"enemies":"Giant Head","floor":40,"turns":9},{"damage":0,"enemies":"Transient","floor":41,"turns":5},{"damage":10,"enemies":"Writhing Mass","floor":42,"turns":5},{"damage":0,"enemies":"Nemesis","floor":44,"turns":7},{"damage":0,"enemies":"Spire Growth","floor":45,"turns":6},{"damage":0,"enemies":"3 Darklings","floor":46,"turns":4},{"damage":20,"enemies":"Reptomancer","floor":47,"turns":7},{"damage":7,"enemies":"Writhing Mass","floor":48,"turns":5},{"damage":4,"enemies":"Donu and Deca","floor":50,"turns":6},{"damage":0,"enemies":"Shield and Spear","floor":54,"turns":8},{"damage":0,"enemies":"The Heart","floor":55,"turns":8}],"seed_played":"-5838644856258930958","potions_obtained":[{"floor":1.0,"key":"GhostInAJar"},{"floor":12.0,"key":"Explosive Potion"},{"floor":16.0,"key":"PowerPotion"},{"floor":20.0,"key":"SpeedPotion"},{"floor":29,"key":"FearPotion"},{"floor":48,"key":"Dexterity Potion"}],"is_trial":false,"path_per_floor":["M","?","M","?","$","E","T","R","T","R","?","M","?","E","R","B",null,"M","$","M","$","M","R","?","E","T","R","?","E","$","?","R","B",null,"M","?","M","$","?","E","M","M","T","E","M","M","E","M","R","B",null,"R","$","E","B",null],"character_chosen":"THE_SILENT","items_purchased":["Caltrops","Deflect","Burst+1","PiercingWail+1","Footwork","TwistedFunnel","Bronze Scales","Ancient Potion","Acrobatics+1"],"campfire_rested":1,"item_purchase_floors":[5,5,19,19,30,38,53,53,53],"current_hp_per_floor":[68,68,68,68,68,48,48,48,48,48,48,48,48,27,27,22,58,49,49,48,48,36,51,35,17,17,53,53,46,46,38,56,33,61,61,61,59,59,70,70,70,60,60,60,60,60,40,33,54,66,69,70,70,70,70],"gold":48,"neow_bonus":"TRANSFORM_CARD","is_prod":false,"is_daily":false,"chose_seed":false,"campfire_upgraded":6,"win_rate":0,"timestamp":1565196779,"path_taken":["M","?","M","?","$","E","?","R","T","R","?","?","?","E","R","BOSS","M","$","M","$","?","R","?","E","T","R","?","E","$","?","R","BOSS","M","?","M","$","?","E","M","M","T","E","M","M","E","M","R","BOSS","R","$","E","BOSS"],"build_version":"2019-07-17","purchased_purges":2,"victory":true,"max_hp_per_floor":[70,70,70,70,70,70,70,70,70,70,70,70,70,70,70,70,70,70,70,70,70,70,70,70,70,70,70,70,70,70,70,70,70,70,70,70,70,70,70,70,70,70,70,70,70,70,70,70,70,70,70,70,70,70,70],"card_choices":[{"not_picked":["Choke","PiercingWail"],"picked":"Dagger Spray","floor":1.0},{"not_picked":["Outmaneuver","Calculated Gamble"],"picked":"Deadly Poison","floor":3.0},{"not_picked":["Well Laid Plans","Slice"],"picked":"Footwork","floor":6.0},{"not_picked":["Finisher","Flying Knee"],"picked":"Corpse Explosion+1","floor":12.0},{"not_picked":["Terror+1","Slice"],"picked":"Well Laid Plans","floor":14.0},{"not_picked":["Venomology+1","Unload"],"picked":"Doppelganger+1","floor":16.0},{"not_picked":["Dagger Throw","Skewer","Flying Knee"],"picked":"SKIP","floor":18.0},{"not_picked":["Expertise+1","PiercingWail+1"],"picked":"Crippling Poison+1","floor":20.0},{"not_picked":["Sucker Punch","Quick Slash"],"picked":"Backflip+1","floor":22.0},{"not_picked":["Cloak And Dagger+1","Accuracy"],"picked":"Bouncing Flask+1","floor":25},{"not_picked":["All Out Attack","Corpse Explosion+1"],"picked":"Crippling Poison+1","floor":29},{"not_picked":["Blade Dance+1","Dagger Spray"],"picked":"Dodge and Roll+1","floor":31},{"not_picked":["Storm of Steel+1","Venomology+1"],"picked":"After Image","floor":33},{"not_picked":["Outmaneuver+1","Backflip+1"],"picked":"Catalyst+1","floor":35},{"not_picked":["Slice+1","Distraction+1","All Out Attack+1"],"picked":"SKIP","floor":37},{"not_picked":["Flying Knee+1","Slice+1"],"picked":"Blur+1","floor":39},{"not_picked":["Bane+1","Sucker Punch+1","Endless Agony"],"picked":"SKIP","floor":40},{"not_picked":["Accuracy+1","Bullet Time+1"],"picked":"Terror+1","floor":41},{"not_picked":["Underhanded Strike+1","Cloak And Dagger+1"],"picked":"Escape Plan+1","floor":42},{"not_picked":["Blade Dance+1","Slice+1"],"picked":"PiercingWail+1","floor":44},{"not_picked":["Bane","Riddle With Holes","Accuracy"],"picked":"Backflip+1","floor":45},{"not_picked":["Flying Knee+1","Outmaneuver+1","Bane","Slice+1"],"picked":"SKIP","floor":46},{"not_picked":["Setup+1","Concentrate+1","Endless Agony+1"],"picked":"Well Laid Plans","floor":47},{"not_picked":["Dagger Spray+1","Backflip+1","Concentrate+1"],"picked":"Catalyst+1","floor":48},{"not_picked":["Slice+1","Dagger Spray","Underhanded Strike"],"picked":"Dash+1","floor":54}],"player_experience":1126608,"relics_obtained":[{"floor":6.0,"key":"Toxic Egg 2"},{"floor":7.0,"key":"Pantograph"},{"floor":9.0,"key":"Sundial"},{"floor":14.0,"key":"Tiny Chest"},{"floor":24.0,"key":"Necronomicon"},{"floor":25,"key":"Bag of Marbles"},{"floor":26,"key":"War Paint"},{"floor":29,"key":"Mercury Hourglass"},{"floor":31,"key":"Red Mask"},{"floor":39,"key":"Du-Vu Doll"},{"floor":40,"key":"FossilizedHelix"},{"floor":44,"key":"Question Card"},{"floor":47,"key":"Incense Burner"},{"floor":54,"key":"Kunai"}],"event_choices":[{"damage_healed":0.0,"max_hp_gain":0.0,"max_hp_loss":0.0,"gold_gain":0.0,"event_name":"The Cleric","player_choice":"Leave","floor":2.0,"gold_loss":0.0,"damage_taken":0.0},{"damage_healed":0.0,"max_hp_gain":0.0,"max_hp_loss":0.0,"gold_gain":0.0,"event_name":"Living Wall","player_choice":"Grow","floor":4.0,"gold_loss":0.0,"damage_taken":0.0,"cards_upgraded":["Neutralize"]},{"damage_healed":0.0,"max_hp_gain":0.0,"max_hp_loss":0.0,"gold_gain":0.0,"event_name":"Match and Keep!","player_choice":"1 cards matched","floor":11.0,"gold_loss":0.0,"damage_taken":0.0,"cards_obtained":["Wraith Form v2"]},{"damage_healed":0.0,"max_hp_gain":0.0,"max_hp_loss":0.0,"gold_gain":0.0,"event_name":"Accursed Blacksmith","player_choice":"Rummage","floor":13.0,"gold_loss":0.0,"damage_taken":0.0,"relics_obtained":["WarpedTongs"],"cards_obtained":["Pain"]},{"damage_healed":0.0,"max_hp_gain":0.0,"max_hp_loss":0.0,"gold_gain":0.0,"event_name":"Cursed Tome","player_choice":"Obtained Book","floor":24.0,"gold_loss":0.0,"damage_taken":16.0},{"damage_healed":0,"gold_gain":99,"player_choice":"Stole From Cult","damage_taken":0,"max_hp_gain":0,"max_hp_loss":0,"event_name":"Nest","floor":28,"gold_loss":0},{"damage_healed":0,"gold_gain":0,"player_choice":"Fought Bandits","damage_taken":0,"max_hp_gain":0,"max_hp_loss":0,"event_name":"Masked Bandits","floor":31,"gold_loss":0},{"cards_removed":["Strike_G"],"damage_healed":0,"gold_gain":0,"player_choice":"Removed Attack","damage_taken":0,"max_hp_gain":0,"max_hp_loss":0,"event_name":"Falling","floor":36,"gold_loss":0},{"damage_healed":0,"gold_gain":0,"player_choice":"Fight","damage_taken":0,"max_hp_gain":0,"max_hp_loss":0,"event_name":"MindBloom","floor":39,"gold_loss":0}],"is_beta":false,"boss_relics":[{"not_picked":["Coffee Dripper","Runic Pyramid"],"picked":"Eternal Feather"},{"not_picked":["HoveringKite","Empty Cage"],"picked":"Philosopher\u0027s Stone"}],"items_purged_floors":[30,38],"is_endless":false,"potions_floor_spawned":[1,12,16,18,20,29,33,40,42,44,46,48],"ascension_level":5}