{"gold_per_floor":[113,113,131,131,151,151,181,181,181,200,214,247,264,264],"floor_reached":14,"playtime":718,"items_purged":[],"score":122,"play_id":"57bb77a1-7746-4336-b19b-65cba0f41782","local_time":"20180831165110","is_ascension_mode":true,"campfire_choices":[{"data":"Blade Dance","floor":6,"key":"SMITH"},{"floor":8,"key":"REST"}],"neow_cost":"PERCENT_DAMAGE","seed_source_timestamp":0,"circlet_count":0,"master_deck":["Defend_G","Defend_G","Defend_G","Defend_G","Defend_G","Strike_G","Strike_G","Strike_G","Strike_G","Survivor","Neutralize","Acrobatics","Bouncing Flask","Noxious Fumes","Crippling Poison","Regret","Blade Dance+1","Blade Dance","Well Laid Plans+1","Choke","Caltrops+1","Cloak And Dagger","Caltrops+1"],"special_seed":0,"relics":["Ring of the Snake","Prayer Wheel","Frozen Egg 2","Bronze Scales","Bag of Preparation","Vajra"],"potions_floor_usage":[10,12,14],"damage_taken":[{"damage":0.0,"enemies":"Small Slimes","floor":1.0,"turns":4.0},{"damage":0,"enemies":"Cultist","floor":3,"turns":3},{"damage":9,"enemies":"Jaw Worm","floor":5,"turns":4},{"damage":25,"enemies":"Gremlin Nob","floor":7,"turns":5},{"damage":18,"enemies":"Exordium Wildlife","floor":10,"turns":3},{"damage":6,"enemies":"Red Slaver","floor":11,"turns":4},{"damage":4,"enemies":"Lagavulin","floor":12,"turns":5},{"damage":0,"enemies":"3 Louse","floor":13,"turns":3},{"damage":28,"enemies":"Gremlin Nob","floor":14,"turns":3}],"seed_played":"-6837307387376118878","potions_obtained":[{"floor":5,"key":"GamblersBrew"},{"floor":10,"key":"GhostInAJar"},{"floor":13,"key":"EssenceOfSteel"}],"is_trial":false,"path_per_floor":["M","?","M","?","M","R","E","R","T","M","M","E","M"],"character_chosen":"THE_SILENT","items_purchased":[],"campfire_rested":1,"item_purchase_floors":[],"current_hp_per_floor":[49,49,49,49,40,40,15,36,36,18,12,8,8,0],"gold":264,"neow_bonus":"ONE_RARE_RELIC","is_prod":false,"is_daily":false,"chose_seed":false,"campfire_upgraded":1,"win_rate":0,"timestamp":1535759470,"path_taken":["M","?","M","?","M","R","E","R","T","?","M","E","M","E"],"build_version":"2018-08-30","purchased_purges":0,"victory":false,"max_hp_per_floor":[70,70,70,70,70,70,70,70,70,70,70,70,70,70],"card_choices":[{"not_picked":["Prepared","Distraction"],"picked":"Acrobatics","floor":1.0},{"not_picked":["Flying Knee","Dagger Spray"],"picked":"Bouncing Flask","floor":1.0},{"not_picked":["Poisoned Stab","Leg Sweep"],"picked":"Noxious Fumes","floor":3},{"not_picked":["Dodge and Roll","Well Laid Plans"],"picked":"Crippling Poison","floor":3},{"not_picked":["Distraction","Sucker Punch"],"picked":"Blade Dance","floor":5},{"not_picked":["Predator","Underhanded Strike","PiercingWail"],"picked":"SKIP","floor":5},{"not_picked":["Bane","Phantasmal Killer"],"picked":"Blade Dance","floor":7},{"not_picked":["Underhanded Strike","Dagger Spray"],"picked":"Well Laid Plans+1","floor":10},{"not_picked":["Leg Sweep","Quick Slash","Flying Knee"],"picked":"SKIP","floor":10},{"not_picked":["Bane","Malaise"],"picked":"Choke","floor":11},{"not_picked":["Deadly Poison","Bane","Quick Slash"],"picked":"SKIP","floor":11},{"not_picked":["Bane","Leg Sweep"],"picked":"Caltrops+1","floor":12},{"not_picked":["Endless Agony","PiercingWail"],"picked":"Cloak And Dagger","floor":13},{"not_picked":["Riddle With Holes","Predator","Caltrops+1"],"picked":"SKIP","floor":13},{"not_picked":["Riddle With Holes","Predator"],"picked":"Caltrops+1","floor":13}],"player_experience":237599,"relics_obtained":[{"floor":7,"key":"Bronze Scales"},{"floor":9,"key":"Bag of Preparation"},{"floor":12,"key":"Vajra"}],"event_choices":[{"event_name":"Bonfire Elementals","player_choice":"BASIC","floor":2.0,"damage_taken":0.0},{"event_name":"Big Fish","player_choice":"Box","floor":4,"damage_taken":0}],"is_beta":false,"boss_relics":[],"items_purged_floors":[],"is_endless":false,"potions_floor_spawned":[5,10,13],"killed_by":"Gremlin Nob","ascension_level":4}