{"gold_per_floor":[116,116,116,1,11,11,11,51,105,105,105,5,23,42,42,171,171,194,30,54,54,69,138,138,153,178,218,218,268,292,391,391,521,521,545,563,53,79,102,102,52,85,157,200,220,220,263,282,282,282],"floor_reached":51,"playtime":31802,"items_purged":["Defend_G","Regret","Strike_G","Defend_G","PiercingWail"],"score":1123,"play_id":"c0b85071-2771-4420-9fa6-8d51c8112e63","local_time":"20181027130149","is_ascension_mode":false,"campfire_choices":[{"data":"Neutralize","floor":6.0,"key":"SMITH"},{"data":"Caltrops","floor":15.0,"key":"SMITH"},{"data":"Noxious Fumes","floor":28.0,"key":"SMITH"},{"data":"Infinite Blades","floor":32.0,"key":"SMITH"},{"data":"Burst","floor":40.0,"key":"SMITH"},{"data":"Blade Dance","floor":46,"key":"SMITH"},{"data":"Cloak And Dagger","floor":49,"key":"SMITH"}],"neow_cost":"TEN_PERCENT_HP_LOSS","seed_source_timestamp":0,"circlet_count":0,"master_deck":["Defend_G+1","Survivor+1","Neutralize+1","Caltrops+1","Well Laid Plans","Blade Dance+1","Footwork","Adrenaline","Cloak And Dagger+1","Noxious Fumes+1","Adrenaline","Heel Hook","Heel Hook","Infinite Blades+1","Burst+1","Caltrops","Dramatic Entrance","Envenom"],"special_seed":0,"relics":["Ring of the Serpent","Golden Idol","Bronze Scales","Ancient Tea Set","Paper Crane","WristBlade","Tiny Chest","Oddly Smooth Stone","Orichalcum","Smiling Mask","TwistedFunnel","Art of War","Omamori","Bag of Marbles","Letter Opener","Ornamental Fan","Boot"],"potions_floor_usage":[],"damage_taken":[{"damage":0.0,"enemies":"Small Slimes","floor":1.0,"turns":3.0},{"damage":0.0,"enemies":"2 Louse","floor":5.0,"turns":3.0},{"damage":0.0,"enemies":"3 Sentries","floor":8.0,"turns":11.0},{"damage":0.0,"enemies":"Cultist","floor":13.0,"turns":3.0},{"damage":0.0,"enemies":"2 Fungi Beasts","floor":14.0,"turns":3.0},{"damage":0.0,"enemies":"The Guardian","floor":16.0,"turns":12.0},{"damage":0.0,"enemies":"Shell Parasite","floor":18.0,"turns":4.0},{"damage":0.0,"enemies":"3 Byrds","floor":20.0,"turns":1.0},{"damage":0.0,"enemies":"Snecko","floor":22.0,"turns":5.0},{"damage":0.0,"enemies":"Gremlin Leader","floor":23.0,"turns":5.0},{"damage":0.0,"enemies":"3 Cultists","floor":25.0,"turns":4.0},{"damage":0.0,"enemies":"Book of Stabbing","floor":27.0,"turns":4.0},{"damage":0.0,"enemies":"Snake Plant","floor":30.0,"turns":3.0},{"damage":0.0,"enemies":"Automaton","floor":33.0,"turns":8.0},{"damage":1.0,"enemies":"Orb Walker","floor":35.0,"turns":3.0},{"damage":0.0,"enemies":"3 Shapes","floor":36.0,"turns":4.0},{"damage":0.0,"enemies":"3 Darklings","floor":39.0,"turns":4.0},{"damage":0.0,"enemies":"Reptomancer","floor":42.0,"turns":5.0},{"damage":0,"enemies":"Giant Head","floor":44,"turns":5},{"damage":0,"enemies":"Transient","floor":45,"turns":4},{"damage":0,"enemies":"Nemesis","floor":47,"turns":3},{"damage":0,"enemies":"Maw","floor":48,"turns":4},{"damage":0,"enemies":"Awakened One","floor":50,"turns":6}],"seed_played":"3668617003590276511","potions_obtained":[{"floor":1.0,"key":"EssenceOfSteel"},{"floor":14.0,"key":"SpeedPotion"},{"floor":16.0,"key":"Poison Potion"},{"floor":18.0,"key":"Fruit Juice"},{"floor":22.0,"key":"SkillPotion"},{"floor":30.0,"key":"Block Potion"},{"floor":33.0,"key":"SteroidPotion"},{"floor":35.0,"key":"GhostInAJar"},{"floor":36.0,"key":"Weak Potion"},{"floor":44,"key":"Regen Potion"}],"is_trial":false,"path_per_floor":["M","?","?","$","M","R","?","E","T","?","?","$","M","M","R","B",null,"M","$","M","?","M","E","?","M","T","E","R","T","M","?","R","B",null,"M","M","$","T","M","R","$","E","T","E","M","R","E","M","R","B"],"character_chosen":"THE_SILENT","items_purchased":["Caltrops","Noxious Fumes","TwistedFunnel","Caltrops","Dramatic Entrance","Art of War"],"campfire_rested":0,"item_purchase_floors":[4,19,37,37,37,37],"current_hp_per_floor":[63,63,50,50,50,50,35,35,35,35,35,35,35,35,35,35,63,63,63,68,68,68,68,68,68,68,68,68,68,68,68,68,68,68,67,67,67,67,67,67,67,67,67,67,67,67,67,67,67,67],"gold":282,"neow_bonus":"REMOVE_TWO","is_prod":false,"is_daily":false,"chose_seed":false,"campfire_upgraded":7,"win_rate":0,"timestamp":1540670509,"path_taken":["M","?","?","$","?","R","?","E","T","?","?","$","M","M","R","BOSS","M","$","?","?","M","E","?","M","T","E","R","?","M","?","R","BOSS","M","?","$","?","M","R","$","E","T","E","M","R","E","M","R","BOSS"],"build_version":"2018-10-25v2","purchased_purges":5,"victory":true,"max_hp_per_floor":[63,63,63,63,63,63,63,63,63,63,63,63,63,63,63,63,63,63,63,68,68,68,68,68,68,68,68,68,68,68,68,68,68,68,68,68,68,68,68,68,68,68,68,68,68,68,68,68,68,68],"card_choices":[{"not_picked":["Crippling Poison","PiercingWail","Endless Agony"],"picked":"SKIP","floor":1.0},{"not_picked":["Endless Agony","Distraction"],"picked":"Well Laid Plans","floor":5.0},{"not_picked":["Outmaneuver","Reflex"],"picked":"Blade Dance","floor":8.0},{"not_picked":["Terror","Outmaneuver","Calculated Gamble"],"picked":"SKIP","floor":13.0},{"not_picked":["Concentrate","Flying Knee"],"picked":"Footwork","floor":14.0},{"not_picked":["Grand Finale","Unload"],"picked":"Adrenaline","floor":16.0},{"not_picked":["Flying Knee","Sucker Punch"],"picked":"Cloak And Dagger","floor":18.0},{"not_picked":["Dagger Spray","Quick Slash+1","Flying Knee"],"picked":"SKIP","floor":20.0},{"not_picked":["Flechettes","Reflex","Setup"],"picked":"SKIP","floor":22.0},{"not_picked":["Dodge and Roll","Finisher","Cloak And Dagger"],"picked":"SKIP","floor":23.0},{"not_picked":["Cloak And Dagger+1","Escape Plan"],"picked":"Heel Hook","floor":25.0},{"not_picked":["Endless Agony","All Out Attack"],"picked":"Infinite Blades","floor":27.0},{"not_picked":["Expertise","Bane","Cloak And Dagger"],"picked":"SKIP","floor":30.0},{"not_picked":["Storm of Steel","Die Die Die"],"picked":"Burst","floor":33.0},{"not_picked":["Deflect+1","Finisher+1","Deadly Poison+1"],"picked":"SKIP","floor":35.0},{"not_picked":["Dagger Spray+1","Poisoned Stab","Distraction"],"picked":"SKIP","floor":36.0},{"not_picked":["Riddle With Holes","Poisoned Stab","Quick Slash"],"picked":"SKIP","floor":39.0},{"not_picked":["Slice+1","Acrobatics","Wraith Form v2"],"picked":"SKIP","floor":42},{"not_picked":["Escape Plan","Riddle With Holes+1","Deflect+1"],"picked":"SKIP","floor":44},{"not_picked":["Calculated Gamble","Dagger Spray+1","Dodge and Roll"],"picked":"SKIP","floor":45},{"not_picked":["Outmaneuver+1","Dodge and Roll"],"picked":"Envenom","floor":47},{"not_picked":["Deflect+1","Quick Slash+1","Expertise+1"],"picked":"SKIP","floor":48}],"player_experience":402671,"relics_obtained":[{"floor":8.0,"key":"Bronze Scales"},{"floor":9.0,"key":"Ancient Tea Set"},{"floor":23.0,"key":"Tiny Chest"},{"floor":26.0,"key":"Oddly Smooth Stone"},{"floor":27.0,"key":"Orichalcum"},{"floor":29.0,"key":"Smiling Mask"},{"floor":38.0,"key":"Omamori"},{"floor":42,"key":"Bag of Marbles"},{"floor":43,"key":"Letter Opener"},{"floor":44,"key":"Ornamental Fan"},{"floor":47,"key":"Boot"}],"event_choices":[{"cards_removed":["Strike_G"],"damage_healed":0.0,"max_hp_gain":0.0,"max_hp_loss":0.0,"gold_gain":0.0,"event_name":"Living Wall","player_choice":"Forget","floor":2.0,"gold_loss":0.0,"damage_taken":0.0},{"damage_healed":0.0,"max_hp_gain":0.0,"max_hp_loss":0.0,"gold_gain":0.0,"event_name":"Shining Light","player_choice":"Entered Light","floor":3.0,"gold_loss":0.0,"damage_taken":13.0,"cards_upgraded":["Defend_G","Survivor"]},{"damage_healed":0.0,"max_hp_gain":0.0,"max_hp_loss":0.0,"gold_gain":0.0,"event_name":"Golden Idol","player_choice":"Take Damage","floor":7.0,"gold_loss":0.0,"damage_taken":15.0,"relics_obtained":["Golden Idol"]},{"cards_removed":["Strike_G"],"damage_healed":0.0,"max_hp_gain":0.0,"max_hp_loss":0.0,"gold_gain":0.0,"event_name":"Bonfire Elementals","player_choice":"Offered Basic","floor":10.0,"gold_loss":0.0,"damage_taken":0.0},{"damage_healed":0.0,"max_hp_gain":0.0,"max_hp_loss":0.0,"gold_gain":0.0,"event_name":"Big Fish","player_choice":"Box","floor":11.0,"gold_loss":0.0,"damage_taken":0.0,"relics_obtained":["Paper Crane"],"cards_obtained":["Regret"]},{"damage_healed":0.0,"max_hp_gain":0.0,"max_hp_loss":0.0,"gold_gain":0.0,"cards_transformed":["Defend_G","Strike_G"],"event_name":"Drug Dealer","player_choice":"Became Test Subject","floor":21.0,"gold_loss":0.0,"damage_taken":0.0,"cards_obtained":["Adrenaline","PiercingWail"]},{"damage_healed":0.0,"max_hp_gain":0.0,"max_hp_loss":0.0,"gold_gain":0.0,"event_name":"The Library","player_choice":"Read","floor":24.0,"gold_loss":0.0,"damage_taken":0.0,"cards_obtained":["Heel Hook"]},{"damage_healed":0.0,"max_hp_gain":0.0,"max_hp_loss":0.0,"gold_gain":99.0,"event_name":"Nest","player_choice":"Stole From Cult","floor":31.0,"gold_loss":0.0,"damage_taken":0.0}],"is_beta":false,"boss_relics":[{"not_picked":["Snecko Eye","Lizard Tail"],"picked":"WristBlade"},{"not_picked":["Philosopher\u0027s Stone","Pandora\u0027s Box"],"picked":"Ring of the Serpent"}],"items_purged_floors":[4,12,19,37,41],"is_endless":false,"potions_floor_spawned":[1,14,16,18,22,30,33,35,36,39,44],"ascension_level":0}