{"gold_per_floor":[112,112,30,105,130,130,143,143,143,179,199,217,256,74,74,204,204,228,253,253,353,368,368,403,403,403,440,465,477],"floor_reached":29,"playtime":1855,"items_purged":[],"score":281,"play_id":"8477335f-9ea1-4446-8f01-f10468d41cee","local_time":"20190515220752","is_ascension_mode":true,"campfire_choices":[{"data":"Enlightenment","floor":6.0,"key":"SMITH"},{"data":"Whirlwind","floor":8.0,"key":"SMITH"},{"data":"Flame Barrier","floor":15.0,"key":"SMITH"},{"floor":23,"key":"REST"},{"data":"True Grit","floor":25,"key":"SMITH"}],"neow_cost":"NONE","seed_source_timestamp":23728713801296,"circlet_count":0,"master_deck":["Strike_R","Strike_R","Strike_R","Strike_R","Strike_R","Defend_R","Defend_R","Defend_R","Bash","Warcry","Enlightenment+1","Whirlwind+1","Shrug It Off","Headbutt","Flame Barrier+1","Battle Trance","Impervious","Limit Break","True Grit+1","Shockwave+1","Feel No Pain","Headbutt+1","Flame Barrier"],"special_seed":0,"relics":["Burning Blood","Golden Idol","Pen Nib","Dodecahedron","Matryoshka","Black Star","Dream Catcher","Potion Belt","Kunai","MawBank"],"potions_floor_usage":[19,24,24],"damage_taken":[{"damage":3.0,"enemies":"Jaw Worm","floor":1.0,"turns":5.0},{"damage":1.0,"enemies":"Cultist","floor":5.0,"turns":3.0},{"damage":1.0,"enemies":"2 Louse","floor":7.0,"turns":2.0},{"damage":28.0,"enemies":"Lagavulin","floor":10.0,"turns":7.0},{"damage":0.0,"enemies":"Exordium Wildlife","floor":11.0,"turns":1.0},{"damage":0.0,"enemies":"Lots of Slimes","floor":12.0,"turns":1.0},{"damage":20.0,"enemies":"Gremlin Nob","floor":13.0,"turns":4.0},{"damage":29,"enemies":"Slime Boss","floor":16,"turns":9},{"damage":24,"enemies":"Spheric Guardian","floor":18,"turns":6},{"damage":12,"enemies":"Chosen","floor":19,"turns":6},{"damage":31,"enemies":"3 Cultists","floor":22,"turns":5},{"damage":45,"enemies":"Slavers","floor":24,"turns":7},{"damage":19,"enemies":"Cultist and Chosen","floor":27,"turns":6},{"damage":0,"enemies":"Snake Plant","floor":28,"turns":4},{"damage":29,"enemies":"Centurion and Healer","floor":29,"turns":6}],"seed_played":"1317844612342545357","potions_obtained":[{"floor":7.0,"key":"AttackPotion"},{"floor":10.0,"key":"Poison Potion"},{"floor":16,"key":"Regen Potion"},{"floor":22,"key":"SkillPotion"},{"floor":27,"key":"EssenceOfSteel"}],"is_trial":false,"path_per_floor":["M","?","$","?","M","R","M","R","T","E","M","M","E","$","R","B",null,"M","M","?","?","M","R","E","R","T","M","M","M"],"character_chosen":"IRONCLAD","items_purchased":["Enlightenment","Battle Trance","Impervious"],"campfire_rested":1,"item_purchase_floors":[3,14,14],"current_hp_per_floor":[80,60,60,52,57,57,62,62,62,40,46,52,38,38,38,15,80,62,56,56,56,31,55,31,31,31,18,24,0],"gold":477,"neow_bonus":"REMOVE_CARD","is_prod":false,"is_daily":false,"chose_seed":false,"campfire_upgraded":4,"win_rate":0,"timestamp":1557950872,"path_taken":["M","?","$","?","M","R","M","R","T","E","?","M","E","$","R","BOSS","M","M","?","?","?","R","E","R","T","M","M","?"],"build_version":"2019-01-23","purchased_purges":0,"victory":false,"max_hp_per_floor":[80,80,80,80,80,80,80,80,80,80,80,80,80,80,80,80,80,80,80,80,80,80,80,80,80,80,80,80,80],"card_choices":[{"not_picked":["Pommel Strike","Sever Soul"],"picked":"Warcry","floor":1.0},{"not_picked":["Iron Wave","Headbutt"],"picked":"Whirlwind","floor":5.0},{"not_picked":["Pommel Strike","Warcry"],"picked":"Shrug It Off","floor":7.0},{"not_picked":["Berserk","Twin Strike","Sword Boomerang"],"picked":"SKIP","floor":10.0},{"not_picked":["Sword Boomerang","Pommel Strike","Clothesline"],"picked":"SKIP","floor":11.0},{"not_picked":["Twin Strike","Whirlwind"],"picked":"Headbutt","floor":12.0},{"not_picked":["Dual Wield","Carnage"],"picked":"Flame Barrier","floor":13.0},{"not_picked":["Feed","Brutality"],"picked":"Limit Break","floor":16},{"not_picked":["Warcry","Fire Breathing"],"picked":"True Grit","floor":18},{"not_picked":["Burning Pact+1","Clash"],"picked":"Shockwave+1","floor":19},{"not_picked":["Clothesline","Combust+1"],"picked":"Feel No Pain","floor":22},{"not_picked":["Juggernaut","Cleave"],"picked":"Headbutt+1","floor":24},{"not_picked":["Dual Wield","Searing Blow","Hemokinesis+1"],"picked":"SKIP","floor":27},{"not_picked":["Cleave","Headbutt"],"picked":"Flame Barrier","floor":28}],"player_experience":259869,"relics_obtained":[{"floor":9.0,"key":"Pen Nib"},{"floor":10.0,"key":"Dodecahedron"},{"floor":13.0,"key":"Matryoshka"},{"floor":24,"key":"Dream Catcher"},{"floor":24,"key":"Potion Belt"},{"floor":26,"key":"Kunai"},{"floor":26,"key":"MawBank"}],"event_choices":[{"damage_healed":0.0,"max_hp_gain":0.0,"max_hp_loss":0.0,"gold_gain":0.0,"event_name":"Golden Idol","player_choice":"Take Damage","floor":2.0,"gold_loss":0.0,"damage_taken":20.0,"relics_obtained":["Golden Idol"]},{"damage_healed":0.0,"max_hp_gain":0.0,"max_hp_loss":0.0,"gold_gain":75.0,"event_name":"FaceTrader","player_choice":"Touch","floor":4.0,"gold_loss":0.0,"damage_taken":8.0},{"damage_healed":0,"gold_gain":0,"player_choice":"Ignored","damage_taken":0,"max_hp_gain":0,"max_hp_loss":0,"event_name":"Cursed Tome","floor":20,"gold_loss":0},{"damage_healed":0,"gold_gain":100,"player_choice":"Pray","damage_taken":0,"max_hp_gain":0,"max_hp_loss":0,"event_name":"Golden Shrine","floor":21,"gold_loss":0}],"is_beta":false,"boss_relics":[{"not_picked":["Fusion Hammer","Ectoplasm"],"picked":"Black Star"}],"items_purged_floors":[],"is_endless":false,"potions_floor_spawned":[7,10,16,22,27],"killed_by":"Centurion and Healer","ascension_level":2}