{"gold_per_floor":[110,126,138,4,22,22,55,67,79,116,128,156,168,200,212,319,331,354,37,48,48,119,152,152,152,175,90,106,125,143,162,162,266,266,282,282,123,133,10,39,39,19,19,19,29,29,29,56,56,56],"floor_reached":51,"playtime":6100,"items_purged":[],"score":1096,"play_id":"9a493374-bdb8-49c8-a5ee-e6bebce65c6f","local_time":"20190602211334","is_ascension_mode":true,"campfire_choices":[{"data":"Forethought","floor":6.0,"key":"SMITH"},{"floor":8.0,"key":"REST"},{"data":"Dark Embrace","floor":13.0,"key":"SMITH"},{"floor":15.0,"key":"REST"},{"floor":32.0,"key":"REST"},{"data":"True Grit","floor":41.0,"key":"SMITH"},{"data":"Warcry","floor":44.0,"key":"SMITH"},{"data":"Master of Strategy","floor":46.0,"key":"SMITH"},{"floor":49.0,"key":"REST"}],"neow_cost":"NONE","seed_source_timestamp":355813245564063,"circlet_count":0,"master_deck":["AscendersBane","Strike_R","Strike_R","Strike_R","Defend_R","Defend_R","Defend_R","Bash+1","Carnage","Disarm","Forethought+1","Exhume","Dark Embrace+1","Second Wind","Sentinel","Reaper","Master of Strategy+1","Reckless Charge","Feel No Pain+1","Havoc","Entrench+1","Exhume","Warcry+1","True Grit+1","Mayhem","Intimidate+1","Feel No Pain","Master of Strategy+1"],"special_seed":0,"relics":["Burning Blood","MawBank","Self Forming Clay","Dead Branch","Lizard Tail","Membership Card","Darkstone Periapt","Lantern","Pen Nib","Tiny Chest","Empty Cage","Kunai","Bottled Tornado","Anchor","Regal Pillow","Bottled Lightning"],"potions_floor_usage":[50],"damage_taken":[{"damage":1.0,"enemies":"2 Louse","floor":1.0,"turns":4.0},{"damage":1.0,"enemies":"Cultist","floor":2.0,"turns":3.0},{"damage":0.0,"enemies":"Small Slimes","floor":3.0,"turns":4.0},{"damage":11.0,"enemies":"Exordium Wildlife","floor":5.0,"turns":4.0},{"damage":51.0,"enemies":"3 Sentries","floor":7.0,"turns":12.0},{"damage":25.0,"enemies":"Lagavulin","floor":10.0,"turns":7.0},{"damage":8.0,"enemies":"Large Slime","floor":12.0,"turns":8.0},{"damage":22.0,"enemies":"Exordium Thugs","floor":14.0,"turns":5.0},{"damage":11.0,"enemies":"Slime Boss","floor":16.0,"turns":8.0},{"damage":14.0,"enemies":"Spheric Guardian","floor":18.0,"turns":4.0},{"damage":17.0,"enemies":"3 Byrds","floor":20.0,"turns":7.0},{"damage":42.0,"enemies":"Slavers","floor":23.0,"turns":4.0},{"damage":13.0,"enemies":"Snake Plant","floor":28.0,"turns":5.0},{"damage":6.0,"enemies":"Cultist and Chosen","floor":29.0,"turns":10.0},{"damage":25.0,"enemies":"Sentry and Sphere","floor":30.0,"turns":4.0},{"damage":40.0,"enemies":"3 Cultists","floor":31.0,"turns":7.0},{"damage":65.0,"enemies":"Collector","floor":33.0,"turns":9.0},{"damage":34.0,"enemies":"3 Darklings","floor":35.0,"turns":6.0},{"damage":37.0,"enemies":"Orb Walker","floor":38.0,"turns":8.0},{"damage":27.0,"enemies":"Nemesis","floor":40.0,"turns":9.0},{"damage":0.0,"enemies":"Writhing Mass","floor":45.0,"turns":7.0},{"damage":30.0,"enemies":"Reptomancer","floor":48.0,"turns":10.0},{"damage":53,"enemies":"Donu and Deca","floor":50,"turns":10}],"seed_played":"-2750599937599600579","potions_obtained":[{"floor":1.0,"key":"SkillPotion"},{"floor":5.0,"key":"Weak Potion"},{"floor":7.0,"key":"Dexterity Potion"},{"floor":20.0,"key":"Fire Potion"},{"floor":23.0,"key":"SpeedPotion"},{"floor":28.0,"key":"Block Potion"},{"floor":31.0,"key":"SpeedPotion"},{"floor":40.0,"key":"SteroidPotion"},{"floor":48.0,"key":"Regen Potion"}],"is_trial":false,"path_per_floor":["M","M","M","$","M","R","E","R","T","E","?","M","R","M","R","B",null,"M","$","M","?","T","E","$","?","T","$","M","M","M","M","R","B",null,"M","T","$","M","$","E","R","$","T","R","M","R","?","E","R","B",null],"character_chosen":"IRONCLAD","items_purchased":["Disarm","Forethought","Membership Card","Master of Strategy","Reckless Charge","Tiny Chest","BloodPotion","Bottled Tornado","Regen Potion","True Grit","Mayhem","Feel No Pain"],"campfire_rested":4,"item_purchase_floors":[4,4,19,19,19,27,27,37,37,39,39,42],"current_hp_per_floor":[77,80,80,80,75,75,30,54,54,35,35,33,33,17,41,36,69,65,65,60,60,60,31,31,31,31,31,39,63,44,41,65,33,68,52,52,52,56,56,51,51,51,51,51,61,61,61,59,80,64],"gold":56,"neow_bonus":"UPGRADE_CARD","is_prod":false,"is_daily":false,"chose_seed":false,"campfire_upgraded":5,"win_rate":0,"timestamp":1559502814,"path_taken":["M","M","M","$","M","R","E","R","T","E","?","M","R","?","R","BOSS","M","$","M","?","?","E","?","?","T","$","M","M","M","M","R","BOSS","M","?","$","M","$","E","R","?","T","R","M","R","?","E","R","BOSS"],"build_version":"2019-01-23","purchased_purges":0,"victory":true,"max_hp_per_floor":[80,80,80,80,80,80,80,80,80,80,80,80,80,80,80,80,80,80,80,80,80,80,80,80,80,80,80,80,80,80,80,80,80,80,80,80,80,80,80,80,80,80,80,80,80,80,80,80,80,80],"card_choices":[{"not_picked":["Entrench","Havoc","Warcry"],"picked":"SKIP","floor":1.0},{"not_picked":["Flex","Sword Boomerang","Pommel Strike"],"picked":"SKIP","floor":2.0},{"not_picked":["Clash","Heavy Blade"],"picked":"Carnage","floor":3.0},{"not_picked":["Wild Strike","Bloodletting","Sword Boomerang"],"picked":"SKIP","floor":5.0},{"not_picked":["Iron Wave","Cleave"],"picked":"Exhume","floor":7.0},{"not_picked":["Body Slam","Power Through"],"picked":"Dark Embrace","floor":10.0},{"not_picked":["Clash","Twin Strike"],"picked":"Second Wind","floor":12.0},{"not_picked":["Iron Wave","Clothesline"],"picked":"Sentinel","floor":14.0},{"not_picked":["Offering","Demon Form"],"picked":"Reaper","floor":16.0},{"not_picked":["Clash","Spot Weakness","Cleave"],"picked":"SKIP","floor":18.0},{"not_picked":["Thunderclap","Twin Strike","Body Slam"],"picked":"SKIP","floor":20.0},{"not_picked":["Ghostly Armor","Combust","Dual Wield"],"picked":"SKIP","floor":23.0},{"not_picked":["Anger+1","Rampage+1"],"picked":"Havoc","floor":28.0},{"not_picked":["Body Slam","Rupture","Flex"],"picked":"SKIP","floor":29.0},{"not_picked":["Body Slam","Wild Strike","Perfected Strike"],"picked":"SKIP","floor":30.0},{"not_picked":["Reckless Charge","Body Slam"],"picked":"Entrench+1","floor":31.0},{"not_picked":["Bludgeon","Juggernaut"],"picked":"Exhume","floor":33.0},{"not_picked":["Heavy Blade+1","Wild Strike"],"picked":"Warcry","floor":35.0},{"not_picked":["Hemokinesis+1","Anger+1","Rupture"],"picked":"SKIP","floor":38.0},{"not_picked":["Rage","Dropkick"],"picked":"Intimidate+1","floor":40.0},{"not_picked":["Flex+1","Ghostly Armor","Twin Strike"],"picked":"SKIP","floor":45.0},{"not_picked":["Reckless Charge","Havoc","Immolate"],"picked":"SKIP","floor":48.0}],"player_experience":361376,"relics_obtained":[{"floor":7.0,"key":"MawBank"},{"floor":9.0,"key":"Self Forming Clay"},{"floor":10.0,"key":"Dead Branch"},{"floor":22.0,"key":"Darkstone Periapt"},{"floor":23.0,"key":"Lantern"},{"floor":26.0,"key":"Pen Nib"},{"floor":36.0,"key":"Kunai"},{"floor":40.0,"key":"Anchor"},{"floor":43.0,"key":"Regal Pillow"},{"floor":48.0,"key":"Bottled Lightning"}],"event_choices":[{"cards_removed":["Strike_R"],"damage_healed":0.0,"max_hp_gain":0.0,"max_hp_loss":0.0,"gold_gain":0.0,"event_name":"Purifier","player_choice":"Purged","floor":11.0,"gold_loss":0.0,"damage_taken":0.0},{"damage_healed":0.0,"max_hp_gain":0.0,"max_hp_loss":0.0,"gold_gain":0.0,"event_name":"The Library","player_choice":"Read","floor":21.0,"gold_loss":0.0,"damage_taken":0.0,"cards_obtained":["Feel No Pain"]},{"damage_healed":0.0,"max_hp_gain":0.0,"max_hp_loss":0.0,"gold_gain":0.0,"event_name":"Upgrade Shrine","player_choice":"Upgraded","floor":25.0,"gold_loss":0.0,"damage_taken":0.0,"cards_upgraded":["Feel No Pain"]},{"damage_healed":0.0,"max_hp_gain":0.0,"max_hp_loss":0.0,"gold_gain":0.0,"event_name":"Duplicator","player_choice":"Copied","floor":47.0,"gold_loss":0.0,"damage_taken":0.0,"cards_obtained":["Master of Strategy"]}],"is_beta":false,"boss_relics":[{"not_picked":["Runic Dome","White Beast Statue"],"picked":"Lizard Tail"},{"not_picked":["Coffee Dripper","Black Star"],"picked":"Empty Cage"}],"items_purged_floors":[],"is_endless":false,"potions_floor_spawned":[1,5,7,20,23,28,31,40,45,48],"ascension_level":12}