{"gold_per_floor":[119,131,111,124,49,81,81,97,97,60,90,103,115,141,141,141],"floor_reached":16,"playtime":794,"items_purged":["Defend_G"],"score":179,"play_id":"9a23ac42-0a68-41f7-9da7-6c416e3d0a0d","local_time":"20190716184704","is_ascension_mode":true,"campfire_choices":[{"data":"Noxious Fumes","floor":7.0,"key":"SMITH"},{"floor":15.0,"key":"REST"}],"neow_cost":"NONE","seed_source_timestamp":702466480168,"circlet_count":0,"master_deck":["AscendersBane","Strike_G","Strike_G","Strike_G","Strike_G","Strike_G","Defend_G","Defend_G","Defend_G","Defend_G","Survivor","Neutralize","Cloak And Dagger","Blade Dance","Tactician","Noxious Fumes+1","Noxious Fumes","Blur"],"special_seed":0,"relics":["Ring of the Snake","NeowsBlessing","Kunai","Dead Branch","Shovel","Bag of Marbles"],"potions_floor_usage":[],"damage_taken":[{"damage":0.0,"enemies":"Small Slimes","floor":1.0,"turns":1.0},{"damage":0.0,"enemies":"Cultist","floor":2.0,"turns":1.0},{"damage":0.0,"enemies":"2 Louse","floor":4.0,"turns":1.0},{"damage":31.0,"enemies":"Gremlin Nob","floor":6.0,"turns":6.0},{"damage":4.0,"enemies":"2 Fungi Beasts","floor":8.0,"turns":4.0},{"damage":20.0,"enemies":"3 Sentries","floor":11.0,"turns":7.0},{"damage":0.0,"enemies":"Exordium Wildlife","floor":12.0,"turns":4.0},{"damage":2.0,"enemies":"3 Louse","floor":13.0,"turns":5.0},{"damage":29,"enemies":"Slime Boss","floor":16,"turns":10}],"seed_played":"-2144007589320350805","potions_obtained":[{"floor":2.0,"key":"AttackPotion"},{"floor":3.0,"key":"SkillPotion"},{"floor":8.0,"key":"Energy Potion"},{"floor":11.0,"key":"Poison Potion"}],"is_trial":false,"path_per_floor":["M","M","?","M","$","E","R","M","T","$","E","M","M","T","R","B"],"character_chosen":"THE_SILENT","items_purchased":["Noxious Fumes"],"campfire_rested":1,"item_purchase_floors":[10],"current_hp_per_floor":[63,63,63,63,63,32,32,28,28,28,8,8,6,6,27,0],"gold":141,"neow_bonus":"THREE_ENEMY_KILL","is_prod":false,"is_daily":false,"chose_seed":false,"campfire_upgraded":1,"win_rate":0,"timestamp":1563328024,"path_taken":["M","M","?","?","$","E","R","?","T","?","E","M","?","?","R","BOSS"],"build_version":"2019-07-05","purchased_purges":1,"victory":false,"max_hp_per_floor":[70,70,70,70,70,70,70,70,70,70,70,70,70,70,70,70],"card_choices":[{"not_picked":["Footwork","Crippling Poison"],"picked":"Cloak And Dagger","floor":1.0},{"not_picked":["Expertise","PiercingWail"],"picked":"Blade Dance","floor":2.0},{"not_picked":["Dagger Spray","Predator"],"picked":"Tactician","floor":4.0},{"not_picked":["Underhanded Strike","PiercingWail"],"picked":"Noxious Fumes","floor":6.0},{"not_picked":["Crippling Poison","Expertise","Catalyst"],"picked":"SKIP","floor":8.0},{"not_picked":["Underhanded Strike","Crippling Poison","Sucker Punch"],"picked":"SKIP","floor":11.0},{"not_picked":["Deflect","Footwork"],"picked":"Blur","floor":12.0},{"not_picked":["Distraction","Poisoned Stab","Slice"],"picked":"SKIP","floor":13.0}],"player_experience":605746,"relics_obtained":[{"floor":6.0,"key":"Kunai"},{"floor":9.0,"key":"Dead Branch"},{"floor":11.0,"key":"Shovel"},{"floor":14.0,"key":"Bag of Marbles"}],"event_choices":[{"damage_healed":0.0,"max_hp_gain":0.0,"max_hp_loss":0.0,"gold_gain":0.0,"event_name":"The Woman in Blue","player_choice":"Bought 1 Potion","floor":3.0,"gold_loss":0.0,"damage_taken":0.0}],"is_beta":false,"boss_relics":[],"items_purged_floors":[5],"is_endless":false,"potions_floor_spawned":[2,8,11],"killed_by":"Slime Boss","ascension_level":12}