{"gold_per_floor":[117,127,52,72,86,120,120,149,149,149,175,189,89,108,108,209,209,228,239,289,303,140,173,173,173,173,173,185,197,197,216,216,216],"floor_reached":33,"playtime":2860,"items_purged":["Strike_B","Strike_B","Strike_B"],"score":390,"play_id":"90188186-1f0b-4a36-aba1-eb3fbda55f9c","local_time":"20190803023134","is_ascension_mode":true,"campfire_choices":[{"floor":7,"key":"REST"},{"floor":10,"key":"REST"},{"floor":15,"key":"REST"},{"floor":24,"key":"REST"},{"floor":27,"key":"REST"},{"floor":30,"key":"REST"},{"floor":32,"key":"REST"}],"neow_cost":"NONE","seed_source_timestamp":0,"circlet_count":0,"master_deck":["Strike_B","Defend_B","Defend_B","Defend_B","Defend_B","Zap","Dualcast","Electrodynamics","Reinforced Body","BootSequence","Ball Lightning","Gash","BootSequence","Echo Form","Cold Snap","Multi-Cast","Coolheaded+1","Buffer","Self Repair"],"special_seed":0,"relics":["Cracked Core","Pen Nib","Sundial","Calipers","FossilizedHelix","Fusion Hammer","Juzu Bracelet","Matryoshka"],"potions_floor_usage":[6,8,16,16,18,21,31,31,33],"damage_taken":[{"damage":1,"enemies":"Cultist","floor":1,"turns":3},{"damage":2,"enemies":"Jaw Worm","floor":2,"turns":3},{"damage":8,"enemies":"Small Slimes","floor":4,"turns":3},{"damage":0,"enemies":"Blue Slaver","floor":5,"turns":3},{"damage":28,"enemies":"Gremlin Nob","floor":6,"turns":4},{"damage":10,"enemies":"Lagavulin","floor":8,"turns":5},{"damage":15,"enemies":"3 Sentries","floor":11,"turns":3},{"damage":14,"enemies":"Exordium Wildlife","floor":12,"turns":5},{"damage":0,"enemies":"Large Slime","floor":14,"turns":3},{"damage":8,"enemies":"The Guardian","floor":16,"turns":11},{"damage":0,"enemies":"Spheric Guardian","floor":18,"turns":3},{"damage":10,"enemies":"2 Thieves","floor":19,"turns":3},{"damage":20,"enemies":"Shelled Parasite and Fungi","floor":21,"turns":8},{"damage":28,"enemies":"Gremlin Leader","floor":23,"turns":8},{"damage":0,"enemies":"Snecko","floor":28,"turns":7},{"damage":29,"enemies":"Cultist and Chosen","floor":29,"turns":10},{"damage":30,"enemies":"3 Cultists","floor":31,"turns":6},{"damage":76,"enemies":"Collector","floor":33,"turns":9}],"seed_played":"8432648172361044622","potions_obtained":[{"floor":1,"key":"PowerPotion"},{"floor":5,"key":"Ancient Potion"},{"floor":6,"key":"AttackPotion"},{"floor":8,"key":"FearPotion"},{"floor":12,"key":"Fire Potion"},{"floor":19,"key":"GamblersBrew"},{"floor":28,"key":"SpeedPotion"},{"floor":29,"key":"Swift Potion"},{"floor":31,"key":"Explosive Potion"}],"is_trial":false,"path_per_floor":["M","M","$","M","M","E","R","E","T","R","E","M","$","M","R","B",null,"M","M","?","M","$","E","R","?","T","R","M","M","R","M","R","B"],"character_chosen":"DEFECT","items_purchased":["Self Repair"],"campfire_rested":7,"item_purchase_floors":[22],"current_hp_per_floor":[67,65,65,57,57,29,51,41,41,63,48,34,34,34,56,48,68,68,58,58,38,38,17,39,25,25,49,56,34,58,35,59,0],"gold":216,"neow_bonus":"ONE_RANDOM_RARE_CARD","is_prod":false,"is_daily":false,"chose_seed":false,"campfire_upgraded":0,"win_rate":0,"timestamp":1564817494,"path_taken":["M","M","$","M","M","E","R","E","T","R","E","M","$","M","R","BOSS","M","?","?","?","?","E","R","?","T","R","M","M","R","M","R","BOSS"],"build_version":"2019-07-17","purchased_purges":3,"victory":false,"max_hp_per_floor":[75,75,75,75,75,75,75,75,75,75,75,75,75,75,75,75,75,75,75,75,75,75,75,75,80,80,80,80,80,80,80,80,80],"card_choices":[{"not_picked":["Steam","Rebound"],"picked":"Reinforced Body","floor":1},{"not_picked":["Melter","Redo"],"picked":"BootSequence","floor":2},{"not_picked":["Rip and Tear","Hologram"],"picked":"Ball Lightning","floor":4},{"not_picked":["BootSequence","Redo"],"picked":"Gash","floor":5},{"not_picked":["Steam","Melter","Go for the Eyes"],"picked":"SKIP","floor":6},{"not_picked":["Storm","Scrape"],"picked":"BootSequence","floor":8},{"not_picked":["Cold Snap","Barrage"],"picked":"Echo Form","floor":11},{"not_picked":["Conserve Battery","Streamline","Melter"],"picked":"SKIP","floor":12},{"not_picked":["Gash","Loop"],"picked":"Cold Snap","floor":14},{"not_picked":["All For One","Rainbow"],"picked":"Multi-Cast","floor":16},{"not_picked":["Sweeping Beam","Cold Snap","Turbo"],"picked":"SKIP","floor":18},{"not_picked":["Ball Lightning+1","Stack+1"],"picked":"Coolheaded+1","floor":19},{"not_picked":["Cold Snap","Streamline"],"picked":"Buffer","floor":21},{"not_picked":["Cold Snap","Barrage","Stack"],"picked":"SKIP","floor":23},{"not_picked":["Recycle","Go for the Eyes","Gash+1"],"picked":"SKIP","floor":28},{"not_picked":["Consume+1","Sweeping Beam","Redo"],"picked":"SKIP","floor":29},{"not_picked":["Genetic Algorithm","Melter","Beam Cell"],"picked":"SKIP","floor":31}],"player_experience":594041,"relics_obtained":[{"floor":6,"key":"Pen Nib"},{"floor":8,"key":"Sundial"},{"floor":9,"key":"Calipers"},{"floor":11,"key":"FossilizedHelix"},{"floor":23,"key":"Juzu Bracelet"},{"floor":26,"key":"Matryoshka"}],"event_choices":[{"damage_healed":0,"gold_gain":100,"player_choice":"Bet on Murderer","damage_taken":0,"max_hp_gain":0,"max_hp_loss":0,"event_name":"The Joust","floor":20,"gold_loss":50},{"damage_healed":0,"gold_gain":0,"player_choice":"Shed Blood","damage_taken":19,"max_hp_gain":5,"max_hp_loss":0,"event_name":"Forgotten Altar","floor":25,"gold_loss":0}],"is_beta":false,"boss_relics":[{"not_picked":["Eternal Feather","Inserter"],"picked":"Fusion Hammer"}],"items_purged_floors":[3,13,22],"is_endless":false,"potions_floor_spawned":[1,5,6,8,12,19,28,29,31],"killed_by":"Collector","ascension_level":7}