{"gold_per_floor":[116,291,291,291,304,304,324,324,324,341,341,361,376,150,150,246,246,230,247,247,260,160,191,191,191,191,206,206,216,216,232,232,337,337,349,176,192,1191,1191,1206,1206,461,461,461,461,461,461,42,42,42],"floor_reached":51,"playtime":1808,"items_purged":["Strike_R","Doubt","Strike_R","Strike_R"],"score":831,"play_id":"4be65eb5-225a-486f-8b08-3383b0ef5f80","local_time":"20190203155855","is_ascension_mode":true,"campfire_choices":[{"floor":6.0,"key":"DIG"},{"floor":8.0,"key":"DIG"},{"floor":11.0,"key":"DIG"},{"floor":15.0,"key":"DIG"},{"data":"Armaments","floor":24.0,"key":"SMITH"},{"floor":28.0,"key":"REST"},{"floor":30.0,"key":"REST"},{"floor":32.0,"key":"REST"},{"floor":41.0,"key":"REST"},{"floor":44.0,"key":"DIG"},{"data":"Juggernaut","floor":46,"key":"SMITH"},{"floor":49,"key":"REST"}],"neow_cost":"NONE","seed_source_timestamp":11736590445278,"circlet_count":0,"master_deck":["Strike_R","Strike_R","Defend_R","Defend_R","Defend_R","Defend_R","Bash","Double Tap","Shrug It Off","Flame Barrier","Juggernaut+1","Shockwave","Armaments+1","Barricade","Body Slam","Shrug It Off","True Grit+1","Discovery","Body Slam","Dual Wield"],"special_seed":0,"relics":["Burning Blood","Shovel","Pocketwatch","Oddly Smooth Stone","Letter Opener","Omamori","Happy Flower","Lantern","Orrery","Ice Cream","Paper Frog","Snecko Eye","Vajra","Regal Pillow","Toy Ornithopter","Bag of Marbles","Bronze Scales","Bottled Lightning"],"potions_floor_usage":[50,50,50],"damage_taken":[{"damage":19.0,"enemies":"Jaw Worm","floor":1.0,"turns":4.0},{"damage":7.0,"enemies":"Small Slimes","floor":5.0,"turns":4.0},{"damage":9.0,"enemies":"2 Louse","floor":7.0,"turns":3.0},{"damage":15.0,"enemies":"Gremlin Gang","floor":10.0,"turns":5.0},{"damage":3.0,"enemies":"2 Fungi Beasts","floor":12.0,"turns":4.0},{"damage":7.0,"enemies":"Looter","floor":13.0,"turns":4.0},{"damage":51.0,"enemies":"The Guardian","floor":16.0,"turns":15.0},{"damage":13.0,"enemies":"2 Thieves","floor":18.0,"turns":4.0},{"damage":18.0,"enemies":"3 Byrds","floor":19.0,"turns":7.0},{"damage":7.0,"enemies":"Snecko","floor":21.0,"turns":5.0},{"damage":26.0,"enemies":"Book of Stabbing","floor":23.0,"turns":8.0},{"damage":33.0,"enemies":"Sentry and Sphere","floor":27.0,"turns":10.0},{"damage":12.0,"enemies":"3 Cultists","floor":29.0,"turns":6.0},{"damage":11.0,"enemies":"Shelled Parasite and Fungi","floor":31.0,"turns":5.0},{"damage":65.0,"enemies":"Automaton","floor":33.0,"turns":15.0},{"damage":10.0,"enemies":"3 Darklings","floor":35.0,"turns":6.0},{"damage":0.0,"enemies":"3 Shapes","floor":37.0,"turns":5.0},{"damage":32.0,"enemies":"Sphere and 2 Shapes","floor":40.0,"turns":5.0},{"damage":26,"enemies":"Awakened One","floor":50,"turns":8}],"seed_played":"3807536991232443731","potions_obtained":[{"floor":4.0,"key":"Regen Potion"},{"floor":4.0,"key":"Poison Potion"},{"floor":4.0,"key":"AttackPotion"},{"floor":18.0,"key":"SkillPotion"},{"floor":21.0,"key":"Strength Potion"},{"floor":29.0,"key":"Weak Potion"},{"floor":37.0,"key":"Explosive Potion"}],"is_trial":false,"path_per_floor":["M","?","?","?","M","R","M","R","T","M","R","M","M","$","R","B",null,"M","M","?","M","$","E","R","?","T","M","R","M","R","M","R","B",null,"M","$","M","?","?","M","R","$","T","R","?","R","?","$","R","B",null],"character_chosen":"IRONCLAD","items_purchased":["Happy Flower","Shrug It Off","Swift Potion","Strength Potion","Vajra","Regal Pillow","Toy Ornithopter","Body Slam","Bottled Lightning","Swift Potion","Dual Wield"],"campfire_rested":5,"item_purchase_floors":[14,36,42,42,42,42,42,48,48,48,48],"current_hp_per_floor":[67,67,64,64,63,63,60,60,60,51,51,54,53,53,53,8,62,55,43,43,42,42,37,37,37,37,10,34,28,52,47,71,12,63,59,59,65,65,65,39,61,61,61,61,61,61,51,51,76,66],"gold":42,"neow_bonus":"ONE_RANDOM_RARE_CARD","is_prod":false,"is_daily":false,"chose_seed":false,"campfire_upgraded":2,"win_rate":0,"timestamp":1549198735,"path_taken":["M","?","?","?","M","R","M","R","T","M","R","M","?","$","R","BOSS","M","M","?","M","$","E","R","?","T","M","R","M","R","M","R","BOSS","M","$","M","?","?","M","R","$","T","R","?","R","?","?","R","BOSS"],"build_version":"2019-01-23","purchased_purges":4,"victory":true,"max_hp_per_floor":[80,80,80,80,80,80,80,80,80,80,80,80,80,80,80,80,80,80,80,80,80,80,80,80,80,80,80,80,80,80,80,80,80,80,80,80,80,80,76,76,76,76,76,76,76,76,76,76,76,76],"card_choices":[{"not_picked":["Warcry","Power Through"],"picked":"Twin Strike","floor":1.0},{"not_picked":["Infernal Blade","Warcry"],"picked":"Shrug It Off","floor":5.0},{"not_picked":["Blood for Blood","Body Slam","Perfected Strike"],"picked":"SKIP","floor":7.0},{"not_picked":["Iron Wave","Perfected Strike","Headbutt"],"picked":"SKIP","floor":10.0},{"not_picked":["Iron Wave","Thunderclap","Clothesline"],"picked":"SKIP","floor":12.0},{"not_picked":["Anger","Sword Boomerang"],"picked":"Flame Barrier","floor":13.0},{"not_picked":["Limit Break","Reaper"],"picked":"Juggernaut","floor":16.0},{"not_picked":["Warcry","Iron Wave"],"picked":"Shockwave","floor":17.0},{"not_picked":["Sever Soul","Heavy Blade"],"picked":"Armaments","floor":18.0},{"not_picked":["Ghostly Armor","Flex+1","Thunderclap"],"picked":"SKIP","floor":19.0},{"not_picked":["Perfected Strike","Headbutt","Cleave"],"picked":"SKIP","floor":21.0},{"not_picked":["Hemokinesis","Seeing Red+1"],"picked":"Barricade","floor":23.0},{"not_picked":["Carnage","Shrug It Off"],"picked":"Body Slam","floor":27.0},{"not_picked":["Iron Wave","Pommel Strike","Clothesline"],"picked":"SKIP","floor":29.0},{"not_picked":["True Grit","Warcry+1","Heavy Blade"],"picked":"SKIP","floor":31.0},{"not_picked":["Dropkick+1","Seeing Red+1","Havoc+1"],"picked":"SKIP","floor":35.0},{"not_picked":["Carnage","Corruption","Fire Breathing"],"picked":"SKIP","floor":37.0},{"not_picked":["Combust+1","Disarm"],"picked":"True Grit+1","floor":40.0},{"not_picked":["Bandage Up","Secret Weapon"],"picked":"Discovery","floor":47}],"player_experience":739759,"relics_obtained":[{"floor":6.0,"key":"Pocketwatch"},{"floor":8.0,"key":"Oddly Smooth Stone"},{"floor":9.0,"key":"Letter Opener"},{"floor":11.0,"key":"Omamori"},{"floor":15.0,"key":"Lantern"},{"floor":23.0,"key":"Ice Cream"},{"floor":26.0,"key":"Paper Frog"},{"floor":43.0,"key":"Bag of Marbles"},{"floor":44.0,"key":"Bronze Scales"}],"event_choices":[{"damage_healed":0.0,"max_hp_gain":0.0,"max_hp_loss":0.0,"gold_gain":175.0,"event_name":"Liars Game","player_choice":"AGREE","floor":2.0,"gold_loss":0.0,"damage_taken":0.0,"cards_obtained":["Doubt"]},{"damage_healed":0.0,"max_hp_gain":0.0,"max_hp_loss":0.0,"gold_gain":0.0,"event_name":"Scrap Ooze","player_choice":"Success","floor":3.0,"gold_loss":0.0,"damage_taken":3.0,"relics_obtained":["Shovel"]},{"damage_healed":0.0,"max_hp_gain":0.0,"max_hp_loss":0.0,"gold_gain":0.0,"event_name":"Lab","player_choice":"Got Potions","floor":4.0,"gold_loss":0.0,"damage_taken":0.0},{"damage_healed":0.0,"max_hp_gain":0.0,"max_hp_loss":0.0,"gold_gain":0.0,"event_name":"Ghosts","player_choice":"Ignored","floor":20.0,"gold_loss":0.0,"damage_taken":0.0},{"damage_healed":0.0,"max_hp_gain":0.0,"max_hp_loss":0.0,"gold_gain":0.0,"event_name":"Vampires","player_choice":"Ignored","floor":25.0,"gold_loss":0.0,"damage_taken":0.0},{"damage_healed":0.0,"max_hp_gain":0.0,"max_hp_loss":0.0,"gold_gain":999.0,"event_name":"MindBloom","player_choice":"Gold","floor":38.0,"gold_loss":0.0,"damage_taken":0.0,"cards_obtained":["Normality","Normality"]},{"damage_healed":0.0,"max_hp_gain":0.0,"max_hp_loss":4.0,"gold_gain":0.0,"event_name":"Winding Halls","player_choice":"Max HP","floor":39.0,"gold_loss":0.0,"damage_taken":0.0},{"cards_removed":["Twin Strike"],"damage_healed":0.0,"max_hp_gain":0.0,"max_hp_loss":0.0,"gold_gain":0.0,"event_name":"Falling","player_choice":"Removed Attack","floor":45.0,"gold_loss":0.0,"damage_taken":0.0},{"damage_healed":0,"gold_gain":0,"player_choice":"Memory 3","damage_taken":10,"max_hp_gain":0,"max_hp_loss":0,"event_name":"SensoryStone","floor":47,"gold_loss":0}],"is_beta":false,"boss_relics":[{"not_picked":["Coffee Dripper","Runic Pyramid"],"picked":"Orrery"},{"not_picked":["Fusion Hammer","Empty Cage"],"picked":"Snecko Eye"}],"items_purged_floors":[14,22,36,42],"is_endless":false,"potions_floor_spawned":[12,13,18,21,29,37],"ascension_level":5}