{"gold_per_floor":[115,265,109,121,131,131,163,163,218,235,262,262,281,295,295,295],"floor_reached":16,"playtime":536,"items_purged":["Doubt"],"score":196,"play_id":"a5e98218-f05c-48a4-8a2c-a42b59bfc890","local_time":"20190425194751","is_ascension_mode":true,"campfire_choices":[{"data":"Footwork","floor":6,"key":"SMITH"},{"data":"Cloak And Dagger","floor":8,"key":"SMITH"},{"data":"Dash","floor":12,"key":"SMITH"},{"data":"Well Laid Plans","floor":15,"key":"SMITH"}],"neow_cost":"NONE","seed_source_timestamp":28296882299762,"circlet_count":0,"master_deck":["AscendersBane","Defend_G","Defend_G","Defend_G","Defend_G","Defend_G","Strike_G","Strike_G","Strike_G","Strike_G","Strike_G","Survivor","Neutralize","Storm of Steel","Dagger Spray","Footwork+1","Well Laid Plans+1","Cloak And Dagger+1","Leg Sweep","Dash+1","Caltrops"],"relics":["Ring of the Snake","Boot","PreservedInsect","Incense Burner"],"potions_floor_usage":[16],"damage_taken":[{"damage":0,"enemies":"Small Slimes","floor":1,"turns":3},{"damage":0,"enemies":"Cultist","floor":4,"turns":4},{"damage":4,"enemies":"Jaw Worm","floor":5,"turns":4},{"damage":27,"enemies":"3 Sentries","floor":7,"turns":10},{"damage":0,"enemies":"2 Fungi Beasts","floor":10,"turns":3},{"damage":5,"enemies":"Gremlin Nob","floor":11,"turns":5},{"damage":0,"enemies":"Large Slime","floor":13,"turns":5},{"damage":0,"enemies":"Lots of Slimes","floor":14,"turns":2},{"damage":28,"enemies":"Slime Boss","floor":16,"turns":10}],"seed_played":"-7644357447908447399","potions_obtained":[{"floor":5,"key":"Ancient Potion"},{"floor":10,"key":"PowerPotion"}],"is_trial":false,"path_per_floor":["M","?","$","M","M","R","E","R","T","M","E","R","M","M","R","B"],"character_chosen":"THE_SILENT","items_purchased":["Footwork"],"campfire_rested":0,"item_purchase_floors":[3],"current_hp_per_floor":[59,59,59,59,55,55,28,28,28,28,23,23,23,23,23,0],"gold":295,"neow_bonus":"ONE_RANDOM_RARE_CARD","is_prod":false,"is_daily":false,"chose_seed":false,"campfire_upgraded":4,"win_rate":0,"timestamp":1556210871,"path_taken":["M","?","$","M","M","R","E","R","T","M","E","R","M","M","R","BOSS"],"build_version":"2019-01-23","purchased_purges":1,"victory":false,"max_hp_per_floor":[66,66,66,66,66,66,66,66,66,66,66,66,66,66,66,66],"card_choices":[{"not_picked":["Backflip","Noxious Fumes"],"picked":"Dagger Spray","floor":1},{"not_picked":["Dagger Spray","Reflex"],"picked":"Well Laid Plans","floor":4},{"not_picked":["Outmaneuver","Blur"],"picked":"Cloak And Dagger","floor":5},{"not_picked":["Slice","Setup"],"picked":"Leg Sweep","floor":7},{"not_picked":["Outmaneuver","Expertise"],"picked":"Dash","floor":10},{"not_picked":["Distraction","Reflex","Dagger Throw"],"picked":"SKIP","floor":11},{"not_picked":["Glass Knife","Flying Knee","Deflect"],"picked":"SKIP","floor":13},{"not_picked":["Dodge and Roll","Catalyst"],"picked":"Caltrops","floor":14}],"player_experience":869428,"relics_obtained":[{"floor":7,"key":"Boot"},{"floor":9,"key":"PreservedInsect"},{"floor":11,"key":"Incense Burner"}],"event_choices":[{"damage_healed":0,"gold_gain":150,"player_choice":"AGREE","damage_taken":0,"max_hp_gain":0,"max_hp_loss":0,"event_name":"Liars Game","floor":2,"gold_loss":0,"cards_obtained":["Doubt"]}],"is_beta":false,"boss_relics":[],"items_purged_floors":[3],"is_endless":false,"potions_floor_spawned":[5,10,14],"killed_by":"Slime Boss","ascension_level":15}