{"gold_per_floor":[109,184,359,371,371,402,402,419,419,438,438,452,487,502,502,605,605,623,127,127,127,146,146,180,193,193,219,219,245,261,261,261,365,365,379,393,101,101,117,117,143,159,159,193,211,211,223,223,223,223,223,223,0,31,31],"floor_reached":56,"playtime":2925,"items_purged":["Doubt"],"score":1403,"play_id":"54ce127e-6c34-4190-8662-813a3f0022b5","local_time":"20190725195403","is_ascension_mode":true,"campfire_choices":[{"data":"Neutralize","floor":7.0,"key":"SMITH"},{"data":"Well Laid Plans","floor":11.0,"key":"SMITH"},{"data":"Malaise","floor":15.0,"key":"SMITH"},{"data":"Glass Knife","floor":23.0,"key":"SMITH"},{"floor":28,"key":"REST"},{"floor":32,"key":"REST"},{"data":"Crippling Poison","floor":40,"key":"SMITH"},{"floor":46,"key":"RECALL"},{"floor":49,"key":"REST"},{"data":"Dash","floor":52,"key":"SMITH"}],"neow_cost":"NONE","seed_source_timestamp":12376325357491,"circlet_count":0,"master_deck":["Strike_G+1","Strike_G+1","Strike_G+1","Strike_G+1","Defend_G+1","Defend_G+1","Defend_G+1","Defend_G+1","Defend_G+1","Survivor","Neutralize+1","Poisoned Stab","Dagger Spray","Heel Hook","Well Laid Plans+1","Malaise+1","Escape Plan","Glass Knife+1","Crippling Poison+1","Corpse Explosion","Deflect+1","Noxious Fumes","Noxious Fumes","Leg Sweep+1","Deflect","Noxious Fumes","Prepared","Blur+1","Burst+1","Backflip+1","Cloak And Dagger+1","After Image","Cloak And Dagger+1","Noxious Fumes+1","Dash+1","Backflip+1","Footwork+1"],"special_seed":0,"relics":["Ring of the Serpent","NeowsBlessing","Sundial","Vajra","Matryoshka","Bronze Scales","DollysMirror","Letter Opener","Omamori","Gambling Chip","Shuriken","Dream Catcher","Black Star","Centennial Puzzle","Toxic Egg 2","Juzu Bracelet","Bag of Preparation","Mango","Ice Cream","War Paint","Bag of Marbles","Ninja Scroll"],"potions_floor_usage":[55,55,55],"damage_taken":[{"damage":0.0,"enemies":"2 Louse","floor":1.0,"turns":1.0},{"damage":0.0,"enemies":"Small Slimes","floor":4.0,"turns":1.0},{"damage":0.0,"enemies":"Gremlin Nob","floor":6.0,"turns":1.0},{"damage":0.0,"enemies":"Cultist","floor":8.0,"turns":3.0},{"damage":2.0,"enemies":"Large Slime","floor":10.0,"turns":6.0},{"damage":0.0,"enemies":"3 Louse","floor":12.0,"turns":2.0},{"damage":11.0,"enemies":"Lagavulin","floor":13.0,"turns":7.0},{"damage":4.0,"enemies":"Exordium Thugs","floor":14.0,"turns":4.0},{"damage":4.0,"enemies":"Hexaghost","floor":16.0,"turns":12.0},{"damage":8.0,"enemies":"Spheric Guardian","floor":18.0,"turns":4.0},{"damage":3.0,"enemies":"3 Byrds","floor":22.0,"turns":4.0},{"damage":25,"enemies":"Slavers","floor":24,"turns":3},{"damage":0,"enemies":"Snake Plant","floor":25,"turns":4},{"damage":15,"enemies":"Gremlin Leader","floor":27,"turns":7},{"damage":31,"enemies":"Slavers","floor":29,"turns":3},{"damage":0,"enemies":"3 Cultists","floor":30,"turns":2},{"damage":20,"enemies":"Champ","floor":33,"turns":13},{"damage":0,"enemies":"3 Shapes","floor":35,"turns":3},{"damage":0,"enemies":"3 Darklings","floor":36,"turns":2},{"damage":13,"enemies":"Transient","floor":39,"turns":5},{"damage":28,"enemies":"Giant Head","floor":41,"turns":10},{"damage":4,"enemies":"Spire Growth","floor":42,"turns":7},{"damage":0,"enemies":"Nemesis","floor":44,"turns":9},{"damage":6,"enemies":"4 Shapes","floor":45,"turns":4},{"damage":0,"enemies":"3 Darklings","floor":47,"turns":3},{"damage":38,"enemies":"Awakened One","floor":50,"turns":18},{"damage":40,"enemies":"Shield and Spear","floor":54,"turns":8},{"damage":26,"enemies":"The Heart","floor":55,"turns":12}],"seed_played":"1912403371795539130","potions_obtained":[{"floor":8.0,"key":"Explosive Potion"},{"floor":10.0,"key":"SpeedPotion"},{"floor":13.0,"key":"FearPotion"},{"floor":14.0,"key":"Ancient Potion"}],"is_trial":false,"path_per_floor":["M","?","?","M","?","E","R","M","T","M","R","M","E","M","R","B",null,"M","$","?","?","M","R","E","M","T","E","R","E","M","?","R","B",null,"M","M","$","?","M","R","E","M","T","E","M","R","M","?","R","B",null,"R","$","E","B",null],"character_chosen":"THE_SILENT","items_purchased":["Bronze Scales","Noxious Fumes","DollysMirror","After Image","Centennial Puzzle","War Paint","Ancient Potion"],"campfire_rested":3,"item_purchase_floors":[19,19,19,37,37,53,53],"current_hp_per_floor":[70,59,59,59,59,59,59,59,59,57,57,57,46,42,42,38,70,62,62,62,62,59,59,34,34,34,19,40,9,9,9,30,10,70,70,70,70,70,57,57,29,25,25,39,33,33,33,33,58,20,84,84,84,44,18],"gold":31,"neow_bonus":"THREE_ENEMY_KILL","is_prod":false,"is_daily":false,"chose_seed":false,"campfire_upgraded":6,"win_rate":0,"timestamp":1564073643,"path_taken":["M","?","?","M","?","E","R","M","T","M","R","M","E","?","R","BOSS","BOSS","M","$","?","?","M","R","E","?","T","E","R","E","M","?","R","BOSS","M","M","$","?","M","R","E","M","T","E","M","R","M","?","R","BOSS","R","$","E","BOSS"],"build_version":"2019-07-17","purchased_purges":1,"victory":true,"max_hp_per_floor":[70,70,70,70,70,70,70,70,70,70,70,70,70,70,70,70,70,70,70,70,70,70,70,70,70,70,70,70,70,70,70,70,70,70,70,70,70,70,70,70,70,70,70,84,84,84,84,84,84,84,84,84,84,84,84],"card_choices":[{"not_picked":["Sucker Punch","Flechettes"],"picked":"Poisoned Stab","floor":1.0},{"not_picked":["Sucker Punch","Cloak And Dagger"],"picked":"Dagger Spray","floor":4.0},{"not_picked":["Slice","Dodge and Roll"],"picked":"Well Laid Plans","floor":6.0},{"not_picked":["Quick Slash","Underhanded Strike","Expertise"],"picked":"SKIP","floor":8.0},{"not_picked":["Leg Sweep","Endless Agony"],"picked":"Malaise","floor":10.0},{"not_picked":["Dodge and Roll","Poisoned Stab"],"picked":"Escape Plan","floor":12.0},{"not_picked":["Dodge and Roll","Poisoned Stab"],"picked":"Glass Knife","floor":13.0},{"not_picked":["Dagger Spray","Accuracy"],"picked":"Crippling Poison","floor":14.0},{"not_picked":["After Image","Phantasmal Killer"],"picked":"Corpse Explosion","floor":16.0},{"not_picked":["Sucker Punch","Bane"],"picked":"Deflect","floor":18.0},{"not_picked":["Backflip","Sucker Punch"],"picked":"Leg Sweep+1","floor":22.0},{"not_picked":["Quick Slash","Bane+1"],"picked":"Deflect","floor":24},{"not_picked":["Dagger Throw+1","Blade Dance","Concentrate"],"picked":"SKIP","floor":25},{"not_picked":["Accuracy","Bullet Time"],"picked":"Noxious Fumes","floor":27},{"not_picked":["Outmaneuver","Quick Slash"],"picked":"Prepared","floor":29},{"not_picked":["Concentrate+1","Deadly Poison"],"picked":"Blur","floor":30},{"not_picked":["Die Die Die","Bullet Time"],"picked":"Burst","floor":33},{"not_picked":["Poisoned Stab+1","Prepared"],"picked":"Backflip+1","floor":35},{"not_picked":["Cloak And Dagger+1","Poisoned Stab","Sucker Punch+1"],"picked":"SKIP","floor":36},{"not_picked":["Poisoned Stab","Sucker Punch+1"],"picked":"Cloak And Dagger+1","floor":36},{"not_picked":["Dagger Throw+1","Sucker Punch","Dagger Spray"],"picked":"SKIP","floor":39},{"not_picked":["Predator+1","Acrobatics+1","Dagger Spray"],"picked":"SKIP","floor":41},{"not_picked":["Die Die Die","Dagger Spray+1","Infinite Blades+1"],"picked":"SKIP","floor":42},{"not_picked":["Dodge and Roll+1","Phantasmal Killer+1"],"picked":"Cloak And Dagger+1","floor":44},{"not_picked":["Outmaneuver+1","Prepared+1"],"picked":"Noxious Fumes+1","floor":45},{"not_picked":["Blur+1","Deadly Poison+1","Quick Slash+1"],"picked":"SKIP","floor":47},{"not_picked":["Flying Knee","Leg Sweep+1"],"picked":"Backflip+1","floor":49},{"not_picked":["Dagger Throw+1","Caltrops"],"picked":"Footwork+1","floor":54}],"player_experience":1085481,"relics_obtained":[{"floor":6.0,"key":"Sundial"},{"floor":9.0,"key":"Vajra"},{"floor":13.0,"key":"Matryoshka"},{"floor":24,"key":"Letter Opener"},{"floor":26,"key":"Omamori"},{"floor":26,"key":"Gambling Chip"},{"floor":27,"key":"Shuriken"},{"floor":29,"key":"Dream Catcher"},{"floor":41,"key":"Toxic Egg 2"},{"floor":41,"key":"Juzu Bracelet"},{"floor":43,"key":"Bag of Preparation"},{"floor":44,"key":"Mango"},{"floor":44,"key":"Ice Cream"},{"floor":54,"key":"Bag of Marbles"},{"floor":54,"key":"Ninja Scroll"}],"event_choices":[{"damage_healed":0.0,"max_hp_gain":0.0,"max_hp_loss":0.0,"gold_gain":75.0,"event_name":"World of Goop","player_choice":"Gather Gold","floor":2.0,"gold_loss":0.0,"damage_taken":11.0},{"damage_healed":0.0,"max_hp_gain":0.0,"max_hp_loss":0.0,"gold_gain":175.0,"event_name":"Liars Game","player_choice":"AGREE","floor":3.0,"gold_loss":0.0,"damage_taken":0.0,"cards_obtained":["Doubt"]},{"damage_healed":0.0,"max_hp_gain":0.0,"max_hp_loss":0.0,"gold_gain":0.0,"cards_transformed":["Strike_G"],"event_name":"Transmorgrifier","player_choice":"Transformed","floor":5.0,"gold_loss":0.0,"damage_taken":0.0,"cards_obtained":["Heel Hook"]},{"damage_healed":0.0,"max_hp_gain":0.0,"max_hp_loss":0.0,"gold_gain":0.0,"event_name":"Back to Basics","player_choice":"Simplicity","floor":20.0,"gold_loss":0.0,"damage_taken":0.0,"cards_upgraded":["Strike_G","Strike_G","Strike_G","Strike_G","Defend_G","Defend_G","Defend_G","Defend_G","Defend_G"]},{"damage_healed":0.0,"max_hp_gain":0.0,"max_hp_loss":0.0,"gold_gain":0.0,"event_name":"The Woman in Blue","player_choice":"Bought 0 Potions","floor":21.0,"gold_loss":0.0,"damage_taken":0.0},{"damage_healed":0,"gold_gain":0,"player_choice":"Ignored","damage_taken":0,"max_hp_gain":0,"max_hp_loss":0,"event_name":"Vampires","floor":31,"gold_loss":0},{"damage_healed":0,"gold_gain":0,"player_choice":"Upgraded","damage_taken":0,"max_hp_gain":0,"max_hp_loss":0,"event_name":"Upgrade Shrine","floor":38,"gold_loss":0,"cards_upgraded":["Burst"]},{"damage_healed":0,"gold_gain":0,"player_choice":"1 cards matched","damage_taken":0,"max_hp_gain":0,"max_hp_loss":0,"event_name":"Match and Keep!","floor":48,"gold_loss":0,"cards_obtained":["Dash"]}],"is_beta":false,"boss_relics":[{"not_picked":["Lizard Tail","Calling Bell"],"picked":"Ring of the Serpent"},{"not_picked":["Pandora\u0027s Box","HoveringKite"],"picked":"Black Star"}],"items_purged_floors":[19],"is_endless":false,"potions_floor_spawned":[8,10,13,14,24,25,29,30,44,45,47],"ascension_level":1}