{"gold_per_floor":[117,128,128,145,163,195,195,213,213,213,213,226,251,262,262,365,365,378,378,393,409,438,452,468,468,468,383,383,383,155,169,169,169],"floor_reached":33,"playtime":4765,"items_purged":["Strike_R"],"score":261,"play_id":"b46ba227-6099-47c3-a542-63a663b09b18","local_time":"20190804234856","is_ascension_mode":false,"campfire_choices":[{"data":"Cleave","floor":7,"key":"SMITH"},{"data":"Cleave","floor":15,"key":"SMITH"},{"floor":29,"key":"REST"},{"data":"Bash","floor":32,"key":"SMITH"}],"neow_cost":"NONE","seed_source_timestamp":276442989266500,"circlet_count":0,"master_deck":["Strike_R","Strike_R","Strike_R","Strike_R","Defend_R","Defend_R","Defend_R","Defend_R","Bash+1","Cleave+1","Rage","Headbutt","Cleave+1","Bludgeon","Pummel","Secret Weapon","Clash","Rage","Feed+1","Pommel Strike","Thunderclap+1","Perfected Strike","Warcry+1","Rampage+1","J.A.X.","Warcry+1"],"relics":["Burning Blood","CultistMask","Bronze Scales","Calipers","Pantograph","Incense Burner","Lizard Tail","Red Mask","Nilry\u0027s Codex","Nunchaku","Letter Opener","PreservedInsect"],"potions_floor_usage":[16,24,24,24,33,33],"damage_taken":[{"damage":6,"enemies":"Jaw Worm","floor":1,"turns":4},{"damage":1,"enemies":"Cultist","floor":2,"turns":4},{"damage":0,"enemies":"2 Louse","floor":4,"turns":2},{"damage":0,"enemies":"Exordium Wildlife","floor":5,"turns":2},{"damage":36,"enemies":"Gremlin Nob","floor":6,"turns":5},{"damage":4,"enemies":"Red Slaver","floor":8,"turns":3},{"damage":1,"enemies":"2 Fungi Beasts","floor":12,"turns":3},{"damage":24,"enemies":"3 Sentries","floor":13,"turns":5},{"damage":11,"enemies":"Lots of Slimes","floor":14,"turns":3},{"damage":3,"enemies":"Slime Boss","floor":16,"turns":10},{"damage":22,"enemies":"Shell Parasite","floor":18,"turns":6},{"damage":21,"enemies":"2 Thieves","floor":20,"turns":3},{"damage":12,"enemies":"Sentry and Sphere","floor":21,"turns":4},{"damage":29,"enemies":"Masked Bandits","floor":22,"turns":3},{"damage":14,"enemies":"Snake Plant","floor":23,"turns":3},{"damage":27,"enemies":"Centurion and Healer","floor":24,"turns":4},{"damage":27,"enemies":"Snecko","floor":31,"turns":4},{"damage":85,"enemies":"Collector","floor":33,"turns":7}],"seed_played":"1412295565862980106","potions_obtained":[{"floor":1,"key":"Regen Potion"},{"floor":12,"key":"Energy Potion"},{"floor":13,"key":"FearPotion"},{"floor":16,"key":"Poison Potion"},{"floor":22,"key":"Strength Potion"},{"floor":24,"key":"EssenceOfSteel"},{"floor":31,"key":"GamblersBrew"}],"is_trial":false,"path_per_floor":["M","M","?","M","M","E","R","M","T","?","T","M","E","M","R","B",null,"M","?","M","M","?","M","M","?","T","?","?","R","$","M","R","B"],"character_chosen":"IRONCLAD","items_purchased":["PreservedInsect"],"campfire_rested":1,"item_purchase_floors":[30],"current_hp_per_floor":[80,80,80,80,80,50,50,52,52,52,52,57,39,34,34,77,80,64,64,53,47,24,16,44,28,28,28,28,54,54,37,37,0],"gold":169,"neow_bonus":"RANDOM_COLORLESS","is_prod":false,"is_daily":false,"chose_seed":false,"campfire_upgraded":3,"win_rate":0.0,"timestamp":1564958936,"path_taken":["M","M","?","M","?","E","R","M","T","?","?","M","E","?","R","BOSS","M","?","M","?","?","M","M","?","T","?","?","R","?","M","R","BOSS"],"build_version":"2019-07-17","purchased_purges":1,"victory":false,"max_hp_per_floor":[80,80,80,80,80,80,80,80,80,80,80,80,80,80,80,80,80,80,80,84,84,84,84,88,88,88,88,88,88,88,92,92,92],"card_choices":[{"not_picked":["Twin Strike","Sword Boomerang"],"picked":"Cleave","floor":1},{"not_picked":["Combust","Fire Breathing"],"picked":"Rage","floor":2},{"not_picked":["Carnage","Uppercut"],"picked":"Headbutt","floor":4},{"not_picked":["Flex","Body Slam"],"picked":"Cleave","floor":5},{"not_picked":["Body Slam","Flex"],"picked":"Bludgeon","floor":6},{"not_picked":["Cleave","Flex"],"picked":"Pummel","floor":8},{"not_picked":["Second Wind","Clothesline","Armaments"],"picked":"SKIP","floor":12},{"not_picked":["Body Slam","Clothesline"],"picked":"Clash","floor":13},{"not_picked":["Barricade","Clothesline"],"picked":"Rage","floor":14},{"not_picked":["Bludgeon","Impervious"],"picked":"Feed","floor":16},{"not_picked":["Thunderclap","Armaments","Cleave"],"picked":"SKIP","floor":18},{"not_picked":["True Grit","Armaments"],"picked":"Pommel Strike","floor":20},{"not_picked":["Clothesline","Pommel Strike"],"picked":"Thunderclap+1","floor":21},{"not_picked":["Seeing Red","Fiend Fire"],"picked":"Perfected Strike","floor":22},{"not_picked":["Sword Boomerang","Rupture"],"picked":"Warcry+1","floor":23},{"not_picked":["Wild Strike","Iron Wave+1"],"picked":"Rampage+1","floor":24},{"not_picked":["Entrench","Headbutt"],"picked":"Warcry+1","floor":31}],"player_experience":32431,"relics_obtained":[{"floor":6,"key":"Bronze Scales"},{"floor":9,"key":"Calipers"},{"floor":11,"key":"Pantograph"},{"floor":13,"key":"Incense Burner"},{"floor":22,"key":"Red Mask"},{"floor":25,"key":"Nilry\u0027s Codex"},{"floor":26,"key":"Nunchaku"}],"event_choices":[{"damage_healed":0,"gold_gain":0,"player_choice":"Trade","damage_taken":0,"relics_obtained":["CultistMask"],"max_hp_gain":0,"max_hp_loss":0,"event_name":"FaceTrader","floor":3,"gold_loss":0},{"damage_healed":0,"gold_gain":0,"cards_transformed":["Blind"],"player_choice":"Change","damage_taken":0,"max_hp_gain":0,"max_hp_loss":0,"event_name":"Living Wall","floor":10,"gold_loss":0,"cards_obtained":["Secret Weapon"]},{"damage_healed":0,"gold_gain":0,"player_choice":"Forge","damage_taken":0,"max_hp_gain":0,"max_hp_loss":0,"event_name":"Accursed Blacksmith","floor":19,"gold_loss":0,"cards_upgraded":["Feed"]},{"damage_healed":0,"gold_gain":0,"player_choice":"Fought Bandits","damage_taken":0,"max_hp_gain":0,"max_hp_loss":0,"event_name":"Masked Bandits","floor":22,"gold_loss":0},{"damage_healed":0,"gold_gain":0,"player_choice":"Obtained Book","damage_taken":16,"max_hp_gain":0,"max_hp_loss":0,"event_name":"Cursed Tome","floor":25,"gold_loss":0},{"damage_healed":0,"gold_gain":0,"player_choice":"Obtained Relic","damage_taken":0,"relics_obtained":["Letter Opener"],"max_hp_gain":0,"max_hp_loss":0,"event_name":"Addict","floor":27,"gold_loss":85},{"damage_healed":0,"gold_gain":0,"player_choice":"Obtain J.A.X.","damage_taken":0,"max_hp_gain":0,"max_hp_loss":0,"event_name":"Drug Dealer","floor":28,"gold_loss":0,"cards_obtained":["J.A.X."]}],"is_beta":false,"boss_relics":[{"not_picked":["Fusion Hammer","Philosopher\u0027s Stone"],"picked":"Lizard Tail"}],"items_purged_floors":[30],"is_endless":false,"potions_floor_spawned":[1,12,13,16,22,24,31],"killed_by":"Collector","ascension_level":0}