{"gold_per_floor":[20,35,35,35,48,79,79,104,184,184,219,238,238,253,253,356,356,376,396,7,7,19,54,54,84,109,121,121,146,159,159,159,257,257,275,330,345,362,378,378,398,398,423,443,472,472,53,70,70,70],"floor_reached":51,"playtime":6078,"items_purged":["Strike_R","Strike_R"],"score":1187,"play_id":"d09f130b-6849-46e4-954f-487d094faea0","local_time":"20190520222742","is_ascension_mode":true,"campfire_choices":[{"data":"Armaments","floor":7.0,"key":"SMITH"},{"data":"True Grit","floor":10.0,"key":"SMITH"},{"floor":13.0,"key":"REST"},{"data":"Whirlwind","floor":15.0,"key":"SMITH"},{"data":"Barricade","floor":24.0,"key":"SMITH"},{"data":"Blind","floor":28.0,"key":"SMITH"},{"floor":32.0,"key":"REST"},{"data":"Shrug It Off","floor":40,"key":"SMITH"},{"data":"Flame Barrier","floor":42,"key":"SMITH"},{"data":"Enlightenment","floor":49,"key":"SMITH"}],"neow_cost":"NO_GOLD","seed_source_timestamp":23059327700268,"circlet_count":0,"master_deck":["Strike_R","Strike_R","Strike_R","Defend_R","Defend_R","Defend_R","Defend_R","Bash","True Grit+1","Armaments+1","Battle Trance","Offering","Sentinel","Body Slam","Whirlwind+1","Entrench","Barricade+1","Entrench+1","Metallicize","Blind+1","Shrug It Off+1","Shrug It Off+1","Disarm+1","Headbutt+1","Flame Barrier","Juggernaut","Armaments+1","Warcry+1","Flame Barrier+1","Flame Barrier","Enlightenment+1"],"special_seed":0,"relics":["Burning Blood","Thread and Needle","Oddly Smooth Stone","Blood Vial","Gremlin Horn","Ornamental Fan","Mark of Pain","Tiny Chest","Boot","Mercury Hourglass","Vajra","Matryoshka","Incense Burner","Pen Nib","Centennial Puzzle","Orichalcum","Potion Belt"],"potions_floor_usage":[36],"damage_taken":[{"damage":5.0,"enemies":"Cultist","floor":1.0,"turns":5.0},{"damage":9.0,"enemies":"Jaw Worm","floor":2.0,"turns":4.0},{"damage":0.0,"enemies":"2 Louse","floor":5.0,"turns":4.0},{"damage":40.0,"enemies":"Lagavulin","floor":6.0,"turns":10.0},{"damage":17.0,"enemies":"3 Sentries","floor":8.0,"turns":10.0},{"damage":30.0,"enemies":"Lagavulin","floor":11.0,"turns":7.0},{"damage":9.0,"enemies":"Large Slime","floor":12.0,"turns":7.0},{"damage":0.0,"enemies":"3 Louse","floor":14.0,"turns":4.0},{"damage":31.0,"enemies":"Hexaghost","floor":16.0,"turns":14.0},{"damage":15.0,"enemies":"2 Thieves","floor":18.0,"turns":3.0},{"damage":0.0,"enemies":"Chosen","floor":19.0,"turns":6.0},{"damage":4.0,"enemies":"Sentry and Sphere","floor":22.0,"turns":11.0},{"damage":32.0,"enemies":"Gremlin Leader","floor":23.0,"turns":6.0},{"damage":33.0,"enemies":"Slavers","floor":25.0,"turns":11.0},{"damage":0.0,"enemies":"Centurion and Healer","floor":27.0,"turns":10.0},{"damage":38.0,"enemies":"Gremlin Leader","floor":29.0,"turns":13.0},{"damage":0.0,"enemies":"Chosen and Byrds","floor":30.0,"turns":9.0},{"damage":0.0,"enemies":"Automaton","floor":33.0,"turns":21.0},{"damage":0.0,"enemies":"3 Shapes","floor":35.0,"turns":7.0},{"damage":31,"enemies":"2 Orb Walkers","floor":36,"turns":6},{"damage":0,"enemies":"Orb Walker","floor":37,"turns":9},{"damage":4,"enemies":"Jaw Worm Horde","floor":38,"turns":6},{"damage":9,"enemies":"Spire Growth","floor":39,"turns":7},{"damage":14,"enemies":"Sphere and 2 Shapes","floor":41,"turns":5},{"damage":11,"enemies":"3 Darklings","floor":44,"turns":8},{"damage":2,"enemies":"Nemesis","floor":45,"turns":23},{"damage":0,"enemies":"Jaw Worm Horde","floor":48,"turns":3},{"damage":31,"enemies":"Awakened One","floor":50,"turns":15}],"seed_played":"-5594189282132543902","potions_obtained":[{"floor":2.0,"key":"Block Potion"},{"floor":5.0,"key":"SteroidPotion"},{"floor":8.0,"key":"Energy Potion"},{"floor":11.0,"key":"BloodPotion"},{"floor":16.0,"key":"AttackPotion"},{"floor":18.0,"key":"Block Potion"},{"floor":29.0,"key":"BloodPotion"},{"floor":33.0,"key":"SkillPotion"},{"floor":36,"key":"Swift Potion"},{"floor":37,"key":"AttackPotion"},{"floor":39,"key":"LiquidBronze"},{"floor":45,"key":"Fire Potion"}],"is_trial":false,"path_per_floor":["M","M","$","?","M","E","R","E","T","R","E","M","R","M","R","B",null,"M","M","$","?","M","E","R","E","T","M","R","E","M","?","R","B",null,"M","?","M","M","M","R","M","R","T","M","E","?","$","M","R","B",null],"character_chosen":"IRONCLAD","items_purchased":["Metallicize","Blind","Shrug It Off","Tiny Chest","Enlightenment","Potion Belt","Regen Potion"],"campfire_rested":2,"item_purchase_floors":[20,20,20,20,47,47,47],"current_hp_per_floor":[89,86,86,79,85,51,51,40,40,40,18,26,54,62,62,39,82,75,83,83,83,87,63,63,38,38,49,49,23,44,44,75,87,104,113,91,102,109,108,108,105,105,105,102,112,139,139,139,139,114],"gold":70,"neow_bonus":"TWENTY_PERCENT_HP_BONUS","is_prod":false,"is_daily":false,"chose_seed":false,"campfire_upgraded":8,"win_rate":0,"timestamp":1558384062,"path_taken":["M","?","?","?","?","E","R","E","T","R","E","M","R","M","R","BOSS","M","M","$","?","M","E","R","E","T","M","R","E","M","?","R","BOSS","M","?","M","M","M","R","M","R","T","M","E","?","$","?","R","BOSS"],"build_version":"2019-01-23","purchased_purges":2,"victory":true,"max_hp_per_floor":[96,96,96,96,96,96,96,96,96,96,96,96,96,96,96,96,96,96,96,96,96,96,96,96,96,96,99,99,103,106,106,106,110,110,113,116,119,122,122,122,125,125,125,125,129,139,139,139,139,139],"card_choices":[{"not_picked":["Thunderclap","Anger"],"picked":"True Grit","floor":1.0},{"not_picked":["Twin Strike","Hemokinesis"],"picked":"Armaments","floor":2.0},{"not_picked":["Anger","Whirlwind"],"picked":"Battle Trance","floor":5.0},{"not_picked":["Iron Wave","Perfected Strike"],"picked":"Offering","floor":6.0},{"not_picked":["Ghostly Armor","Rupture"],"picked":"Sentinel","floor":8.0},{"not_picked":["True Grit","Havoc"],"picked":"Body Slam","floor":11.0},{"not_picked":["Burning Pact","Second Wind"],"picked":"Whirlwind","floor":12.0},{"not_picked":["Clothesline","Flex"],"picked":"Entrench","floor":14.0},{"not_picked":["Double Tap","Feed"],"picked":"Barricade","floor":16.0},{"not_picked":["Sever Soul+1","Clothesline","Twin Strike"],"picked":"SKIP","floor":18.0},{"not_picked":["Heavy Blade+1","Headbutt"],"picked":"Entrench+1","floor":19.0},{"not_picked":["Rupture","Sword Boomerang+1"],"picked":"Shrug It Off+1","floor":22.0},{"not_picked":["Anger","Reckless Charge"],"picked":"Disarm+1","floor":23.0},{"not_picked":["Clash+1","Body Slam"],"picked":"Feed","floor":25.0},{"not_picked":["Warcry","Clash+1","Thunderclap"],"picked":"SKIP","floor":27.0},{"not_picked":["Perfected Strike","Spot Weakness"],"picked":"Headbutt+1","floor":29.0},{"not_picked":["Sword Boomerang","Body Slam+1"],"picked":"Flame Barrier","floor":30.0},{"not_picked":["Feed","Barricade"],"picked":"Juggernaut","floor":33.0},{"not_picked":["Clothesline+1","Sword Boomerang+1","Fire Breathing+1"],"picked":"SKIP","floor":35.0},{"not_picked":["Combust","Pommel Strike+1"],"picked":"Armaments+1","floor":36},{"not_picked":["Blood for Blood","Havoc+1"],"picked":"Warcry+1","floor":37},{"not_picked":["Intimidate+1","Clothesline"],"picked":"Flame Barrier","floor":38},{"not_picked":["Whirlwind+1","Thunderclap","Cleave+1"],"picked":"SKIP","floor":39},{"not_picked":["Thunderclap","Iron Wave+1","Anger+1"],"picked":"SKIP","floor":41},{"not_picked":["Blood for Blood+1","Warcry"],"picked":"Flame Barrier","floor":44},{"not_picked":["Rampage+1","Sentinel","Whirlwind"],"picked":"SKIP","floor":45},{"not_picked":["Armaments","Whirlwind","Rage"],"picked":"SKIP","floor":48}],"player_experience":327925,"relics_obtained":[{"floor":6.0,"key":"Oddly Smooth Stone"},{"floor":8.0,"key":"Blood Vial"},{"floor":9.0,"key":"Gremlin Horn"},{"floor":11.0,"key":"Ornamental Fan"},{"floor":23.0,"key":"Boot"},{"floor":25.0,"key":"Mercury Hourglass"},{"floor":26.0,"key":"Vajra"},{"floor":29.0,"key":"Matryoshka"},{"floor":36,"key":"Incense Burner"},{"floor":43,"key":"Pen Nib"},{"floor":43,"key":"Centennial Puzzle"},{"floor":45,"key":"Orichalcum"}],"event_choices":[{"damage_healed":0.0,"max_hp_gain":0.0,"max_hp_loss":0.0,"gold_gain":0.0,"event_name":"Scrap Ooze","player_choice":"Success","floor":4.0,"gold_loss":0.0,"damage_taken":7.0,"relics_obtained":["Thread and Needle"]},{"damage_healed":0.0,"max_hp_gain":0.0,"max_hp_loss":0.0,"gold_gain":0.0,"event_name":"Ghosts","player_choice":"Ignored","floor":21.0,"gold_loss":0.0,"damage_taken":0.0},{"damage_healed":0.0,"max_hp_gain":0.0,"max_hp_loss":0.0,"gold_gain":0.0,"event_name":"Cursed Tome","player_choice":"Ignored","floor":31.0,"gold_loss":0.0,"damage_taken":0.0},{"damage_healed":0,"gold_gain":0,"player_choice":"Fight","damage_taken":0,"max_hp_gain":0,"max_hp_loss":0,"event_name":"Mysterious Sphere","floor":36,"gold_loss":0},{"cards_removed":["Feed"],"damage_healed":17,"gold_gain":0,"player_choice":"Offered Rare","damage_taken":0,"max_hp_gain":10,"max_hp_loss":0,"event_name":"Bonfire Elementals","floor":46,"gold_loss":0}],"is_beta":false,"boss_relics":[{"not_picked":["Pandora\u0027s Box","White Beast Statue"],"picked":"Mark of Pain"},{"not_picked":["Cursed Key","Fusion Hammer","Coffee Dripper"]}],"items_purged_floors":[20,47],"is_endless":false,"potions_floor_spawned":[2,5,8,11,16,18,29,33,36,37,39,45],"ascension_level":9}