{"gold_per_floor":[116,136,101,118,128,161,161,186,186,186],"floor_reached":10,"playtime":531,"items_purged":[],"score":82,"play_id":"999b54be-145c-46cc-a001-456bd640c43a","local_time":"20180729185333","is_ascension_mode":true,"campfire_choices":[{"floor":7,"key":"REST"}],"neow_cost":"FIFTY_PERCENT_DAMAGE","seed_source_timestamp":115195604170932,"circlet_count":0,"master_deck":["Strike_B","Strike_B","Strike_B","Strike_B","Defend_B","Defend_B","Defend_B","Defend_B","Zap","Dualcast","Scrape","Storm","Skim","Coolheaded","Genetic Algorithm","Gash"],"relics":["Cracked Core","Centennial Puzzle","Bottled Lightning","Matryoshka"],"potions_floor_usage":[6,6,8],"damage_taken":[{"damage":0,"enemies":"Small Slimes","floor":1,"turns":3},{"damage":6,"enemies":"Cultist","floor":2,"turns":3},{"damage":20,"enemies":"Jaw Worm","floor":4,"turns":4},{"damage":16,"enemies":"Large Slime","floor":5,"turns":5},{"damage":22,"enemies":"Gremlin Nob","floor":6,"turns":4},{"damage":18,"enemies":"3 Sentries","floor":8,"turns":8},{"damage":13,"enemies":"Lots of Slimes","floor":10,"turns":2}],"seed_played":"-65884038524783952","potions_obtained":[{"floor":2,"key":"Poison Potion"},{"floor":4,"key":"EssenceOfSteel"},{"floor":6,"key":"AttackPotion"}],"is_trial":false,"path_per_floor":["M","M","?","M","M","E","R","E","T"],"character_chosen":"DEFECT","items_purchased":[],"campfire_rested":1,"item_purchase_floors":[],"current_hp_per_floor":[45,39,61,41,25,3,29,11,11,0],"gold":186,"neow_bonus":"TWENTY_PERCENT_HP_BONUS","is_prod":false,"is_daily":false,"chose_seed":false,"campfire_upgraded":0,"win_rate":0,"timestamp":1532883213,"path_taken":["M","M","?","M","?","E","R","E","T","M"],"build_version":"2018-07-26","purchased_purges":0,"victory":false,"max_hp_per_floor":[89,89,89,89,89,89,89,89,89,89],"card_choices":[{"not_picked":["Cold Snap","Conserve Battery"],"picked":"Scrape","floor":1},{"not_picked":["Hello World","Coolheaded"],"picked":"Storm","floor":2},{"not_picked":["Turbo","Rip and Tear"],"picked":"Skim","floor":4},{"not_picked":["Storm","Beam Cell"],"picked":"Coolheaded","floor":5},{"not_picked":["Aggregate","Leap"],"picked":"Genetic Algorithm","floor":6},{"not_picked":["BootSequence","Sweeping Beam"],"picked":"Gash","floor":8}],"player_experience":92467,"relics_obtained":[{"floor":6,"key":"Centennial Puzzle"},{"floor":8,"key":"Bottled Lightning"},{"floor":9,"key":"Matryoshka"}],"event_choices":[{"event_name":"The Cleric","player_choice":"Healed","floor":3,"damage_taken":0}],"is_beta":false,"boss_relics":[],"items_purged_floors":[],"is_endless":false,"potions_floor_spawned":[2,4,6],"killed_by":"Lots of Slimes","ascension_level":1}