{"gold_per_floor":[110,110,121,134,150,150,175,175,175,175,210,190,32,52,52,124,124,136,0,10,10,10,10,35,35,35,35,35],"floor_reached":28,"playtime":597,"items_purged":[],"score":464,"play_id":"d6fca979-6866-4d88-a215-b69de46c6471","local_time":"20181130160533","is_ascension_mode":true,"campfire_choices":[{"data":"Consume","floor":6.0,"key":"SMITH"},{"floor":8,"key":"REST"},{"floor":10,"key":"REST"},{"floor":15,"key":"REST"},{"floor":23,"key":"REST"},{"floor":25,"key":"REST"}],"neow_cost":"NONE","seed_source_timestamp":101906518314566,"circlet_count":0,"master_deck":["AscendersBane","Strike_B","Strike_B","Strike_B","Strike_B","Defend_B","Defend_B","Defend_B","Defend_B","Zap+1","Dualcast","Melter","Sweeping Beam","Hologram","Sunder","Consume+1","Loop","Go for the Eyes","Electrodynamics","Ball Lightning+1"],"special_seed":0,"relics":["Cracked Core","Shuriken","Bottled Tornado","Blue Candle","Bronze Scales","Fusion Hammer","Thread and Needle","Emotion Chip"],"potions_floor_usage":[7,16,24],"damage_taken":[{"damage":9.0,"enemies":"Jaw Worm","floor":1.0,"turns":3.0},{"damage":0.0,"enemies":"Cultist","floor":3.0,"turns":3.0},{"damage":5.0,"enemies":"2 Louse","floor":4.0,"turns":2.0},{"damage":0.0,"enemies":"2 Fungi Beasts","floor":5.0,"turns":2.0},{"damage":41,"enemies":"Gremlin Nob","floor":7,"turns":4},{"damage":35,"enemies":"Lagavulin","floor":11,"turns":5},{"damage":10,"enemies":"Red Slaver","floor":14,"turns":3},{"damage":24,"enemies":"Hexaghost","floor":16,"turns":7},{"damage":13,"enemies":"Chosen","floor":18,"turns":4},{"damage":26,"enemies":"3 Byrds","floor":20,"turns":3},{"damage":53,"enemies":"Slavers","floor":24,"turns":4},{"damage":31,"enemies":"Book of Stabbing","floor":28,"turns":2}],"seed_played":"-7838660169854137176","potions_obtained":[{"floor":5.0,"key":"Fruit Juice"},{"floor":7,"key":"Ancient Potion"},{"floor":11,"key":"LiquidBronze"},{"floor":16,"key":"Weak Potion"}],"is_trial":false,"path_per_floor":["M","?","M","M","M","R","E","R","T","R","E","?","$","M","R","B",null,"M","?","M","?","$","R","E","R","T","?","E"],"character_chosen":"DEFECT","items_purchased":["Bronze Scales"],"campfire_rested":5,"item_purchase_floors":[13],"current_hp_per_floor":[55,55,55,50,50,50,14,36,36,58,23,23,23,13,35,11,60,47,47,21,36,36,58,5,27,27,27,0],"gold":35,"neow_bonus":"THREE_CARDS","is_prod":false,"is_daily":false,"chose_seed":false,"campfire_upgraded":1,"win_rate":0,"timestamp":1543583133,"path_taken":["M","?","M","?","M","R","E","R","T","R","E","?","?","M","R","BOSS","M","?","M","?","$","R","E","R","T","?","E"],"build_version":"2018-11-15","purchased_purges":0,"victory":false,"max_hp_per_floor":[71,71,71,71,71,71,76,76,76,76,76,76,76,76,76,76,76,76,76,76,76,76,76,76,76,76,76,76],"card_choices":[{"not_picked":["Coolheaded","Hologram"],"picked":"Melter","floor":0.0},{"not_picked":["Redo","Gash"],"picked":"Sweeping Beam","floor":1.0},{"not_picked":["Sweeping Beam","Compile Driver"],"picked":"Hologram","floor":3.0},{"not_picked":["Leap","Aggregate"],"picked":"Sunder","floor":4.0},{"not_picked":["Coolheaded","Conserve Battery"],"picked":"Consume","floor":5.0},{"not_picked":["Tempest","Heatsinks"],"picked":"Loop","floor":7},{"not_picked":["Sunder","Aggregate","Steam Power"],"picked":"SKIP","floor":11},{"not_picked":["Compile Driver","Go for the Eyes","Force Field"],"picked":"SKIP","floor":14},{"not_picked":["Compile Driver","Force Field"],"picked":"Go for the Eyes","floor":14},{"not_picked":["Core Surge","Creative AI"],"picked":"Electrodynamics","floor":16},{"not_picked":["Barrage","Redo"],"picked":"Ball Lightning+1","floor":18},{"not_picked":["Go for the Eyes","Skim+1","Melter"],"picked":"SKIP","floor":20},{"not_picked":["Compile Driver","Multi-Cast","Lockon"],"picked":"SKIP","floor":24}],"player_experience":551760,"relics_obtained":[{"floor":7,"key":"Shuriken"},{"floor":9,"key":"Bottled Tornado"},{"floor":11,"key":"Blue Candle"},{"floor":24,"key":"Thread and Needle"},{"floor":26,"key":"Emotion Chip"}],"event_choices":[{"damage_healed":0.0,"max_hp_gain":0.0,"max_hp_loss":0.0,"gold_gain":0.0,"event_name":"Upgrade Shrine","player_choice":"Upgraded","floor":2.0,"gold_loss":0.0,"damage_taken":0.0,"cards_upgraded":["Zap"]},{"damage_healed":0,"gold_gain":0,"player_choice":"Bought 1 Potion","damage_taken":0,"max_hp_gain":0,"max_hp_loss":0,"event_name":"The Woman in Blue","floor":12,"gold_loss":0},{"damage_healed":0,"gold_gain":0,"player_choice":"Paid Fearfully","damage_taken":0,"max_hp_gain":0,"max_hp_loss":0,"event_name":"Masked Bandits","floor":19,"gold_loss":136},{"damage_healed":15,"gold_gain":0,"player_choice":"Heal","damage_taken":0,"max_hp_gain":0,"max_hp_loss":0,"event_name":"The Library","floor":21,"gold_loss":0},{"damage_healed":0,"gold_gain":0,"player_choice":"Ignored","damage_taken":0,"max_hp_gain":0,"max_hp_loss":0,"event_name":"Vampires","floor":27,"gold_loss":0}],"is_beta":false,"boss_relics":[{"not_picked":["Runic Dome","Empty Cage"],"picked":"Fusion Hammer"}],"items_purged_floors":[],"is_endless":false,"potions_floor_spawned":[5,7,11,16,20],"killed_by":"Book of Stabbing","ascension_level":18}