{"gold_per_floor":[113,130,130,150,75,102,102,130,182,182,209,209,209,220,220,324,324,341,341,357,272,289,317,317,328,328,328,361,381,397,219,219,316,316,333,76,94,94,94,94,126,145,145,145,162,191,208,233,233,233,233,233,30,60,60],"floor_reached":56,"playtime":2438,"items_purged":["Strike_R","Strike_R+1","Strike_R+1"],"score":1421,"play_id":"eb09f0b5-a1c1-46fe-acb2-66a0d64db09b","local_time":"20190612130717","is_ascension_mode":true,"campfire_choices":[{"data":"Feed","floor":7.0,"key":"SMITH"},{"data":"Bash","floor":10.0,"key":"SMITH"},{"floor":13.0,"key":"REST"},{"data":"Shrug It Off","floor":15.0,"key":"SMITH"},{"floor":27,"key":"RECALL"},{"data":"Metallicize","floor":32,"key":"SMITH"},{"data":"Immolate","floor":40,"key":"SMITH"},{"data":"Barricade","floor":44,"key":"SMITH"},{"floor":49,"key":"REST"},{"data":"Juggernaut","floor":52,"key":"SMITH"}],"neow_cost":"PERCENT_DAMAGE","seed_source_timestamp":97444628807203,"circlet_count":0,"master_deck":["Strike_R+1","Strike_R+1","Defend_R+1","Defend_R+1","Defend_R+1","Defend_R+1","Bash+1","Immolate+1","Thunderclap+1","Shrug It Off+1","Feed+1","Warcry+1","Battle Trance+1","Offering+1","True Grit+1","True Grit+1","Shrug It Off+1","Metallicize+1","Immolate+1","Combust+1","Metallicize+1","The Bomb+1","Barricade+1","Uppercut+1","Impervious+1","Juggernaut+1","Disarm+1"],"special_seed":0,"relics":["Burning Blood","Pantograph","Whetstone","Toxic Egg 2","Strawberry","Mercury Hourglass","Mark of Pain","Bag of Marbles","Nloth\u0027s Gift","Meat on the Bone","Snecko Eye","Self Forming Clay","Sundial","Paper Frog","Bottled Lightning","Torii","War Paint","Gremlin Horn"],"potions_floor_usage":[55,55,55],"damage_taken":[{"damage":0.0,"enemies":"Small Slimes","floor":1.0,"turns":2.0},{"damage":5.0,"enemies":"2 Louse","floor":2.0,"turns":2.0},{"damage":1.0,"enemies":"Cultist","floor":4.0,"turns":3.0},{"damage":24.0,"enemies":"Gremlin Nob","floor":6.0,"turns":4.0},{"damage":13.0,"enemies":"3 Sentries","floor":8.0,"turns":3.0},{"damage":28.0,"enemies":"Lagavulin","floor":11.0,"turns":5.0},{"damage":0.0,"enemies":"Lots of Slimes","floor":14.0,"turns":1.0},{"damage":53.0,"enemies":"Hexaghost","floor":16.0,"turns":10.0},{"damage":15,"enemies":"2 Thieves","floor":18,"turns":3},{"damage":6,"enemies":"3 Byrds","floor":20,"turns":2},{"damage":16,"enemies":"Snake Plant","floor":22,"turns":4},{"damage":19,"enemies":"Book of Stabbing","floor":23,"turns":5},{"damage":6,"enemies":"Shelled Parasite and Fungi","floor":25,"turns":2},{"damage":6,"enemies":"Gremlin Leader","floor":28,"turns":4},{"damage":6,"enemies":"Sentry and Sphere","floor":29,"turns":3},{"damage":6,"enemies":"Centurion and Healer","floor":30,"turns":2},{"damage":24,"enemies":"Collector","floor":33,"turns":11},{"damage":0,"enemies":"3 Darklings","floor":35,"turns":2},{"damage":2,"enemies":"Orb Walker","floor":37,"turns":3},{"damage":43,"enemies":"Nemesis","floor":41,"turns":5},{"damage":0,"enemies":"Sphere and 2 Shapes","floor":42,"turns":3},{"damage":24,"enemies":"Maw","floor":45,"turns":7},{"damage":13,"enemies":"Giant Head","floor":46,"turns":8},{"damage":0,"enemies":"4 Shapes","floor":47,"turns":6},{"damage":43,"enemies":"Nemesis","floor":48,"turns":7},{"damage":44,"enemies":"Awakened One","floor":50,"turns":12},{"damage":7,"enemies":"Shield and Spear","floor":54,"turns":5},{"damage":85,"enemies":"The Heart","floor":55,"turns":11}],"seed_played":"-2223613565140005261","potions_obtained":[{"floor":1.0,"key":"Ancient Potion"},{"floor":8.0,"key":"GamblersBrew"},{"floor":14.0,"key":"Explosive Potion"},{"floor":18,"key":"LiquidBronze"},{"floor":25,"key":"Block Potion"}],"is_trial":false,"path_per_floor":["M","M","?","M","$","E","R","E","T","R","E","?","R","M","R","B",null,"M","?","M","?","M","E","?","M","T","R","E","M","M","$","R","B",null,"M","$","M","?","T","R","E","M","T","R","M","E","M","E","R","B",null,"R","$","E","B",null],"character_chosen":"IRONCLAD","items_purchased":["Metallicize","Self Forming Clay","Disarm+1"],"campfire_rested":2,"item_purchase_floors":[31,36,53],"current_hp_per_floor":[62,63,56,61,61,43,43,40,47,47,29,10,38,44,44,26,99,94,94,98,98,92,83,83,87,87,87,91,95,99,99,99,110,135,139,139,143,133,133,133,100,110,110,110,96,93,103,82,132,123,171,171,171,170,92],"gold":60,"neow_bonus":"THREE_RARE_CARDS","is_prod":false,"is_daily":false,"chose_seed":false,"campfire_upgraded":7,"win_rate":0,"timestamp":1560334037,"path_taken":["M","M","?","M","$","E","R","E","T","R","E","?","R","M","R","BOSS","M","?","M","?","M","E","?","?","T","R","E","M","M","$","R","BOSS","M","?","M","?","?","R","E","?","T","R","M","E","M","E","R","BOSS","R","$","E","BOSS"],"build_version":"2019-01-23","purchased_purges":3,"victory":true,"max_hp_per_floor":[80,80,80,80,80,80,80,84,91,91,95,95,95,95,95,99,99,103,103,107,107,111,115,115,119,119,119,123,127,131,131,131,135,135,139,139,143,143,143,143,147,151,151,151,155,159,163,167,167,171,171,171,171,171,171],"card_choices":[{"not_picked":["Fiend Fire","Reaper"],"picked":"Immolate","floor":0.0},{"not_picked":["Whirlwind","Wild Strike"],"picked":"Thunderclap","floor":1.0},{"not_picked":["Flex","Body Slam","Wild Strike"],"picked":"SKIP","floor":2.0},{"not_picked":["Iron Wave","True Grit"],"picked":"Shrug It Off","floor":4.0},{"not_picked":["Cleave","Combust"],"picked":"Feed","floor":6.0},{"not_picked":["Clash","Warcry","Thunderclap"],"picked":"SKIP","floor":8.0},{"not_picked":["Clash","Thunderclap"],"picked":"Warcry","floor":8.0},{"not_picked":["Iron Wave","Power Through+1","Infernal Blade+1"],"picked":"SKIP","floor":11.0},{"not_picked":["Dual Wield+1","Metallicize"],"picked":"Battle Trance+1","floor":14.0},{"not_picked":["Fiend Fire","Juggernaut"],"picked":"Offering+1","floor":16.0},{"not_picked":["Clothesline","Clash"],"picked":"True Grit+1","floor":18},{"not_picked":["Body Slam+1","Sword Boomerang","Twin Strike"],"picked":"SKIP","floor":20},{"not_picked":["Wild Strike","Rupture","Warcry+1"],"picked":"SKIP","floor":22},{"not_picked":["Flex+1","Reaper","Thunderclap+1"],"picked":"SKIP","floor":23},{"not_picked":["Heavy Blade+1","Armaments+1","Power Through+1"],"picked":"SKIP","floor":25},{"not_picked":["Feel No Pain","Flex+1"],"picked":"True Grit+1","floor":28},{"not_picked":["Second Wind+1","Fiend Fire"],"picked":"Shrug It Off+1","floor":29},{"not_picked":["Warcry+1","Thunderclap","Rampage"],"picked":"SKIP","floor":30},{"not_picked":["Dark Embrace","Impervious+1"],"picked":"Immolate","floor":33},{"not_picked":["Body Slam","Shrug It Off+1"],"picked":"Combust+1","floor":35},{"not_picked":["Anger","Heavy Blade"],"picked":"Metallicize+1","floor":37},{"not_picked":["Violence+1","Impatience+1"],"picked":"The Bomb+1","floor":38},{"not_picked":["Shrug It Off+1","Heavy Blade"],"picked":"Barricade","floor":41},{"not_picked":["Heavy Blade+1","Anger"],"picked":"Uppercut+1","floor":42},{"not_picked":["Intimidate+1","True Grit+1","Clothesline+1"],"picked":"SKIP","floor":45},{"not_picked":["Iron Wave+1","Headbutt+1"],"picked":"Impervious+1","floor":46},{"not_picked":["Flex+1","Shrug It Off+1","Body Slam"],"picked":"SKIP","floor":47},{"not_picked":["Cleave","Bloodletting+1"],"picked":"Juggernaut","floor":48},{"not_picked":["Pommel Strike+1","Reckless Charge","Iron Wave"],"picked":"SKIP","floor":54}],"player_experience":963013,"relics_obtained":[{"floor":6.0,"key":"Whetstone"},{"floor":8.0,"key":"Toxic Egg 2"},{"floor":9.0,"key":"Strawberry"},{"floor":11.0,"key":"Mercury Hourglass"},{"floor":23,"key":"Bag of Marbles"},{"floor":28,"key":"Meat on the Bone"},{"floor":39,"key":"Sundial"},{"floor":41,"key":"Paper Frog"},{"floor":43,"key":"Bottled Lightning"},{"floor":46,"key":"Torii"},{"floor":48,"key":"War Paint"},{"floor":54,"key":"Gremlin Horn"}],"event_choices":[{"damage_healed":0.0,"max_hp_gain":0.0,"max_hp_loss":0.0,"gold_gain":0.0,"event_name":"Scrap Ooze","player_choice":"Success","floor":3.0,"gold_loss":0.0,"damage_taken":7.0,"relics_obtained":["Pantograph"]},{"damage_healed":0.0,"max_hp_gain":0.0,"max_hp_loss":0.0,"gold_gain":0.0,"event_name":"Shining Light","player_choice":"Entered Light","floor":12.0,"gold_loss":0.0,"damage_taken":19.0,"cards_upgraded":["Defend_R","Strike_R"]},{"damage_healed":0,"gold_gain":0,"player_choice":"Simplicity","damage_taken":0,"max_hp_gain":0,"max_hp_loss":0,"event_name":"Back to Basics","floor":19,"gold_loss":0,"cards_upgraded":["Strike_R","Strike_R","Strike_R","Defend_R","Defend_R","Defend_R"]},{"damage_healed":0,"gold_gain":0,"player_choice":"Obtained Relic","damage_taken":0,"relics_obtained":["Ornamental Fan"],"max_hp_gain":0,"max_hp_loss":0,"event_name":"Addict","floor":21,"gold_loss":85},{"damage_healed":0,"gold_gain":0,"player_choice":"Traded Relic","damage_taken":0,"relics_obtained":["Nloth\u0027s Gift"],"max_hp_gain":0,"max_hp_loss":0,"event_name":"N\u0027loth","floor":24,"relics_lost":["Ornamental Fan"],"gold_loss":0},{"damage_healed":0,"gold_gain":0,"player_choice":"Memory 3","damage_taken":10,"max_hp_gain":0,"max_hp_loss":0,"event_name":"SensoryStone","floor":38,"gold_loss":0}],"is_beta":false,"boss_relics":[{"not_picked":["Pandora\u0027s Box","Lizard Tail"],"picked":"Mark of Pain"},{"not_picked":["Philosopher\u0027s Stone","Runic Dome"],"picked":"Snecko Eye"}],"items_purged_floors":[5,31,53],"is_endless":false,"potions_floor_spawned":[1,8,14,16,18,20,23,25,30,35,37,46,47],"ascension_level":1}