{"gold_per_floor":[118,44,44,64,64,64,89,164,164,180,205,221,238,188,188,293,293,304,322,322,322,322,347,366,398,398,430,430,442,712,729,729,826,826,840,284,299,319,319,351,367,399,424,440,440,452,452,452,452,452,452,452,34,59,59],"floor_reached":56,"playtime":2200,"items_purged":["Strike_R+1","Defend_R+1"],"score":1353,"play_id":"183cb633-282f-400d-9d82-6d0c2db962d1","local_time":"20190530040032","is_ascension_mode":true,"campfire_choices":[{"data":"Combust","floor":6.0,"key":"SMITH"},{"data":"Inflame","floor":15.0,"key":"SMITH"},{"floor":28.0,"key":"REST"},{"floor":32.0,"key":"REST"},{"floor":45.0,"key":"RECALL"},{"floor":49.0,"key":"REST"},{"floor":52,"key":"REST"}],"neow_cost":"NONE","seed_source_timestamp":39688495877106,"circlet_count":0,"master_deck":["Defend_R+1","Defend_R+1","Defend_R+1","Bash+1","Battle Trance","Combust+1","Clothesline","Inflame+1","Juggernaut","Wild Strike+1","Spot Weakness","Heavy Blade+1","Limit Break+1","Flame Barrier+1","Master of Strategy+1","Offering+1","Shrug It Off+1","Burning Pact+1","Secret Technique+1","Madness+1","Finesse+1","Dark Shackles+1","Master of Strategy+1"],"special_seed":0,"relics":["Burning Blood","PreservedInsect","Blue Candle","Gambling Chip","Anchor","Fusion Hammer","Strawberry","Boot","Self Forming Clay","Toxic Egg 2","Empty Cage","Paper Frog","Matryoshka","Incense Burner","Pantograph","Pen Nib"],"potions_floor_usage":[54,55,55],"damage_taken":[{"damage":8.0,"enemies":"Jaw Worm","floor":1.0,"turns":4.0},{"damage":2.0,"enemies":"Small Slimes","floor":4.0,"turns":4.0},{"damage":25.0,"enemies":"Lagavulin","floor":7.0,"turns":5.0},{"damage":0.0,"enemies":"2 Louse","floor":10.0,"turns":2.0},{"damage":8.0,"enemies":"Gremlin Nob","floor":11.0,"turns":3.0},{"damage":2.0,"enemies":"Blue Slaver","floor":12.0,"turns":4.0},{"damage":2.0,"enemies":"Looter","floor":13.0,"turns":2.0},{"damage":44.0,"enemies":"The Guardian","floor":16.0,"turns":13.0},{"damage":16.0,"enemies":"Spheric Guardian","floor":18.0,"turns":4.0},{"damage":8.0,"enemies":"3 Byrds","floor":19.0,"turns":3.0},{"damage":16.0,"enemies":"Slavers","floor":23.0,"turns":4.0},{"damage":20.0,"enemies":"Centurion and Healer","floor":24.0,"turns":5.0},{"damage":18.0,"enemies":"Gremlin Leader","floor":25.0,"turns":5.0},{"damage":5.0,"enemies":"Book of Stabbing","floor":27.0,"turns":4.0},{"damage":2.0,"enemies":"Snecko","floor":29.0,"turns":3.0},{"damage":13.0,"enemies":"Shelled Parasite and Fungi","floor":31.0,"turns":4.0},{"damage":43.0,"enemies":"Automaton","floor":33.0,"turns":9.0},{"damage":3.0,"enemies":"Orb Walker","floor":35.0,"turns":3.0},{"damage":15.0,"enemies":"3 Darklings","floor":37.0,"turns":5.0},{"damage":6.0,"enemies":"Spire Growth","floor":38.0,"turns":4.0},{"damage":7.0,"enemies":"Giant Head","floor":40.0,"turns":5.0},{"damage":6.0,"enemies":"Transient","floor":41.0,"turns":5.0},{"damage":15.0,"enemies":"Reptomancer","floor":42.0,"turns":2.0},{"damage":7.0,"enemies":"4 Shapes","floor":44.0,"turns":4.0},{"damage":4.0,"enemies":"Sphere and 2 Shapes","floor":46.0,"turns":5.0},{"damage":6.0,"enemies":"Transient","floor":47.0,"turns":5.0},{"damage":59,"enemies":"Awakened One","floor":50,"turns":10},{"damage":20,"enemies":"Shield and Spear","floor":54,"turns":4},{"damage":67,"enemies":"The Heart","floor":55,"turns":7}],"seed_played":"6647139206401232517","potions_obtained":[{"floor":11.0,"key":"Strength Potion"},{"floor":13.0,"key":"EssenceOfSteel"},{"floor":16.0,"key":"Poison Potion"},{"floor":27.0,"key":"Swift Potion"},{"floor":41.0,"key":"SmokeBomb"},{"floor":46.0,"key":"Block Potion"},{"floor":54,"key":"Fruit Juice"}],"is_trial":false,"path_per_floor":["M","$","?","M","?","R","E","?","T","M","E","M","M","?","R","B",null,"M","M","?","?","?","E","M","E","T","E","R","M","?","M","R","B",null,"M","$","M","M","?","E","M","E","T","M","R","M","M","?","R","B",null,"R","$","E","B",null],"character_chosen":"IRONCLAD","items_purchased":["Combust","Flame Barrier+1","Paper Frog","Master of Strategy+1","Dark Shackles+1","Master of Strategy+1","Weak Potion"],"campfire_rested":4,"item_purchase_floors":[2,36,36,36,53,53,53],"current_hp_per_floor":[78,78,71,75,75,75,56,45,45,51,49,53,57,57,57,19,80,70,68,68,68,68,65,51,39,39,40,66,70,38,31,57,20,87,87,87,78,78,78,77,77,68,68,67,67,69,69,59,85,34,87,87,87,78,31],"gold":59,"neow_bonus":"RANDOM_COMMON_RELIC","is_prod":false,"is_daily":false,"chose_seed":false,"campfire_upgraded":2,"win_rate":0,"timestamp":1559178032,"path_taken":["M","$","?","M","?","R","E","?","T","M","E","M","?","?","R","BOSS","M","M","?","?","?","E","M","E","T","E","R","M","?","M","R","BOSS","M","$","?","M","?","E","M","E","T","M","R","M","M","?","R","BOSS","R","$","E","BOSS"],"build_version":"2019-01-23","purchased_purges":2,"victory":true,"max_hp_per_floor":[80,80,80,80,80,80,80,80,80,80,80,80,80,80,80,80,80,80,80,80,80,80,87,87,87,87,87,87,87,87,87,87,87,87,87,87,87,87,87,87,87,87,87,87,87,87,87,87,87,87,87,87,87,92,92],"card_choices":[{"not_picked":["True Grit","Warcry"],"picked":"Battle Trance","floor":1.0},{"not_picked":["Ghostly Armor","Pummel"],"picked":"Clothesline","floor":4.0},{"not_picked":["Havoc","Hemokinesis","Iron Wave"],"picked":"SKIP","floor":7.0},{"not_picked":["Thunderclap","Headbutt","Battle Trance"],"picked":"SKIP","floor":10.0},{"not_picked":["True Grit","Armaments"],"picked":"Inflame","floor":11.0},{"not_picked":["Cleave","Perfected Strike","Clash"],"picked":"SKIP","floor":12.0},{"not_picked":["Cleave","Headbutt","Flex"],"picked":"SKIP","floor":13.0},{"not_picked":["Bludgeon","Fiend Fire"],"picked":"Juggernaut","floor":16.0},{"not_picked":["Perfected Strike+1","Twin Strike"],"picked":"Wild Strike+1","floor":18.0},{"not_picked":["Headbutt","Iron Wave","Combust"],"picked":"SKIP","floor":19.0},{"not_picked":["Spot Weakness","Pummel","Headbutt"],"picked":"SKIP","floor":23.0},{"not_picked":["Headbutt","Brutality","True Grit"],"picked":"SKIP","floor":24.0},{"not_picked":["Rampage","True Grit+1","Sever Soul+1"],"picked":"SKIP","floor":25.0},{"not_picked":["Clash","True Grit","Anger"],"picked":"SKIP","floor":27.0},{"not_picked":["Twin Strike+1","Clothesline+1"],"picked":"Heavy Blade+1","floor":29.0},{"not_picked":["Bludgeon","Headbutt+1","Thunderclap+1"],"picked":"SKIP","floor":31.0},{"not_picked":["Reaper","Fiend Fire"],"picked":"Limit Break+1","floor":33.0},{"not_picked":["Body Slam","Pommel Strike","Combust+1"],"picked":"SKIP","floor":35.0},{"not_picked":["Clash","Carnage","Thunderclap+1"],"picked":"SKIP","floor":37.0},{"not_picked":["Warcry+1","Wild Strike"],"picked":"Offering+1","floor":38.0},{"not_picked":["Dark Embrace","Entrench+1","Twin Strike"],"picked":"SKIP","floor":40.0},{"not_picked":["Feel No Pain+1","Cleave+1","Sword Boomerang"],"picked":"SKIP","floor":41.0},{"not_picked":["Headbutt+1","Dropkick+1"],"picked":"Shrug It Off+1","floor":42.0},{"not_picked":["Wild Strike","Cleave+1"],"picked":"Burning Pact+1","floor":44.0},{"not_picked":["Perfected Strike","Feel No Pain","Armaments+1"],"picked":"SKIP","floor":46.0},{"not_picked":["PanicButton+1","Enlightenment+1"],"picked":"Secret Technique+1","floor":48.0},{"not_picked":["Blind+1","Jack Of All Trades+1"],"picked":"Madness+1","floor":48.0},{"not_picked":["Dark Shackles+1","The Bomb+1"],"picked":"Finesse+1","floor":48.0},{"not_picked":["Anger","Flex+1","Feel No Pain"],"picked":"SKIP","floor":54}],"player_experience":932711,"relics_obtained":[{"floor":7.0,"key":"Blue Candle"},{"floor":9.0,"key":"Gambling Chip"},{"floor":11.0,"key":"Anchor"},{"floor":23.0,"key":"Strawberry"},{"floor":25.0,"key":"Boot"},{"floor":26.0,"key":"Self Forming Clay"},{"floor":27.0,"key":"Toxic Egg 2"},{"floor":40.0,"key":"Matryoshka"},{"floor":42.0,"key":"Incense Burner"},{"floor":43.0,"key":"Pantograph"},{"floor":54,"key":"Pen Nib"}],"event_choices":[{"cards_removed":["Strike_R"],"damage_healed":0.0,"max_hp_gain":0.0,"max_hp_loss":0.0,"gold_gain":0.0,"event_name":"Golden Wing","player_choice":"Card Removal","floor":3.0,"gold_loss":0.0,"damage_taken":7.0},{"damage_healed":0.0,"max_hp_gain":0.0,"max_hp_loss":0.0,"gold_gain":0.0,"event_name":"Living Wall","player_choice":"Grow","floor":5.0,"gold_loss":0.0,"damage_taken":0.0,"cards_upgraded":["Bash"]},{"damage_healed":0.0,"max_hp_gain":0.0,"max_hp_loss":0.0,"gold_gain":75.0,"event_name":"World of Goop","player_choice":"Gather Gold","floor":8.0,"gold_loss":0.0,"damage_taken":11.0},{"cards_removed":["Strike_R"],"damage_healed":0.0,"max_hp_gain":0.0,"max_hp_loss":0.0,"gold_gain":0.0,"event_name":"The Cleric","player_choice":"Card Removal","floor":14.0,"gold_loss":50.0,"damage_taken":0.0},{"damage_healed":0.0,"max_hp_gain":0.0,"max_hp_loss":0.0,"gold_gain":0.0,"event_name":"The Library","player_choice":"Read","floor":20.0,"gold_loss":0.0,"damage_taken":0.0,"cards_obtained":["Spot Weakness"]},{"damage_healed":0.0,"max_hp_gain":0.0,"max_hp_loss":0.0,"gold_gain":0.0,"event_name":"Ghosts","player_choice":"Ignored","floor":21.0,"gold_loss":0.0,"damage_taken":0.0},{"damage_healed":0.0,"max_hp_gain":0.0,"max_hp_loss":0.0,"gold_gain":0.0,"event_name":"Back to Basics","player_choice":"Simplicity","floor":22.0,"gold_loss":0.0,"damage_taken":0.0,"cards_upgraded":["Strike_R","Strike_R","Strike_R","Defend_R","Defend_R","Defend_R","Defend_R"]},{"damage_healed":0.0,"max_hp_gain":0.0,"max_hp_loss":0.0,"gold_gain":270.0,"event_name":"Knowing Skull","player_choice":"GOLD GOLD GOLD ","floor":30.0,"potions_obtained":[],"gold_loss":0.0,"damage_taken":32.0,"cards_obtained":[]},{"damage_healed":0.0,"max_hp_gain":0.0,"max_hp_loss":0.0,"gold_gain":0.0,"event_name":"Tomb of Lord Red Mask","player_choice":"Ignored","floor":39.0,"gold_loss":0.0,"damage_taken":0.0},{"damage_healed":0.0,"max_hp_gain":0.0,"max_hp_loss":0.0,"gold_gain":0.0,"event_name":"SensoryStone","player_choice":"Memory 3","floor":48.0,"gold_loss":0.0,"damage_taken":10.0}],"is_beta":false,"boss_relics":[{"not_picked":["Pandora\u0027s Box","Lizard Tail"],"picked":"Fusion Hammer"},{"not_picked":["Black Blood","Snecko Eye"],"picked":"Empty Cage"}],"items_purged_floors":[36,53],"is_endless":false,"potions_floor_spawned":[11,13,16,18,24,25,27,41,46,47,54],"ascension_level":1}