{"gold_per_floor":[116,136,136,61,26,26,53,73,73,73,105,105,117,137,137,214,214,226,241,260,15,15,50,50,84,111,111,111,127,152,170,170,170],"floor_reached":33,"playtime":1452,"items_purged":["Pain","Strike_R"],"score":551,"play_id":"d6110453-7b7d-402f-ac26-b8cc9f417639","local_time":"20190509203632","is_ascension_mode":true,"campfire_choices":[{"data":"True Grit","floor":6,"key":"SMITH"},{"data":"Juggernaut","floor":10,"key":"SMITH"},{"data":"Shrug It Off","floor":15,"key":"SMITH"},{"floor":27,"key":"REST"},{"data":"Flame Barrier","floor":32,"key":"SMITH"}],"neow_cost":"NONE","seed_source_timestamp":111697129196474,"circlet_count":0,"master_deck":["AscendersBane","Strike_R","Strike_R","Strike_R","Defend_R","Defend_R","Defend_R","Defend_R","Bash","Iron Wave","Shrug It Off+1","True Grit+1","Power Through","Juggernaut+1","Headbutt","Clothesline","Feel No Pain","Immolate","Flame Barrier+1","Shrug It Off","Flame Barrier","Writhe","Second Wind","Power Through+1"],"relics":["Burning Blood","WarpedTongs","Du-Vu Doll","Self Forming Clay","Blood Vial","FaceOfCleric","Philosopher\u0027s Stone","Strawberry","FossilizedHelix","Matryoshka","Oddly Smooth Stone","Smiling Mask","Juzu Bracelet","Letter Opener"],"potions_floor_usage":[11,16,19,25,30,33],"damage_taken":[{"damage":4,"enemies":"2 Louse","floor":1,"turns":4},{"damage":15,"enemies":"Cultist","floor":2,"turns":5},{"damage":18,"enemies":"3 Sentries","floor":7,"turns":14},{"damage":0,"enemies":"Small Slimes","floor":8,"turns":3},{"damage":22,"enemies":"Gremlin Nob","floor":11,"turns":4},{"damage":10,"enemies":"Gremlin Gang","floor":13,"turns":7},{"damage":0,"enemies":"Large Slime","floor":14,"turns":5},{"damage":33,"enemies":"Hexaghost","floor":16,"turns":11},{"damage":13,"enemies":"Spheric Guardian","floor":18,"turns":4},{"damage":33,"enemies":"3 Byrds","floor":19,"turns":6},{"damage":0,"enemies":"Snecko","floor":20,"turns":4},{"damage":29,"enemies":"Gremlin Leader","floor":23,"turns":7},{"damage":11,"enemies":"Book of Stabbing","floor":25,"turns":5},{"damage":7,"enemies":"3 Cultists","floor":29,"turns":4},{"damage":22,"enemies":"Slavers","floor":30,"turns":6},{"damage":5,"enemies":"Shelled Parasite and Fungi","floor":31,"turns":5},{"damage":66,"enemies":"Champ","floor":33,"turns":20}],"seed_played":"2655456925190963986","potions_obtained":[{"floor":2,"key":"Weak Potion"},{"floor":8,"key":"FearPotion"},{"floor":13,"key":"Weak Potion"},{"floor":19,"key":"Swift Potion"},{"floor":25,"key":"Strength Potion"},{"floor":29,"key":"SkillPotion"},{"floor":31,"key":"SkillPotion"}],"is_trial":false,"path_per_floor":["M","M","?","$","$","R","E","M","T","R","E","?","M","M","R","B",null,"M","M","M","$","?","E","?","E","T","R","?","M","E","M","R","B"],"character_chosen":"IRONCLAD","items_purchased":["Power Through","Strawberry"],"campfire_rested":1,"item_purchase_floors":[5,21],"current_hp_per_floor":[70,61,61,61,61,61,49,55,55,55,39,39,38,47,47,23,64,60,36,45,52,52,32,32,30,30,57,57,59,46,50,50,0],"gold":170,"neow_bonus":"TRANSFORM_CARD","is_prod":false,"is_daily":false,"chose_seed":false,"campfire_upgraded":4,"win_rate":0,"timestamp":1557423392,"path_taken":["M","M","?","?","$","R","E","M","T","R","E","?","?","M","R","BOSS","M","M","M","$","?","E","?","E","T","R","?","M","E","M","R","BOSS"],"build_version":"2019-01-23","purchased_purges":2,"victory":false,"max_hp_per_floor":[75,75,75,75,75,75,75,75,75,75,75,75,76,77,77,78,78,79,80,81,88,88,89,89,90,90,90,90,91,92,93,93,93],"card_choices":[{"not_picked":["Pommel Strike","Iron Wave"],"picked":"Shrug It Off","floor":1},{"not_picked":["Heavy Blade","Clash"],"picked":"True Grit","floor":2},{"not_picked":["Clash","Rage"],"picked":"Juggernaut","floor":7},{"not_picked":["Warcry","Fire Breathing","Thunderclap"],"picked":"SKIP","floor":8},{"not_picked":["Intimidate","Clash"],"picked":"Headbutt","floor":11},{"not_picked":["Combust","Armaments"],"picked":"Clothesline","floor":13},{"not_picked":["Armaments","Perfected Strike"],"picked":"Feel No Pain","floor":14},{"not_picked":["Limit Break","Impervious"],"picked":"Immolate","floor":16},{"not_picked":["Dual Wield","Rupture","Perfected Strike"],"picked":"SKIP","floor":18},{"not_picked":["Body Slam","Sever Soul+1"],"picked":"Flame Barrier","floor":19},{"not_picked":["Evolve","Headbutt"],"picked":"Shrug It Off","floor":20},{"not_picked":["Reckless Charge","Intimidate","Havoc"],"picked":"SKIP","floor":23},{"not_picked":["Body Slam","Thunderclap"],"picked":"Second Wind","floor":25},{"not_picked":["Second Wind","Twin Strike+1"],"picked":"Power Through+1","floor":29},{"not_picked":["Dropkick","Clothesline","Reaper"],"picked":"SKIP","floor":30},{"not_picked":["Wild Strike","Sword Boomerang","Havoc"],"picked":"SKIP","floor":31}],"player_experience":883199,"relics_obtained":[{"floor":7,"key":"Du-Vu Doll"},{"floor":9,"key":"Self Forming Clay"},{"floor":11,"key":"Blood Vial"},{"floor":23,"key":"FossilizedHelix"},{"floor":25,"key":"Oddly Smooth Stone"},{"floor":26,"key":"Smiling Mask"},{"floor":26,"key":"Juzu Bracelet"},{"floor":30,"key":"Letter Opener"}],"event_choices":[{"damage_healed":0,"gold_gain":0,"player_choice":"Rummage","damage_taken":0,"relics_obtained":["WarpedTongs"],"max_hp_gain":0,"max_hp_loss":0,"event_name":"Accursed Blacksmith","floor":3,"gold_loss":0,"cards_obtained":["Pain"]},{"damage_healed":0,"gold_gain":0,"player_choice":"Trade","damage_taken":0,"relics_obtained":["FaceOfCleric"],"max_hp_gain":0,"max_hp_loss":0,"event_name":"FaceTrader","floor":12,"gold_loss":0},{"damage_healed":0,"gold_gain":0,"player_choice":"Read","damage_taken":0,"max_hp_gain":0,"max_hp_loss":0,"event_name":"The Library","floor":22,"gold_loss":0,"cards_obtained":["Flame Barrier"]},{"damage_healed":0,"gold_gain":0,"player_choice":"Opened","damage_taken":0,"relics_obtained":["Matryoshka"],"max_hp_gain":0,"max_hp_loss":0,"event_name":"The Mausoleum","floor":24,"gold_loss":0,"cards_obtained":["Writhe"]},{"damage_healed":0,"gold_gain":0,"player_choice":"Ignored","damage_taken":0,"max_hp_gain":0,"max_hp_loss":0,"event_name":"Vampires","floor":28,"gold_loss":0}],"is_beta":false,"boss_relics":[{"not_picked":["Runic Dome","Coffee Dripper"],"picked":"Philosopher\u0027s Stone"}],"items_purged_floors":[4,21],"is_endless":false,"potions_floor_spawned":[2,8,13,14,19,25,29,31],"killed_by":"Champ","ascension_level":15}