{"gold_per_floor":[117,133,58,69,87,87,87,37,37,37,37,50,74,100,112,223,235,247],"floor_reached":18,"playtime":629,"items_purged":["Strike_B"],"score":198,"play_id":"68732fce-c74f-444e-94e1-96b87fb482bc","local_time":"20180912141512","is_ascension_mode":true,"campfire_choices":[{"data":"Dualcast","floor":6,"key":"SMITH"},{"data":"Echo Form","floor":15,"key":"SMITH"}],"neow_cost":"","seed_source_timestamp":5164585042314,"circlet_count":0,"master_deck":["Strike_B","Defend_B","Defend_B","Defend_B","Defend_B","Zap","Dualcast+1","Beam Cell","Echo Form+1","Chill","Gash","Buffer"],"relics":["Cracked Core","Shuriken","MawBank","Philosopher\u0027s Stone"],"potions_floor_usage":[16,18],"damage_taken":[{"damage":2,"enemies":"Jaw Worm","floor":1,"turns":3},{"damage":2,"enemies":"2 Louse","floor":2,"turns":2},{"damage":0,"enemies":"Cultist","floor":4,"turns":3},{"damage":5,"enemies":"Exordium Wildlife","floor":5,"turns":4},{"damage":3,"enemies":"Lots of Slimes","floor":12,"turns":5},{"damage":0,"enemies":"2 Fungi Beasts","floor":14,"turns":4},{"damage":48,"enemies":"Hexaghost","floor":16,"turns":11},{"damage":66,"enemies":"3 Byrds","floor":18,"turns":3}],"seed_played":"7086130418893415472","potions_obtained":[{"floor":4,"key":"SteroidPotion"},{"floor":5,"key":"FairyPotion"},{"floor":16,"key":"FocusPotion"}],"is_trial":false,"path_per_floor":["M","M","$","M","M","R","$","?","T","?","$","M","T","M","R","B",null],"character_chosen":"DEFECT","items_purchased":[],"campfire_rested":0,"item_purchase_floors":[],"current_hp_per_floor":[66,64,64,64,59,59,59,59,59,52,52,49,49,49,49,1,57,0],"gold":247,"neow_bonus":"","is_prod":false,"is_daily":false,"chose_seed":false,"campfire_upgraded":2,"win_rate":0,"timestamp":1536786912,"path_taken":["M","M","$","M","M","R","$","?","T","?","?","?","?","?","R","BOSS","M"],"build_version":"2018-09-06","purchased_purges":1,"victory":false,"max_hp_per_floor":[75,75,75,75,75,75,75,75,75,75,75,75,75,75,75,75,75,75],"card_choices":[{"not_picked":["Cold Snap","Steam Power","Coolheaded"],"picked":"SKIP","floor":1},{"not_picked":["Sweeping Beam","Redo","Chaos"],"picked":"SKIP","floor":2},{"not_picked":["Auto Shields","Storm"],"picked":"Beam Cell","floor":4},{"not_picked":["Cold Snap","Auto Shields"],"picked":"Echo Form","floor":5},{"not_picked":["Beam Cell","Redo"],"picked":"Chill","floor":12},{"not_picked":["Barrage","Stack"],"picked":"Gash","floor":14},{"not_picked":["Rainbow","Fission"],"picked":"Buffer","floor":16}],"player_experience":287974,"relics_obtained":[{"floor":9,"key":"Shuriken"},{"floor":13,"key":"MawBank"}],"event_choices":[{"event_name":"The Cleric","player_choice":"Card Removal","floor":8,"damage_taken":0},{"event_name":"Golden Wing","player_choice":"Card Removal","floor":10,"damage_taken":0}],"is_beta":false,"boss_relics":[{"not_picked":["Velvet Choker","Fusion Hammer"],"picked":"Philosopher\u0027s Stone"}],"items_purged_floors":[3],"is_endless":false,"potions_floor_spawned":[4,5,16],"killed_by":"3 Byrds","ascension_level":6}