{"gold_per_floor":[113,124,124,143,14,14,39,39,64,97,110,120,120,138,138,237,237,250,276,295,295,295,295,313,313,338,369,379,404,415,415,415,514,514,526,626,726,232,252,286,286,314,314,314,324,324,334,334,334,334],"floor_reached":51,"playtime":7294,"items_purged":["Strike_G"],"score":942,"play_id":"98c323c9-f96d-4dd0-b425-86cd7839f07a","local_time":"20190729222055","is_ascension_mode":true,"campfire_choices":[{"data":"Corpse Explosion","floor":6,"key":"SMITH"},{"data":"Noxious Fumes","floor":8,"key":"SMITH"},{"data":"Unload","floor":13,"key":"SMITH"},{"data":"Neutralize","floor":15,"key":"SMITH"},{"data":"Footwork","floor":23,"key":"SMITH"},{"data":"Footwork","floor":25,"key":"SMITH"},{"floor":32,"key":"REST"},{"data":"Well Laid Plans","floor":41,"key":"SMITH"},{"data":"Deadly Poison","floor":44,"key":"SMITH"},{"data":"Footwork","floor":46,"key":"SMITH"},{"data":"Blur","floor":49,"key":"SMITH"}],"neow_cost":"NONE","seed_source_timestamp":18401875831942,"circlet_count":0,"master_deck":["Strike_G","Strike_G","Strike_G+1","Strike_G","Defend_G","Defend_G","Defend_G+1","Defend_G","Defend_G+1","Survivor","Neutralize+1","Noxious Fumes+1","Blade Dance","Corpse Explosion+1","Jack Of All Trades","Deflect","Well Laid Plans+1","Backstab","Sucker Punch+1","Blur+1","Unload+1","Footwork+1","Die Die Die","Footwork+1","Deadly Poison+1","RitualDagger","Backflip","Prepared+1","Prepared+1","Adrenaline","PiercingWail+1","Backflip","Slice","Blur+1","Caltrops+1","Footwork+1","Sucker Punch+1"],"relics":["Ring of the Snake","Orichalcum","Vajra","Bag of Marbles","Strawberry","Eternal Feather","Red Mask","War Paint","Pen Nib","Smiling Mask","Cursed Key","The Specimen","Art of War","Toy Ornithopter","Regal Pillow","Whetstone"],"potions_floor_usage":[7,7,16,20,29,33,33,42,50,50,50],"damage_taken":[{"damage":0,"enemies":"Cultist","floor":1,"turns":4},{"damage":1,"enemies":"Jaw Worm","floor":2,"turns":5},{"damage":2,"enemies":"Small Slimes","floor":4,"turns":2},{"damage":8,"enemies":"Lagavulin","floor":7,"turns":4},{"damage":13,"enemies":"Gremlin Nob","floor":10,"turns":4},{"damage":0,"enemies":"2 Fungi Beasts","floor":11,"turns":3},{"damage":0,"enemies":"Exordium Wildlife","floor":12,"turns":2},{"damage":0,"enemies":"Blue Slaver","floor":14,"turns":2},{"damage":6,"enemies":"Slime Boss","floor":16,"turns":6},{"damage":4,"enemies":"2 Thieves","floor":18,"turns":2},{"damage":0,"enemies":"Masked Bandits","floor":19,"turns":2},{"damage":0,"enemies":"Shell Parasite","floor":20,"turns":4},{"damage":32,"enemies":"Shelled Parasite and Fungi","floor":24,"turns":6},{"damage":24,"enemies":"Book of Stabbing","floor":27,"turns":7},{"damage":4,"enemies":"3 Cultists","floor":28,"turns":4},{"damage":10,"enemies":"Gremlin Leader","floor":29,"turns":10},{"damage":14,"enemies":"Centurion and Healer","floor":30,"turns":4},{"damage":47,"enemies":"Champ","floor":33,"turns":15},{"damage":0,"enemies":"3 Shapes","floor":35,"turns":4},{"damage":0,"enemies":"Mind Bloom Boss Battle","floor":36,"turns":5},{"damage":0,"enemies":"Orb Walker","floor":39,"turns":3},{"damage":17,"enemies":"Nemesis","floor":40,"turns":11},{"damage":1,"enemies":"Reptomancer","floor":42,"turns":6},{"damage":12,"enemies":"Jaw Worm Horde","floor":45,"turns":3},{"damage":4,"enemies":"Writhing Mass","floor":47,"turns":6},{"damage":43,"enemies":"Awakened One","floor":50,"turns":20}],"seed_played":"-6404254645398559480","potions_obtained":[{"floor":2,"key":"GamblersBrew"},{"floor":4,"key":"Poison Potion"},{"floor":7,"key":"PowerPotion"},{"floor":11,"key":"Regen Potion"},{"floor":19,"key":"AttackPotion"},{"floor":20,"key":"GhostInAJar"},{"floor":30,"key":"Strength Potion"},{"floor":33,"key":"SkillPotion"},{"floor":35,"key":"AttackPotion"},{"floor":42,"key":"Regen Potion"}],"is_trial":false,"path_per_floor":["M","M","?","M","$","R","E","R","T","E","M","M","R","M","R","B",null,"M","?","M","?","?","R","M","R","T","E","M","E","M","?","R","B",null,"M","?","?","$","M","E","R","E","T","R","M","R","M","?","R","B",null],"character_chosen":"THE_SILENT","items_purchased":["Well Laid Plans","Dexterity Potion","Backflip","Slice","Art of War","Toy Ornithopter"],"campfire_rested":1,"item_purchase_floors":[5,5,38,38,38,38],"current_hp_per_floor":[63,62,62,60,60,60,52,52,52,46,46,46,46,46,46,55,72,68,68,68,62,62,77,45,60,60,36,32,22,8,8,49,2,58,58,58,58,58,58,41,59,63,63,77,65,77,73,73,77,64],"gold":334,"neow_bonus":"RANDOM_COMMON_RELIC","is_prod":false,"is_daily":false,"chose_seed":false,"campfire_upgraded":10,"win_rate":0,"timestamp":1564431655,"path_taken":["M","M","?","?","$","R","E","R","T","E","M","M","R","M","R","BOSS","M","?","M","?","?","R","M","R","T","E","M","E","?","?","R","BOSS","M","?","?","$","?","E","R","E","T","R","M","R","M","?","R","BOSS"],"build_version":"2019-07-17","purchased_purges":1,"victory":true,"max_hp_per_floor":[70,70,70,70,70,70,70,70,70,77,77,77,77,77,77,77,77,77,77,77,77,77,77,77,77,77,77,77,77,77,77,77,77,77,77,77,77,77,77,77,77,77,77,77,77,77,77,77,77,77],"card_choices":[{"not_picked":["Poisoned Stab","Backflip"],"picked":"Noxious Fumes","floor":1},{"not_picked":["Setup","Reflex"],"picked":"Blade Dance","floor":2},{"not_picked":["Dodge and Roll","Acrobatics"],"picked":"Deflect","floor":4},{"not_picked":["Slice","Infinite Blades"],"picked":"Backstab","floor":7},{"not_picked":["Poisoned Stab","Tactician"],"picked":"Sucker Punch","floor":10},{"not_picked":["Quick Slash","Slice"],"picked":"Blur","floor":11},{"not_picked":["Setup","Bouncing Flask"],"picked":"Unload","floor":12},{"not_picked":["Sucker Punch","Poisoned Stab"],"picked":"Footwork","floor":14},{"not_picked":["Phantasmal Killer","Envenom"],"picked":"Die Die Die","floor":16},{"not_picked":["Quick Slash+1","PiercingWail"],"picked":"Footwork","floor":18},{"not_picked":["Reflex+1","Underhanded Strike"],"picked":"Deadly Poison","floor":20},{"not_picked":["Blade Dance","Bouncing Flask"],"picked":"Backflip","floor":24},{"not_picked":["Slice","Finisher","Riddle With Holes"],"picked":"SKIP","floor":27},{"not_picked":["Bullet Time","Flechettes+1"],"picked":"Prepared+1","floor":28},{"not_picked":["Blade Dance","Choke","Well Laid Plans+1"],"picked":"SKIP","floor":29},{"not_picked":["Underhanded Strike","Quick Slash"],"picked":"Prepared+1","floor":30},{"not_picked":["Envenom","Wraith Form v2"],"picked":"Adrenaline","floor":33},{"not_picked":["Backstab","Blur+1"],"picked":"PiercingWail+1","floor":35},{"not_picked":["Dodge and Roll","Infinite Blades"],"picked":"Blur+1","floor":39},{"not_picked":["Storm of Steel","Blade Dance","Prepared"],"picked":"SKIP","floor":40},{"not_picked":["Sucker Punch+1","Dodge and Roll"],"picked":"Caltrops+1","floor":42},{"not_picked":["Eviscerate","Blade Dance+1"],"picked":"Footwork","floor":45},{"not_picked":["Blade Dance+1","Acrobatics+1"],"picked":"Sucker Punch+1","floor":47}],"player_experience":642217,"relics_obtained":[{"floor":7,"key":"Vajra"},{"floor":9,"key":"Bag of Marbles"},{"floor":10,"key":"Strawberry"},{"floor":19,"key":"Red Mask"},{"floor":26,"key":"War Paint"},{"floor":27,"key":"Pen Nib"},{"floor":29,"key":"Smiling Mask"},{"floor":36,"key":"The Specimen"},{"floor":40,"key":"Regal Pillow"},{"floor":42,"key":"Whetstone"}],"event_choices":[{"damage_healed":0,"gold_gain":0,"player_choice":"2 cards matched","damage_taken":0,"max_hp_gain":0,"max_hp_loss":0,"event_name":"Match and Keep!","floor":3,"gold_loss":0,"cards_obtained":["Corpse Explosion","Jack Of All Trades"]},{"damage_healed":0,"gold_gain":0,"player_choice":"2 cards matched","damage_taken":0,"max_hp_gain":0,"max_hp_loss":0,"event_name":"Match and Keep!","floor":3,"gold_loss":0,"cards_obtained":["Corpse Explosion","Jack Of All Trades"]},{"damage_healed":0,"gold_gain":0,"player_choice":"Fought Bandits","damage_taken":0,"max_hp_gain":0,"max_hp_loss":0,"event_name":"Masked Bandits","floor":19,"gold_loss":0},{"damage_healed":0,"gold_gain":0,"player_choice":"Joined the Cult","damage_taken":6,"max_hp_gain":0,"max_hp_loss":0,"event_name":"Nest","floor":21,"gold_loss":0,"cards_obtained":["RitualDagger"]},{"damage_healed":0,"gold_gain":0,"player_choice":"Ignored","damage_taken":0,"max_hp_gain":0,"max_hp_loss":0,"event_name":"Vampires","floor":22,"gold_loss":0},{"damage_healed":0,"gold_gain":0,"player_choice":"Ignored","damage_taken":0,"max_hp_gain":0,"max_hp_loss":0,"event_name":"Cursed Tome","floor":31,"gold_loss":0},{"damage_healed":0,"gold_gain":0,"player_choice":"Fight","damage_taken":0,"max_hp_gain":0,"max_hp_loss":0,"event_name":"MindBloom","floor":36,"gold_loss":0},{"damage_healed":0,"gold_gain":100,"player_choice":"Pray","damage_taken":0,"max_hp_gain":0,"max_hp_loss":0,"event_name":"Golden Shrine","floor":37,"gold_loss":0},{"damage_healed":0,"gold_gain":0,"player_choice":"Ignored","damage_taken":0,"max_hp_gain":0,"max_hp_loss":0,"event_name":"Tomb of Lord Red Mask","floor":48,"gold_loss":0}],"is_beta":false,"boss_relics":[{"not_picked":["Snecko Eye","Pandora\u0027s Box"],"picked":"Eternal Feather"},{"not_picked":["Fusion Hammer","Runic Pyramid"],"picked":"Cursed Key"}],"items_purged_floors":[38],"is_endless":false,"potions_floor_spawned":[2,4,7,11,19,20,27,30,33,35,36,39,42],"ascension_level":6}