{"gold_per_floor":[113,113,132,132,144,144,163,163,163,196,82,101,132,147,147,220,220,230,10,26,46,32,32,47,58,58,58,58,69,83,100,100,100],"floor_reached":33,"playtime":1953,"items_purged":["Decay"],"score":676,"play_id":"1abb8e86-c98e-4aa6-9077-b6d93dd2bfa2","local_time":"20190728093344","is_ascension_mode":true,"campfire_choices":[{"data":"Bludgeon","floor":6,"key":"SMITH"},{"data":"Carnage","floor":15,"key":"SMITH"},{"floor":23,"key":"REST"},{"data":"Impervious","floor":27,"key":"SMITH"},{"floor":32,"key":"REST"}],"neow_cost":"NONE","seed_source_timestamp":827918432375563,"circlet_count":0,"master_deck":["AscendersBane","Strike_R","Defend_R","Defend_R","Defend_R","Defend_R","Bash","Thunderclap","Bludgeon+1","Disarm+1","Wild Strike","Headbutt","Hemokinesis","Carnage+1","Clothesline+1","Rupture","Impervious+1","Sentinel+1","Impervious+1","Uppercut+1","Anger+1","Whirlwind+1","Shrug It Off","Body Slam+1","Shrug It Off","Inflame","Corruption","Disarm","Rupture"],"relics":["Burning Blood","Centennial Puzzle","Pen Nib","Molten Egg 2","Astrolabe","Membership Card","Oddly Smooth Stone"],"potions_floor_usage":[10,12,14,31,31,33],"damage_taken":[{"damage":9,"enemies":"Jaw Worm","floor":1,"turns":4},{"damage":1,"enemies":"Cultist","floor":3,"turns":3},{"damage":0,"enemies":"Small Slimes","floor":5,"turns":3},{"damage":10,"enemies":"Red Slaver","floor":7,"turns":5},{"damage":21,"enemies":"Lagavulin","floor":10,"turns":4},{"damage":20,"enemies":"Exordium Wildlife","floor":12,"turns":5},{"damage":8,"enemies":"Gremlin Nob","floor":13,"turns":3},{"damage":26,"enemies":"Gremlin Gang","floor":14,"turns":4},{"damage":0,"enemies":"Slime Boss","floor":16,"turns":2},{"damage":11,"enemies":"Spheric Guardian","floor":18,"turns":3},{"damage":20,"enemies":"Shell Parasite","floor":20,"turns":3},{"damage":41,"enemies":"Sentry and Sphere","floor":21,"turns":6},{"damage":8,"enemies":"3 Cultists","floor":24,"turns":4},{"damage":3,"enemies":"Centurion and Healer","floor":25,"turns":4},{"damage":13,"enemies":"Snecko","floor":29,"turns":3},{"damage":24,"enemies":"Shelled Parasite and Fungi","floor":30,"turns":3},{"damage":0,"enemies":"Cultist and Chosen","floor":31,"turns":3},{"damage":48,"enemies":"Automaton","floor":33,"turns":4}],"seed_played":"8447748429265042353","potions_obtained":[{"floor":3,"key":"Regen Potion"},{"floor":7,"key":"Block Potion"},{"floor":10,"key":"Explosive Potion"},{"floor":21,"key":"AttackPotion"},{"floor":25,"key":"Energy Potion"},{"floor":31,"key":"Strength Potion"}],"is_trial":false,"path_per_floor":["M","?","M","?","M","R","M","?","T","E","$","M","E","M","R","B",null,"M","$","M","M","$","R","M","M","T","R","?","M","M","M","R","B"],"character_chosen":"IRONCLAD","items_purchased":["Hemokinesis","Membership Card","Body Slam+1"],"campfire_rested":2,"item_purchase_floors":[11,19,22],"current_hp_per_floor":[72,72,77,59,65,65,61,61,61,46,46,46,44,24,24,30,69,64,64,50,15,15,39,37,40,40,40,40,33,15,21,45,0],"gold":100,"neow_bonus":"TEN_PERCENT_HP_BONUS","is_prod":false,"is_daily":false,"chose_seed":false,"campfire_upgraded":3,"win_rate":0,"timestamp":1564320824,"path_taken":["M","?","?","?","M","R","M","?","T","E","$","M","E","M","R","BOSS","M","$","M","M","?","R","M","M","T","R","?","?","M","M","R","BOSS"],"build_version":"2019-07-17","purchased_purges":1,"victory":false,"max_hp_per_floor":[82,82,82,82,82,82,82,82,82,82,82,82,82,82,82,82,82,82,82,82,82,82,82,82,82,82,82,82,82,82,82,82,82],"card_choices":[{"not_picked":["Flex","Warcry"],"picked":"Thunderclap","floor":1},{"not_picked":["Perfected Strike","Thunderclap"],"picked":"Disarm","floor":3},{"not_picked":["Clash","Perfected Strike"],"picked":"Wild Strike","floor":5},{"not_picked":["Infernal Blade","Clash","Bloodletting"],"picked":"SKIP","floor":7},{"not_picked":["Havoc","Wild Strike"],"picked":"Headbutt","floor":10},{"not_picked":["Bloodletting","Havoc"],"picked":"Carnage","floor":12},{"not_picked":["Reckless Charge","Flex"],"picked":"Clothesline","floor":13},{"not_picked":["Body Slam+1","Perfected Strike+1"],"picked":"Rupture","floor":14},{"not_picked":["Fiend Fire+1","Juggernaut"],"picked":"Impervious","floor":16},{"not_picked":["Clothesline+1","Flex"],"picked":"Anger+1","floor":18},{"not_picked":["Carnage+1","Clash+1"],"picked":"Whirlwind+1","floor":20},{"not_picked":["Sword Boomerang+1","Heavy Blade+1"],"picked":"Shrug It Off","floor":21},{"not_picked":["Perfected Strike+1","Havoc"],"picked":"Shrug It Off","floor":24},{"not_picked":["Uppercut+1","Headbutt+1"],"picked":"Inflame","floor":25},{"not_picked":["Hemokinesis+1","Carnage+1"],"picked":"Corruption","floor":29},{"not_picked":["Shrug It Off","Cleave+1"],"picked":"Disarm","floor":30},{"not_picked":["Offering","Havoc"],"picked":"Rupture","floor":31}],"player_experience":2521899,"relics_obtained":[{"floor":10,"key":"Pen Nib"},{"floor":13,"key":"Molten Egg 2"},{"floor":26,"key":"Oddly Smooth Stone"}],"event_choices":[{"damage_healed":0,"gold_gain":0,"cards_transformed":["Strike_R"],"player_choice":"Transformed","damage_taken":0,"max_hp_gain":0,"max_hp_loss":0,"event_name":"Transmorgrifier","floor":2,"gold_loss":0,"cards_obtained":["Bludgeon"]},{"damage_healed":0,"gold_gain":0,"player_choice":"Success","damage_taken":18,"relics_obtained":["Centennial Puzzle"],"max_hp_gain":0,"max_hp_loss":0,"event_name":"Scrap Ooze","floor":4,"gold_loss":0},{"damage_healed":0,"gold_gain":0,"player_choice":"Cursed","damage_taken":0,"max_hp_gain":0,"max_hp_loss":0,"event_name":"Wheel of Change","floor":8,"gold_loss":0,"cards_obtained":["Decay"]},{"damage_healed":0,"gold_gain":0,"player_choice":"Upgraded","damage_taken":0,"max_hp_gain":0,"max_hp_loss":0,"event_name":"Upgrade Shrine","floor":28,"gold_loss":0,"cards_upgraded":["Disarm"]}],"is_beta":false,"boss_relics":[{"not_picked":["Eternal Feather","Lizard Tail"],"picked":"Astrolabe"}],"items_purged_floors":[11],"is_endless":false,"potions_floor_spawned":[3,7,10,21,25,30,31],"killed_by":"Automaton","ascension_level":20}