{"gold_per_floor":[109,119,73,88,108,108,135,135,161,180,1,12,47,62,62,166,166,176,101,114,39,51,51],"floor_reached":23,"playtime":2449,"items_purged":["Strike_R"],"score":246,"play_id":"59f54dcf-ed83-4b3c-8e0c-74a727cd2b15","local_time":"20190520211823","is_ascension_mode":true,"campfire_choices":[{"data":"True Grit","floor":6,"key":"SMITH"},{"data":"Shrug It Off","floor":8,"key":"SMITH"},{"data":"Rampage","floor":15,"key":"SMITH"}],"neow_cost":"NONE","seed_source_timestamp":10692527904300,"circlet_count":0,"master_deck":["Strike_R","Strike_R","Strike_R","Defend_R+1","Defend_R","Defend_R","Defend_R+1","Bash","Rampage+1","Shrug It Off+1","True Grit+1","Spot Weakness","Twin Strike","Clothesline","Cleave","Feed","True Grit","Headbutt","Demon Form","Body Slam+1"],"relics":["Burning Blood","War Paint","Omamori","Orichalcum","Pen Nib","Bronze Scales","Black Star"],"potions_floor_usage":[23,23],"damage_taken":[{"damage":0,"enemies":"2 Louse","floor":1,"turns":3},{"damage":7,"enemies":"Jaw Worm","floor":2,"turns":3},{"damage":0,"enemies":"Cultist","floor":4,"turns":3},{"damage":6,"enemies":"Blue Slaver","floor":5,"turns":4},{"damage":17,"enemies":"3 Sentries","floor":7,"turns":10},{"damage":11,"enemies":"Lots of Slimes","floor":10,"turns":6},{"damage":0,"enemies":"Red Slaver","floor":12,"turns":3},{"damage":15,"enemies":"Lagavulin","floor":13,"turns":6},{"damage":6,"enemies":"Looter","floor":14,"turns":5},{"damage":18,"enemies":"The Guardian","floor":16,"turns":10},{"damage":41,"enemies":"Chosen","floor":18,"turns":7},{"damage":8,"enemies":"3 Byrds","floor":20,"turns":3},{"damage":13,"enemies":"Cultist and Chosen","floor":22,"turns":6},{"damage":63,"enemies":"Gremlin Leader","floor":23,"turns":7}],"seed_played":"1563659065469822966","potions_obtained":[{"floor":1,"key":"Dexterity Potion"},{"floor":10,"key":"PowerPotion"},{"floor":12,"key":"SteroidPotion"},{"floor":20,"key":"Regen Potion"}],"is_trial":false,"path_per_floor":["M","M","$","M","M","R","E","R","T","M","$","M","E","M","R","B",null,"M","$","M","?","M","E"],"character_chosen":"IRONCLAD","items_purchased":["True Grit","Cleave","Pen Nib"],"campfire_rested":0,"item_purchase_floors":[3,11,11],"current_hp_per_floor":[80,79,79,80,80,80,69,69,69,64,64,70,61,64,64,52,83,48,48,49,49,45,0],"gold":51,"neow_bonus":"RANDOM_COMMON_RELIC","is_prod":false,"is_daily":false,"chose_seed":false,"campfire_upgraded":3,"win_rate":0,"timestamp":1558401503,"path_taken":["M","M","$","M","M","R","E","R","T","M","$","M","E","M","R","BOSS","M","$","M","?","M","E"],"build_version":"2019-01-23","purchased_purges":1,"victory":false,"max_hp_per_floor":[80,80,80,80,80,80,80,80,80,80,80,80,80,83,83,83,83,83,83,86,86,89,89],"card_choices":[{"not_picked":["Pummel","Evolve"],"picked":"Rampage","floor":1},{"not_picked":["Infernal Blade","Clash"],"picked":"Shrug It Off","floor":2},{"not_picked":["Disarm","Headbutt"],"picked":"Spot Weakness","floor":4},{"not_picked":["Heavy Blade","Sever Soul"],"picked":"Twin Strike","floor":5},{"not_picked":["Warcry","Bloodletting","Dual Wield"],"picked":"SKIP","floor":7},{"not_picked":["Warcry","Clash"],"picked":"Clothesline","floor":10},{"not_picked":["Pommel Strike","Shrug It Off"],"picked":"Feed","floor":12},{"not_picked":["Armaments","Hemokinesis"],"picked":"True Grit","floor":13},{"not_picked":["Dropkick","Seeing Red"],"picked":"Headbutt","floor":14},{"not_picked":["Juggernaut","Offering"],"picked":"Demon Form","floor":16},{"not_picked":["Cleave","Havoc"],"picked":"Body Slam+1","floor":18},{"not_picked":["Wild Strike","Body Slam","Heavy Blade"],"picked":"SKIP","floor":20},{"not_picked":["Pummel","Anger+1","Sever Soul"],"picked":"SKIP","floor":22}],"player_experience":414056,"relics_obtained":[{"floor":7,"key":"Omamori"},{"floor":9,"key":"Orichalcum"},{"floor":13,"key":"Bronze Scales"}],"event_choices":[{"cards_removed":["Strike_R"],"damage_healed":0,"gold_gain":0,"player_choice":"Gave Gold","damage_taken":0,"max_hp_gain":0,"max_hp_loss":0,"event_name":"Beggar","floor":21,"gold_loss":75}],"is_beta":false,"boss_relics":[{"not_picked":["Astrolabe","Eternal Feather"],"picked":"Black Star"}],"items_purged_floors":[19],"is_endless":false,"potions_floor_spawned":[1,10,12,14,16,20,22],"killed_by":"Gremlin Leader","ascension_level":4}