{"gold_per_floor":[110,21,21,21,21,21,41,41,92,127,127,143,160,176,176,281,281,281,63,63,63,63,63,63,63,63,63,63,63,63,63,63,63,63,63,63,63,63,63,63,63,63,63,63,63,63,63,63,63,63,63,63,63,63,63],"floor_reached":56,"playtime":1706,"items_purged":[],"score":1265,"play_id":"c314b5dc-26df-4a8c-8ba1-a46196b5dec8","local_time":"20190713182514","is_ascension_mode":true,"campfire_choices":[{"data":"Neutralize","floor":6.0,"key":"SMITH"},{"data":"Dash","floor":8.0,"key":"SMITH"},{"data":"Noxious Fumes","floor":11.0,"key":"SMITH"},{"data":"Caltrops","floor":15.0,"key":"SMITH"},{"floor":28.0,"key":"REST"},{"data":"Noxious Fumes","floor":30.0,"key":"SMITH"},{"floor":32.0,"key":"REST"},{"data":"Cloak And Dagger","floor":40.0,"key":"SMITH"},{"floor":44.0,"key":"REST"},{"floor":49,"key":"RECALL"},{"data":"After Image","floor":52,"key":"SMITH"}],"neow_cost":"NONE","seed_source_timestamp":27193374714087,"circlet_count":0,"master_deck":["Strike_G","Strike_G","Strike_G","Defend_G","Defend_G","Defend_G","Defend_G","Defend_G","Survivor","Neutralize+1","Riddle With Holes+1","Caltrops+1","Cloak And Dagger+1","Dash+1","Noxious Fumes+1","Deflect","Malaise+1","Caltrops","Noxious Fumes+1","Accuracy","Bane+1","PiercingWail+1","A Thousand Cuts","After Image+1","Crippling Poison+1","Escape Plan+1","Terror","Caltrops+1","Bouncing Flask+1","Tools of the Trade"],"special_seed":0,"relics":["Ring of the Snake","NeowsBlessing","Lantern","Snake Skull","Ectoplasm","PreservedInsect","Bronze Scales","Regal Pillow","Pocketwatch","Sozu","Ornamental Fan","Pear"],"potions_floor_usage":[54,55,55],"damage_taken":[{"damage":0.0,"enemies":"Jaw Worm","floor":1.0,"turns":1.0},{"damage":0.0,"enemies":"Cultist","floor":7.0,"turns":1.0},{"damage":0.0,"enemies":"Gremlin Nob","floor":10.0,"turns":1.0},{"damage":0.0,"enemies":"2 Louse","floor":12.0,"turns":3.0},{"damage":0.0,"enemies":"Looter","floor":13.0,"turns":3.0},{"damage":0.0,"enemies":"Lots of Slimes","floor":14.0,"turns":4.0},{"damage":9.0,"enemies":"Hexaghost","floor":16.0,"turns":8.0},{"damage":5.0,"enemies":"Spheric Guardian","floor":18.0,"turns":5.0},{"damage":0.0,"enemies":"3 Byrds","floor":21.0,"turns":2.0},{"damage":16.0,"enemies":"Book of Stabbing","floor":23.0,"turns":5.0},{"damage":12.0,"enemies":"Centurion and Healer","floor":24.0,"turns":5.0},{"damage":20.0,"enemies":"Slavers","floor":25.0,"turns":4.0},{"damage":16.0,"enemies":"Sentry and Sphere","floor":27.0,"turns":6.0},{"damage":6.0,"enemies":"Snecko","floor":31.0,"turns":5.0},{"damage":30.0,"enemies":"Automaton","floor":33.0,"turns":10.0},{"damage":12.0,"enemies":"3 Shapes","floor":35.0,"turns":5.0},{"damage":3.0,"enemies":"Orb Walker","floor":37.0,"turns":3.0},{"damage":17.0,"enemies":"Spire Growth","floor":39.0,"turns":6.0},{"damage":3.0,"enemies":"Jaw Worm Horde","floor":41.0,"turns":4.0},{"damage":16.0,"enemies":"Giant Head","floor":42.0,"turns":9.0},{"damage":20.0,"enemies":"Transient","floor":45.0,"turns":5.0},{"damage":0.0,"enemies":"4 Shapes","floor":46.0,"turns":4.0},{"damage":11,"enemies":"Writhing Mass","floor":47,"turns":5},{"damage":60,"enemies":"Time Eater","floor":50,"turns":10},{"damage":15,"enemies":"Shield and Spear","floor":54,"turns":5},{"damage":49,"enemies":"The Heart","floor":55,"turns":9}],"seed_played":"4201356732181536826","potions_obtained":[{"floor":13.0,"key":"Ancient Potion"},{"floor":16.0,"key":"Energy Potion"},{"floor":21.0,"key":"Strength Potion"},{"floor":25.0,"key":"PowerPotion"}],"is_trial":false,"path_per_floor":["M","$","?","$","?","R","M","R","T","E","R","M","M","M","R","B",null,"M","$","?","M","?","E","M","E","T","M","R","$","R","M","R","B",null,"M","?","M","?","M","R","M","E","T","R","M","M","M","?","R","B",null,"R","$","E","B",null],"character_chosen":"THE_SILENT","items_purchased":["Caltrops","Cloak And Dagger","Caltrops","PreservedInsect"],"campfire_rested":3,"item_purchase_floors":[2,2,19,19],"current_hp_per_floor":[70,70,70,70,70,70,70,70,70,70,70,70,70,70,70,61,70,65,65,65,65,65,49,37,17,17,1,37,37,37,31,67,37,70,58,58,55,55,38,38,35,19,19,55,35,35,24,61,61,1,61,61,61,56,7],"gold":63,"neow_bonus":"THREE_ENEMY_KILL","is_prod":false,"is_daily":false,"chose_seed":false,"campfire_upgraded":7,"win_rate":0,"timestamp":1563031514,"path_taken":["M","$","?","$","?","R","M","R","T","E","R","M","M","?","R","BOSS","M","$","?","M","?","E","M","E","T","M","R","$","R","?","R","BOSS","M","?","?","?","M","R","M","E","T","R","M","M","?","?","R","BOSS","R","$","E","BOSS"],"build_version":"2019-07-05","purchased_purges":0,"victory":true,"max_hp_per_floor":[70,70,70,70,70,70,70,70,70,70,70,70,70,70,70,70,70,70,70,70,70,70,70,70,70,70,70,70,70,70,70,70,70,70,70,70,70,70,70,70,70,70,70,70,70,70,70,61,61,61,61,61,61,71,71],"card_choices":[{"not_picked":["Prepared","Bane"],"picked":"Riddle With Holes","floor":1.0},{"not_picked":["Heel Hook","Dodge and Roll"],"picked":"Dash","floor":7.0},{"not_picked":["Blur","Prepared"],"picked":"Noxious Fumes","floor":10.0},{"not_picked":["Infinite Blades","Acrobatics"],"picked":"Deflect","floor":12.0},{"not_picked":["Quick Slash","Predator","Accuracy"],"picked":"SKIP","floor":13.0},{"not_picked":["Accuracy","Sucker Punch","Acrobatics"],"picked":"SKIP","floor":14.0},{"not_picked":["Storm of Steel","A Thousand Cuts"],"picked":"Malaise","floor":16.0},{"not_picked":["Blade Dance","Quick Slash","Prepared+1"],"picked":"SKIP","floor":18.0},{"not_picked":["Leg Sweep","Cloak And Dagger"],"picked":"Noxious Fumes","floor":21.0},{"not_picked":["Dagger Spray","Setup"],"picked":"Bane+1","floor":23.0},{"not_picked":["Acrobatics","Flying Knee"],"picked":"PiercingWail+1","floor":24.0},{"not_picked":["PiercingWail","Expertise+1"],"picked":"A Thousand Cuts","floor":25.0},{"not_picked":["Acrobatics","Eviscerate","Heel Hook"],"picked":"SKIP","floor":27.0},{"not_picked":["Masterful Stab","Quick Slash+1","Outmaneuver"],"picked":"SKIP","floor":31.0},{"not_picked":["Glass Knife","Malaise"],"picked":"After Image","floor":33.0},{"not_picked":["Slice","Dodge and Roll+1"],"picked":"Crippling Poison+1","floor":35.0},{"not_picked":["Flechettes","Dash+1"],"picked":"Escape Plan+1","floor":37.0},{"not_picked":["Dagger Spray","Prepared","Blade Dance+1"],"picked":"SKIP","floor":39.0},{"not_picked":["Sucker Punch","Bane+1","Accuracy"],"picked":"SKIP","floor":41.0},{"not_picked":["Accuracy+1","Setup+1"],"picked":"Terror","floor":42.0},{"not_picked":["Riddle With Holes","Quick Slash+1"],"picked":"Caltrops+1","floor":45.0},{"not_picked":["Slice+1","Backflip"],"picked":"Bouncing Flask+1","floor":46.0},{"not_picked":["Dagger Spray+1","Poisoned Stab+1","Blade Dance+1"],"picked":"SKIP","floor":47},{"not_picked":["PiercingWail","Finisher+1"],"picked":"Tools of the Trade","floor":54}],"player_experience":1058150,"relics_obtained":[{"floor":9.0,"key":"Lantern"},{"floor":10.0,"key":"Snake Skull"},{"floor":23.0,"key":"Bronze Scales"},{"floor":25.0,"key":"Regal Pillow"},{"floor":26.0,"key":"Pocketwatch"},{"floor":42.0,"key":"Ornamental Fan"},{"floor":54,"key":"Pear"}],"event_choices":[{"damage_healed":0.0,"max_hp_gain":0.0,"max_hp_loss":0.0,"gold_gain":0.0,"event_name":"Upgrade Shrine","player_choice":"Upgraded","floor":3.0,"gold_loss":0.0,"damage_taken":0.0,"cards_upgraded":["Riddle With Holes"]},{"cards_removed":["Strike_G"],"damage_healed":0.0,"max_hp_gain":0.0,"max_hp_loss":0.0,"gold_gain":0.0,"event_name":"Bonfire Elementals","player_choice":"Offered Basic","floor":5.0,"gold_loss":0.0,"damage_taken":0.0},{"damage_healed":0.0,"max_hp_gain":0.0,"max_hp_loss":0.0,"gold_gain":0.0,"event_name":"Vampires","player_choice":"Ignored","floor":20.0,"gold_loss":0.0,"damage_taken":0.0},{"damage_healed":0.0,"max_hp_gain":0.0,"max_hp_loss":0.0,"gold_gain":0.0,"cards_transformed":["Strike_G"],"event_name":"Transmorgrifier","player_choice":"Transformed","floor":22.0,"gold_loss":0.0,"damage_taken":0.0,"cards_obtained":["Accuracy"]},{"damage_healed":0.0,"max_hp_gain":0.0,"max_hp_loss":0.0,"gold_gain":0.0,"event_name":"The Woman in Blue","player_choice":"Bought 0 Potions","floor":36.0,"gold_loss":0.0,"damage_taken":0.0},{"damage_healed":0.0,"max_hp_gain":0.0,"max_hp_loss":0.0,"gold_gain":0.0,"event_name":"Accursed Blacksmith","player_choice":"Forge","floor":38.0,"gold_loss":0.0,"damage_taken":0.0,"cards_upgraded":["Malaise"]},{"damage_healed":61,"gold_gain":0,"player_choice":"Heal","damage_taken":0,"max_hp_gain":0,"max_hp_loss":9,"event_name":"The Moai Head","floor":48,"gold_loss":0}],"is_beta":false,"boss_relics":[{"not_picked":["Eternal Feather","Orrery"],"picked":"Ectoplasm"},{"not_picked":["Coffee Dripper","Runic Dome"],"picked":"Sozu"}],"items_purged_floors":[],"is_endless":false,"potions_floor_spawned":[13,16,21,25,27,37,39,42,46,47],"ascension_level":1}