{"gold_per_floor":[110,126,39,39,51,51,86,11,11,11,40,52,64,86,98,181,193,222,248,260,285,22,22],"floor_reached":23,"playtime":1192,"items_purged":["Strike_G"],"score":338,"play_id":"a4643376-3e35-453a-a4af-b83f5c3f84a1","local_time":"20190807135050","is_ascension_mode":true,"campfire_choices":[{"data":"Neutralize","floor":6,"key":"SMITH"},{"data":"Bane","floor":10,"key":"SMITH"},{"data":"Noxious Fumes","floor":13,"key":"SMITH"},{"data":"Deadly Poison","floor":15,"key":"SMITH"}],"neow_cost":"NONE","seed_source_timestamp":16612474592901,"circlet_count":0,"master_deck":["AscendersBane","Strike_G","Strike_G","Strike_G","Defend_G","Defend_G","Defend_G","Defend_G","Defend_G","Survivor","Neutralize+1","Dagger Spray","Sucker Punch","Noxious Fumes+1","Cloak And Dagger","Bane+1","Deadly Poison+1","Slice","Adrenaline","After Image","Cloak And Dagger+1","Acrobatics+1","Backstab","Slice"],"relics":["Ring of the Snake","Du-Vu Doll","Sundial","MawBank","Sozu","Nilry\u0027s Codex","Mummified Hand"],"potions_floor_usage":[7,11,16,16],"damage_taken":[{"damage":3,"enemies":"Jaw Worm","floor":1,"turns":6},{"damage":3,"enemies":"Cultist","floor":2,"turns":4},{"damage":7,"enemies":"Small Slimes","floor":5,"turns":4},{"damage":7,"enemies":"3 Sentries","floor":7,"turns":7},{"damage":36,"enemies":"Gremlin Nob","floor":11,"turns":5},{"damage":2,"enemies":"Blue Slaver","floor":14,"turns":4},{"damage":1,"enemies":"Hexaghost","floor":16,"turns":9},{"damage":6,"enemies":"Shell Parasite","floor":18,"turns":5},{"damage":0,"enemies":"3 Byrds","floor":19,"turns":4},{"damage":3,"enemies":"Cultist and Chosen","floor":21,"turns":5},{"damage":36,"enemies":"Slavers","floor":23,"turns":3}],"seed_played":"-8549359940723109590","potions_obtained":[{"floor":0,"key":"SpeedPotion"},{"floor":0,"key":"Energy Potion"},{"floor":2,"key":"EssenceOfSteel"},{"floor":7,"key":"LiquidBronze"},{"floor":11,"key":"Fruit Juice"},{"floor":14,"key":"EssenceOfSteel"}],"is_trial":false,"path_per_floor":["M","M","$","?","M","R","E","$","T","R","E","?","R","M","R","B",null,"M","M","?","M","$","E"],"character_chosen":"THE_SILENT","items_purchased":["Noxious Fumes","Cloak And Dagger","Mummified Hand","Slice"],"campfire_rested":0,"item_purchase_floors":[3,3,22,22],"current_hp_per_floor":[56,53,53,53,46,46,39,39,39,39,8,31,31,29,29,28,60,54,54,38,35,35,0],"gold":22,"neow_bonus":"THREE_SMALL_POTIONS","is_prod":false,"is_daily":false,"chose_seed":false,"campfire_upgraded":4,"win_rate":0,"timestamp":1565178650,"path_taken":["M","M","$","?","M","R","E","?","T","R","E","?","R","M","R","BOSS","M","M","?","M","$","E"],"build_version":"2019-07-17","purchased_purges":1,"victory":false,"max_hp_per_floor":[66,66,66,66,66,66,66,66,66,66,71,71,71,71,71,71,71,71,71,71,71,71,71],"card_choices":[{"not_picked":["Slice","Backflip"],"picked":"Dagger Spray","floor":1},{"not_picked":["Deflect","Backflip"],"picked":"Sucker Punch","floor":2},{"not_picked":["Accuracy","Noxious Fumes"],"picked":"Deadly Poison","floor":5},{"not_picked":["Underhanded Strike","Dodge and Roll"],"picked":"Slice","floor":7},{"not_picked":["Concentrate","Eviscerate","Outmaneuver"],"picked":"SKIP","floor":11},{"not_picked":["Poisoned Stab","Dagger Throw"],"picked":"Adrenaline","floor":14},{"not_picked":["Wraith Form v2","Glass Knife"],"picked":"After Image","floor":16},{"not_picked":["Infinite Blades+1","Backflip"],"picked":"Cloak And Dagger+1","floor":18},{"not_picked":["Noxious Fumes","Dagger Spray"],"picked":"Acrobatics+1","floor":19},{"not_picked":["Cloak And Dagger","Noxious Fumes"],"picked":"Backstab","floor":21}],"player_experience":745711,"relics_obtained":[{"floor":7,"key":"Du-Vu Doll"},{"floor":9,"key":"Sundial"},{"floor":11,"key":"MawBank"},{"floor":20,"key":"Nilry\u0027s Codex"}],"event_choices":[{"damage_healed":0,"gold_gain":0,"cards_transformed":["Strike_G"],"player_choice":"Transformed","damage_taken":0,"max_hp_gain":0,"max_hp_loss":0,"event_name":"Transmorgrifier","floor":4,"gold_loss":0,"cards_obtained":["Bane"]},{"damage_healed":23,"gold_gain":0,"player_choice":"Banana","damage_taken":0,"max_hp_gain":0,"max_hp_loss":0,"event_name":"Big Fish","floor":12,"gold_loss":0},{"damage_healed":0,"gold_gain":0,"player_choice":"Obtained Book","damage_taken":16,"max_hp_gain":0,"max_hp_loss":0,"event_name":"Cursed Tome","floor":20,"gold_loss":0}],"is_beta":false,"boss_relics":[{"not_picked":["Coffee Dripper","Velvet Choker"],"picked":"Sozu"}],"items_purged_floors":[8],"is_endless":false,"potions_floor_spawned":[2,7,11,14,18],"killed_by":"Slavers","ascension_level":14}