{"gold_per_floor":[118,68,87,98,117,145,145,175,199,199,227,244,244,264,264,368,368,381,391,391],"floor_reached":20,"playtime":1641,"items_purged":[],"score":255,"play_id":"10326f90-e9e5-4ce0-a25e-70a56ca640c7","local_time":"20190725220259","is_ascension_mode":true,"campfire_choices":[{"data":"Creative AI","floor":7,"key":"SMITH"},{"floor":13,"key":"REST"},{"data":"Hyperbeam","floor":15,"key":"SMITH"}],"neow_cost":"NONE","seed_source_timestamp":871938581818800,"circlet_count":0,"master_deck":["Defend_B","Defend_B","Defend_B","Zap","Dualcast","Storm","Melter","Steam","Creative AI+1","White Noise","Hyperbeam+1","Steam","Sweeping Beam","Coolheaded","Recycle","Buffer","Steam Power+1","Blizzard+1","Seek+1","Sweeping Beam","Barrage"],"relics":["White Beast Statue","Mercury Hourglass","Regal Pillow","Art of War","Boot","Astrolabe"],"potions_floor_usage":[5,6,6,8,11,11,16,16,19,19],"damage_taken":[{"damage":1,"enemies":"Cultist","floor":1,"turns":3},{"damage":0,"enemies":"Small Slimes","floor":3,"turns":3},{"damage":2,"enemies":"Jaw Worm","floor":4,"turns":3},{"damage":5,"enemies":"Looter","floor":5,"turns":2},{"damage":14,"enemies":"3 Sentries","floor":6,"turns":6},{"damage":23,"enemies":"Gremlin Nob","floor":8,"turns":4},{"damage":10,"enemies":"3 Sentries","floor":11,"turns":4},{"damage":8,"enemies":"Blue Slaver","floor":12,"turns":2},{"damage":0,"enemies":"2 Fungi Beasts","floor":14,"turns":1},{"damage":30,"enemies":"Slime Boss","floor":16,"turns":5},{"damage":27,"enemies":"2 Thieves","floor":18,"turns":3},{"damage":12,"enemies":"Shell Parasite","floor":19,"turns":4},{"damage":34,"enemies":"Cultist and Chosen","floor":20,"turns":4}],"seed_played":"2667180171481510642","potions_obtained":[{"floor":1,"key":"Swift Potion"},{"floor":3,"key":"Energy Potion"},{"floor":4,"key":"Fire Potion"},{"floor":5,"key":"Energy Potion"},{"floor":6,"key":"Energy Potion"},{"floor":8,"key":"EssenceOfSteel"},{"floor":11,"key":"Fire Potion"},{"floor":12,"key":"FairyPotion"},{"floor":14,"key":"PowerPotion"},{"floor":16,"key":"AttackPotion"},{"floor":18,"key":"Fire Potion"},{"floor":19,"key":"Strength Potion"}],"is_trial":false,"path_per_floor":["M","?","M","M","M","E","R","E","T","?","E","M","R","M","R","B",null,"M","M","M"],"character_chosen":"DEFECT","items_purchased":[],"campfire_rested":1,"item_purchase_floors":[],"current_hp_per_floor":[67,67,67,65,60,46,46,23,23,23,13,5,42,42,42,12,59,32,20,0],"gold":391,"neow_bonus":"BOSS_RELIC","is_prod":false,"is_daily":false,"chose_seed":false,"campfire_upgraded":2,"win_rate":0,"timestamp":1564106579,"path_taken":["M","?","M","M","M","E","R","E","T","?","E","M","R","M","R","BOSS","M","M","M"],"build_version":"2019-07-17","purchased_purges":0,"victory":false,"max_hp_per_floor":[75,75,75,75,75,75,75,75,75,75,75,75,75,75,75,75,75,75,75,75],"card_choices":[{"not_picked":["Beam Cell","Steam Power"],"picked":"Storm","floor":1},{"not_picked":["Beam Cell","Steam"],"picked":"Melter","floor":3},{"not_picked":["Stack","Skim"],"picked":"Steam","floor":4},{"not_picked":["Go for the Eyes","Doom and Gloom"],"picked":"Creative AI","floor":5},{"not_picked":["Go for the Eyes","Hologram"],"picked":"White Noise","floor":6},{"not_picked":["Melter","White Noise"],"picked":"Hyperbeam","floor":8},{"not_picked":["Hyperbeam","Turbo"],"picked":"Sweeping Beam","floor":11},{"not_picked":["Hello World","Darkness"],"picked":"Coolheaded","floor":12},{"not_picked":["Go for the Eyes","Compile Driver"],"picked":"Recycle","floor":14},{"not_picked":["Core Surge","All For One"],"picked":"Buffer","floor":16},{"not_picked":["Hello World","Go for the Eyes+1"],"picked":"Sweeping Beam","floor":18},{"not_picked":["Gash","Scrape"],"picked":"Barrage","floor":19}],"player_experience":496210,"relics_obtained":[{"floor":6,"key":"Mercury Hourglass"},{"floor":8,"key":"Regal Pillow"},{"floor":9,"key":"Art of War"},{"floor":11,"key":"Boot"}],"event_choices":[{"cards_removed":["Strike_B"],"damage_healed":0,"gold_gain":0,"player_choice":"Card Removal","damage_taken":0,"max_hp_gain":0,"max_hp_loss":0,"event_name":"The Cleric","floor":2,"gold_loss":50},{"damage_healed":0,"gold_gain":0,"cards_transformed":["Strike_B"],"player_choice":"Change","damage_taken":0,"max_hp_gain":0,"max_hp_loss":0,"event_name":"Living Wall","floor":10,"gold_loss":0,"cards_obtained":["Steam"]}],"is_beta":false,"boss_relics":[{"not_picked":["Ectoplasm","Cursed Key"],"picked":"Astrolabe"}],"items_purged_floors":[],"is_endless":false,"potions_floor_spawned":[1,3,4,5,6,8,11,12,14,16,18,19],"killed_by":"Cultist and Chosen","ascension_level":6}