{"gold_per_floor":[112,112,37,37,50,50,70,80,105,131,81,81,81,110,110,210,210,222,122,37,37,37,64,79,79,79,110,129,149,99,99,99,194,194,212,229,179,279,279,307,307,319,319,330,330,347,347,363,363,363,363,363,40,69,69],"floor_reached":55,"playtime":2267,"items_purged":["Strike_R","Strike_R","Strike_R","Defend_R","Parasite"],"score":823,"play_id":"f196a2fa-dfe7-4c2d-b241-83330e58cc00","local_time":"20181220224101","is_ascension_mode":false,"campfire_choices":[{"floor":6.0,"key":"RECALL"},{"data":"Rampage","floor":12.0,"key":"SMITH"},{"data":"Uppercut","floor":15.0,"key":"SMITH"},{"floor":32.0,"key":"REST"},{"floor":45.0,"key":"REST"},{"floor":49.0,"key":"REST"},{"floor":52.0,"key":"REST"}],"neow_cost":"NONE","seed_source_timestamp":39414177749122,"circlet_count":0,"master_deck":["Defend_R+1","Defend_R","Defend_R+1","Bash","Uppercut+1","Rampage+1","Demon Form","Whirlwind+1","Dropkick+1","Shrug It Off+1"],"special_seed":0,"relics":["Sozu","Oddly Smooth Stone","Bag of Preparation","Fusion Hammer","Matryoshka","Smiling Mask","Centennial Puzzle","Molten Egg 2","Shuriken","Black Star","Bird Faced Urn","Singing Bowl","War Paint","Question Card","Mummified Hand","Medical Kit","Gremlin Horn","Bronze Scales"],"potions_floor_usage":[],"damage_taken":[{"damage":11.0,"enemies":"Jaw Worm","floor":1.0,"turns":4.0},{"damage":2.0,"enemies":"Small Slimes","floor":5.0,"turns":3.0},{"damage":1.0,"enemies":"Cultist","floor":7.0,"turns":3.0},{"damage":2.0,"enemies":"3 Louse","floor":8.0,"turns":5.0},{"damage":14.0,"enemies":"Gremlin Nob","floor":10.0,"turns":4.0},{"damage":15.0,"enemies":"3 Sentries","floor":14.0,"turns":6.0},{"damage":16.0,"enemies":"Hexaghost","floor":16.0,"turns":8.0},{"damage":16.0,"enemies":"3 Byrds","floor":18.0,"turns":6.0},{"damage":0.0,"enemies":"Book of Stabbing","floor":23.0,"turns":5.0},{"damage":1.0,"enemies":"Spheric Guardian","floor":24.0,"turns":4.0},{"damage":32.0,"enemies":"Slavers","floor":27.0,"turns":6.0},{"damage":3.0,"enemies":"Snake Plant","floor":28.0,"turns":3.0},{"damage":2.0,"enemies":"Shelled Parasite and Fungi","floor":29.0,"turns":4.0},{"damage":25.0,"enemies":"Champ","floor":33.0,"turns":7.0},{"damage":17.0,"enemies":"3 Darklings","floor":35.0,"turns":4.0},{"damage":5.0,"enemies":"Orb Walker","floor":36.0,"turns":4.0},{"damage":0.0,"enemies":"Mind Bloom Boss Battle","floor":38.0,"turns":4.0},{"damage":28.0,"enemies":"Nemesis","floor":40.0,"turns":7.0},{"damage":5.0,"enemies":"Sphere and 2 Shapes","floor":42.0,"turns":6.0},{"damage":16.0,"enemies":"Spire Growth","floor":44.0,"turns":4.0},{"damage":18.0,"enemies":"Writhing Mass","floor":46.0,"turns":4.0},{"damage":0.0,"enemies":"Maw","floor":48.0,"turns":5.0},{"damage":50.0,"enemies":"Awakened One","floor":50.0,"turns":10.0},{"damage":67.0,"enemies":"Shield and Spear","floor":54.0,"turns":5.0},{"damage":54,"enemies":"The Heart","floor":55,"turns":3}],"seed_played":"8040403189256350417","potions_obtained":[],"is_trial":false,"path_per_floor":["M","?","$","?","M","R","M","M","T","E","?","R","$","E","R","B",null,"M","$","?","?","$","E","M","?","T","E","M","M","$","?","R","B",null,"M","M","$","?","?","E","?","M","T","M","R","M","?","M","R","B",null,"R","$","E","B"],"character_chosen":"IRONCLAD","items_purchased":["Medical Kit","Dropkick+1"],"campfire_rested":4,"item_purchase_floors":[53,53],"current_hp_per_floor":[69,74,74,74,72,72,71,69,69,55,55,55,55,40,40,24,85,69,69,69,69,69,69,68,68,68,36,33,31,31,15,42,17,90,73,68,68,68,68,44,44,43,43,31,59,45,41,45,76,28,106,106,103,36,0],"gold":69,"neow_bonus":"BOSS_RELIC","is_prod":false,"is_daily":false,"chose_seed":false,"campfire_upgraded":2,"win_rate":0,"timestamp":1545374461,"path_taken":["M","?","$","?","M","R","?","M","T","E","?","R","?","E","R","BOSS","M","?","?","?","?","E","M","?","T","E","?","M","$","?","R","BOSS","M","M","$","?","?","E","?","?","T","M","R","M","?","M","R","BOSS","R","$","E","BOSS"],"build_version":"2018-12-20","purchased_purges":5,"victory":false,"max_hp_per_floor":[80,85,85,85,85,85,85,85,85,85,85,85,85,85,85,85,85,85,85,85,85,85,85,85,85,85,85,85,85,85,90,90,90,90,90,90,90,90,90,92,92,94,94,96,96,98,104,106,106,106,106,106,103,103,103],"card_choices":[{"not_picked":["Anger","Pommel Strike","Twin Strike"],"picked":"SKIP","floor":1.0},{"not_picked":["Anger","Sword Boomerang","True Grit"],"picked":"SKIP","floor":5.0},{"not_picked":["Havoc","Sentinel","Heavy Blade"],"picked":"SKIP","floor":7.0},{"not_picked":["Bloodletting","Headbutt"],"picked":"Uppercut","floor":8.0},{"not_picked":["Cleave","Thunderclap"],"picked":"Rampage","floor":10.0},{"not_picked":["Sentinel","Impervious","Wild Strike"],"picked":"SKIP","floor":14.0},{"not_picked":["Fiend Fire","Dark Embrace"],"picked":"Demon Form","floor":16.0},{"not_picked":["Second Wind","Iron Wave","Shrug It Off+1"],"picked":"SKIP","floor":18.0},{"not_picked":["Second Wind","Iron Wave"],"picked":"Shrug It Off+1","floor":18.0},{"not_picked":["Shockwave+1","Cleave","Headbutt"],"picked":"SKIP","floor":23.0},{"not_picked":["Heavy Blade","Blood for Blood","True Grit"],"picked":"SKIP","floor":24.0},{"not_picked":["Clothesline+1","Sever Soul+1"],"picked":"Whirlwind+1","floor":27.0},{"not_picked":["Warcry","Sword Boomerang+1","Corruption"],"picked":"SKIP","floor":28.0},{"not_picked":["Limit Break","Burning Pact","Sword Boomerang+1"],"picked":"SKIP","floor":29.0},{"not_picked":["Flex","Reckless Charge+1","Sever Soul+1"],"picked":"SKIP","floor":35.0},{"not_picked":["True Grit","Warcry+1","Double Tap"],"picked":"SKIP","floor":36.0},{"not_picked":["Burning Pact+1","Shrug It Off","Reaper+1"],"picked":"Singing Bowl","floor":40.0},{"not_picked":["Shrug It Off","Body Slam+1","Heavy Blade+1"],"picked":"Singing Bowl","floor":42.0},{"not_picked":["Headbutt+1","Pommel Strike+1","Perfected Strike+1","Shrug It Off+1"],"picked":"Singing Bowl","floor":44.0},{"not_picked":["Spot Weakness","Disarm+1","Battle Trance+1","Flex+1"],"picked":"Singing Bowl","floor":46.0},{"not_picked":["Dramatic Entrance+1","Discovery","Mind Blast+1","Thinking Ahead"],"picked":"Singing Bowl","floor":47.0},{"not_picked":["Swift Strike+1","Metamorphosis","Transmutation","Panacea"],"picked":"Singing Bowl","floor":47.0},{"not_picked":["Sadistic Nature","The Bomb","Secret Weapon","Madness"],"picked":"Singing Bowl","floor":47.0},{"not_picked":["Anger+1","Thunderclap+1","Clothesline+1","Battle Trance+1"],"picked":"Singing Bowl","floor":48.0},{"not_picked":["Sentinel","Rampage+1","Havoc+1"],"picked":"Shrug It Off+1","floor":54.0}],"player_experience":522398,"relics_obtained":[{"floor":10.0,"key":"Oddly Smooth Stone"},{"floor":14.0,"key":"Bag of Preparation"},{"floor":23.0,"key":"Smiling Mask"},{"floor":26.0,"key":"Centennial Puzzle"},{"floor":26.0,"key":"Molten Egg 2"},{"floor":27.0,"key":"Shuriken"},{"floor":38.0,"key":"Bird Faced Urn"},{"floor":40.0,"key":"Singing Bowl"},{"floor":40.0,"key":"War Paint"},{"floor":43.0,"key":"Question Card"},{"floor":43.0,"key":"Mummified Hand"},{"floor":54.0,"key":"Gremlin Horn"},{"floor":54.0,"key":"Bronze Scales"}],"event_choices":[{"damage_healed":0.0,"max_hp_gain":5.0,"max_hp_loss":0.0,"gold_gain":0.0,"event_name":"Big Fish","player_choice":"Donut","floor":2.0,"gold_loss":0.0,"damage_taken":0.0},{"damage_healed":0.0,"max_hp_gain":0.0,"max_hp_loss":0.0,"gold_gain":0.0,"event_name":"WeMeetAgain","player_choice":"Ignored","floor":4.0,"gold_loss":0.0,"damage_taken":0.0},{"cards_removed":["Strike_R"],"damage_healed":0.0,"max_hp_gain":0.0,"max_hp_loss":0.0,"gold_gain":0.0,"event_name":"The Cleric","player_choice":"Card Removal","floor":11.0,"gold_loss":50.0,"damage_taken":0.0},{"damage_healed":0.0,"max_hp_gain":0.0,"max_hp_loss":0.0,"gold_gain":0.0,"event_name":"Addict","player_choice":"Obtained Relic","floor":20.0,"gold_loss":85.0,"damage_taken":0.0,"relics_obtained":["Matryoshka"]},{"damage_healed":0.0,"max_hp_gain":0.0,"max_hp_loss":0.0,"gold_gain":0.0,"event_name":"Vampires","player_choice":"Ignored","floor":21.0,"gold_loss":0.0,"damage_taken":0.0},{"damage_healed":0.0,"max_hp_gain":0.0,"max_hp_loss":0.0,"gold_gain":0.0,"event_name":"Lab","player_choice":"Got Potions","floor":25.0,"gold_loss":0.0,"damage_taken":0.0},{"damage_healed":0.0,"max_hp_gain":5.0,"max_hp_loss":0.0,"gold_gain":0.0,"event_name":"Forgotten Altar","player_choice":"Shed Blood","floor":31.0,"gold_loss":0.0,"damage_taken":21.0},{"damage_healed":0.0,"max_hp_gain":0.0,"max_hp_loss":0.0,"gold_gain":0.0,"event_name":"MindBloom","player_choice":"Fight","floor":38.0,"gold_loss":0.0,"damage_taken":0.0},{"cards_removed":["Shrug It Off"],"damage_healed":0.0,"max_hp_gain":0.0,"max_hp_loss":0.0,"gold_gain":0.0,"event_name":"Falling","player_choice":"Removed Skill","floor":39.0,"gold_loss":0.0,"damage_taken":0.0},{"cards_removed":["Strike_R"],"damage_healed":0.0,"max_hp_gain":0.0,"max_hp_loss":0.0,"gold_gain":0.0,"event_name":"Purifier","player_choice":"Purged","floor":41.0,"gold_loss":0.0,"damage_taken":0.0},{"damage_healed":0.0,"max_hp_gain":0.0,"max_hp_loss":0.0,"gold_gain":0.0,"event_name":"SensoryStone","player_choice":"Memory 3","floor":47.0,"gold_loss":0.0,"damage_taken":10.0}],"is_beta":false,"boss_relics":[{"not_picked":["Eternal Feather","Coffee Dripper"],"picked":"Fusion Hammer"},{"not_picked":["White Beast Statue","Pandora\u0027s Box"],"picked":"Black Star"}],"items_purged_floors":[3,19,30,37,53],"is_endless":false,"potions_floor_spawned":[7,8,10,23,24,28,33,38,42,46,54],"killed_by":"The Heart","ascension_level":0}