{"gold_per_floor":[116,130,13,29,29,60,60,40,40,40,40,60,60,60,60,60],"floor_reached":16,"playtime":479,"items_purged":["Strike_G"],"score":185,"play_id":"4047a033-9355-47d8-9a70-183c2b3339b8","local_time":"20190119204745","is_ascension_mode":true,"campfire_choices":[{"data":"All Out Attack","floor":7.0,"key":"SMITH"},{"data":"Neutralize","floor":13,"key":"SMITH"},{"floor":15,"key":"REST"}],"neow_cost":"NONE","seed_source_timestamp":26607253183003,"circlet_count":0,"master_deck":["AscendersBane","Defend_G","Defend_G","Defend_G","Defend_G","Defend_G","Strike_G","Strike_G","Strike_G","Strike_G","Survivor","Neutralize+1","Quick Slash","Backstab+1","All Out Attack+1","Well Laid Plans","Backflip","Deflect"],"special_seed":0,"relics":["Ring of the Snake","NeowsBlessing","Lantern","Omamori","The Courier"],"potions_floor_usage":[],"damage_taken":[{"damage":0.0,"enemies":"2 Louse","floor":1.0,"turns":1.0},{"damage":0.0,"enemies":"Small Slimes","floor":2.0,"turns":1.0},{"damage":0.0,"enemies":"Jaw Worm","floor":4.0,"turns":1.0},{"damage":32.0,"enemies":"Lagavulin","floor":6.0,"turns":8.0},{"damage":9,"enemies":"Exordium Thugs","floor":8,"turns":4},{"damage":1,"enemies":"Looter","floor":12,"turns":3},{"damage":28,"enemies":"Hexaghost","floor":16,"turns":14}],"seed_played":"5254645919606220310","potions_obtained":[{"floor":2.0,"key":"Fire Potion"},{"floor":8,"key":"Ancient Potion"},{"floor":12,"key":"SkillPotion"}],"is_trial":false,"path_per_floor":["M","M","$","M","?","E","R","M","T","?","$","M","R","?","R","B"],"character_chosen":"THE_SILENT","items_purchased":["All Out Attack"],"campfire_rested":1,"item_purchase_floors":[3],"current_hp_per_floor":[59,59,59,59,59,27,27,18,18,18,18,17,17,6,25,0],"gold":60,"neow_bonus":"THREE_ENEMY_KILL","is_prod":false,"is_daily":false,"chose_seed":false,"campfire_upgraded":2,"win_rate":0,"timestamp":1547920065,"path_taken":["M","M","$","M","?","E","R","M","T","?","$","M","R","?","R","BOSS"],"build_version":"2019-01-17v2","purchased_purges":1,"victory":false,"max_hp_per_floor":[66,66,66,66,66,66,66,66,66,66,66,66,66,66,66,66],"card_choices":[{"not_picked":["Heel Hook","Sucker Punch"],"picked":"Quick Slash","floor":1.0},{"not_picked":["Dagger Throw","Corpse Explosion"],"picked":"Backstab","floor":2.0},{"not_picked":["Infinite Blades","Deadly Poison"],"picked":"Well Laid Plans","floor":4.0},{"not_picked":["Flying Knee","Dodge and Roll","All Out Attack"],"picked":"SKIP","floor":6.0},{"not_picked":["Dodge and Roll","Cloak And Dagger"],"picked":"Backflip","floor":8},{"not_picked":["Infinite Blades","Masterful Stab"],"picked":"Deflect","floor":12}],"player_experience":705668,"relics_obtained":[{"floor":6.0,"key":"Lantern"},{"floor":9,"key":"Omamori"}],"event_choices":[{"damage_healed":0.0,"max_hp_gain":0.0,"max_hp_loss":0.0,"gold_gain":0.0,"event_name":"The Cleric","player_choice":"Leave","floor":5.0,"gold_loss":0.0,"damage_taken":0.0},{"damage_healed":0,"gold_gain":0,"player_choice":"Grow","damage_taken":0,"max_hp_gain":0,"max_hp_loss":0,"event_name":"Living Wall","floor":10,"gold_loss":0,"cards_upgraded":["Backstab"]},{"damage_healed":0,"gold_gain":0,"player_choice":"Success","damage_taken":11,"relics_obtained":["The Courier"],"max_hp_gain":0,"max_hp_loss":0,"event_name":"Scrap Ooze","floor":14,"gold_loss":0}],"is_beta":false,"boss_relics":[],"items_purged_floors":[3],"is_endless":false,"potions_floor_spawned":[2,8,12],"killed_by":"Hexaghost","ascension_level":17}