{"gold_per_floor":[117,134,134,134,154,180,180,200,223,241,271,271,271],"floor_reached":13,"playtime":441,"items_purged":[],"score":166,"play_id":"312c27ee-48b6-4a5c-a308-335af1f499e0","local_time":"20190728000829","is_ascension_mode":true,"campfire_choices":[{"floor":7.0,"key":"REST"},{"data":"Cloak And Dagger","floor":12,"key":"SMITH"}],"neow_cost":"NONE","seed_source_timestamp":6001923263801,"circlet_count":0,"master_deck":["AscendersBane","Strike_G","Strike_G","Strike_G","Strike_G","Defend_G","Defend_G","Defend_G","Defend_G","Defend_G","Survivor","Neutralize","Bouncing Flask","Acrobatics","Regret","Blur","Infinite Blades","Grand Finale","Cloak And Dagger+1"],"special_seed":0,"relics":["Ring of the Snake","Centennial Puzzle","Omamori","Orichalcum","Blood Vial"],"potions_floor_usage":[13],"damage_taken":[{"damage":13.0,"enemies":"Jaw Worm","floor":1.0,"turns":8.0},{"damage":3.0,"enemies":"Cultist","floor":2.0,"turns":4.0},{"damage":13.0,"enemies":"2 Louse","floor":5.0,"turns":2.0},{"damage":21.0,"enemies":"Lagavulin","floor":6.0,"turns":8.0},{"damage":3.0,"enemies":"Blue Slaver","floor":8.0,"turns":4.0},{"damage":2.0,"enemies":"3 Louse","floor":10.0,"turns":4.0},{"damage":20,"enemies":"3 Sentries","floor":13,"turns":5}],"seed_played":"7881365497841741616","potions_obtained":[{"floor":5.0,"key":"SteroidPotion"},{"floor":6.0,"key":"Swift Potion"}],"is_trial":false,"path_per_floor":["M","M","?","?","M","E","R","M","T","M","?","R","E"],"character_chosen":"THE_SILENT","items_purchased":[],"campfire_rested":1,"item_purchase_floors":[],"current_hp_per_floor":[46,43,36,36,23,2,21,18,18,18,18,18,0],"gold":271,"neow_bonus":"RANDOM_COMMON_RELIC","is_prod":false,"is_daily":false,"chose_seed":false,"campfire_upgraded":1,"win_rate":0,"timestamp":1564297709,"path_taken":["M","M","?","?","?","E","R","M","T","?","?","R","E"],"build_version":"2019-07-17","purchased_purges":0,"victory":false,"max_hp_per_floor":[66,66,66,66,66,66,66,66,66,66,66,66,66],"card_choices":[{"not_picked":["Cloak And Dagger","Underhanded Strike"],"picked":"Bouncing Flask","floor":1.0},{"not_picked":["Dagger Throw","Quick Slash"],"picked":"Acrobatics","floor":2.0},{"not_picked":["Outmaneuver","Quick Slash"],"picked":"Blur","floor":5.0},{"not_picked":["Riddle With Holes","Dagger Spray"],"picked":"Infinite Blades","floor":6.0},{"not_picked":["Riddle With Holes","Underhanded Strike"],"picked":"Grand Finale","floor":8.0},{"not_picked":["Slice","Poisoned Stab"],"picked":"Cloak And Dagger","floor":10.0}],"player_experience":684334,"relics_obtained":[{"floor":6.0,"key":"Orichalcum"},{"floor":9.0,"key":"Blood Vial"}],"event_choices":[{"cards_removed":["Strike_G"],"damage_healed":0.0,"max_hp_gain":0.0,"max_hp_loss":0.0,"gold_gain":0.0,"event_name":"Golden Wing","player_choice":"Card Removal","floor":3.0,"gold_loss":0.0,"damage_taken":7.0},{"damage_healed":0.0,"max_hp_gain":0.0,"max_hp_loss":0.0,"gold_gain":0.0,"event_name":"Big Fish","player_choice":"Box","floor":4.0,"gold_loss":0.0,"damage_taken":0.0,"relics_obtained":["Omamori"],"cards_obtained":["Regret"]},{"damage_healed":0,"gold_gain":30,"player_choice":"Searched \u00271\u0027 times","damage_taken":0,"max_hp_gain":0,"max_hp_loss":0,"event_name":"Dead Adventurer","floor":11,"gold_loss":0}],"is_beta":false,"boss_relics":[],"items_purged_floors":[],"is_endless":false,"potions_floor_spawned":[5,6],"killed_by":"3 Sentries","ascension_level":19}