{"gold_per_floor":[116,116,116,4,19,19,30,48,73,73,84,84,111,122,122,226,226,237,152,167,183,108,108,136,41,65,65,65,96,111,121,121,222,222,236,34,34,50,64,64,94,105,105,105,115,142,162,86,86,86,86,86,48,74,74],"floor_reached":56,"playtime":5252,"items_purged":["Strike_G"],"score":1429,"play_id":"c6193db4-4ba8-4e1d-b56c-fb4b549e8677","local_time":"20190719150211","is_ascension_mode":true,"campfire_choices":[{"data":"Footwork","floor":6,"key":"SMITH"},{"data":"Cloak And Dagger","floor":10,"key":"SMITH"},{"data":"Bouncing Flask","floor":12,"key":"SMITH"},{"data":"Neutralize","floor":15,"key":"SMITH"},{"data":"Noxious Fumes","floor":23,"key":"SMITH"},{"data":"Infinite Blades","floor":27,"key":"SMITH"},{"data":"Noxious Fumes","floor":32,"key":"SMITH"},{"data":"Well Laid Plans","floor":40,"key":"SMITH"},{"floor":44,"key":"RECALL"},{"data":"Catalyst","floor":49,"key":"SMITH"},{"data":"Deflect","floor":52,"key":"SMITH"}],"neow_cost":"NONE","seed_source_timestamp":16698659772722,"circlet_count":0,"master_deck":["Defend_G+1","Defend_G","Defend_G","Defend_G","Survivor+1","Neutralize+1","Bouncing Flask","Bouncing Flask+1","Footwork+1","Backstab","Deflect+1","Cloak And Dagger+1","Backflip","Dagger Throw","Adrenaline","Quick Slash","Noxious Fumes+1","Infinite Blades+1","Noxious Fumes+1","Dodge and Roll","Dagger Spray","Dash","Well Laid Plans+1","PiercingWail","Dash+1","Acrobatics+1","Adrenaline","Catalyst+1","Leg Sweep","After Image"],"relics":["Ring of the Snake","Bronze Scales","Lantern","Busted Crown","Mummified Hand","Gremlin Horn","FossilizedHelix","Empty Cage","Regal Pillow","Boot","Mango","Happy Flower"],"potions_floor_usage":[24,54,55,55],"damage_taken":[{"damage":0,"enemies":"Jaw Worm","floor":1,"turns":5},{"damage":0,"enemies":"Small Slimes","floor":5,"turns":2},{"damage":0,"enemies":"Cultist","floor":7,"turns":4},{"damage":1,"enemies":"Large Slime","floor":8,"turns":8},{"damage":0,"enemies":"Looter","floor":11,"turns":3},{"damage":13,"enemies":"Gremlin Nob","floor":13,"turns":5},{"damage":0,"enemies":"Lots of Slimes","floor":14,"turns":3},{"damage":7,"enemies":"Hexaghost","floor":16,"turns":7},{"damage":0,"enemies":"Spheric Guardian","floor":18,"turns":3},{"damage":0,"enemies":"3 Byrds","floor":20,"turns":3},{"damage":0,"enemies":"Shelled Parasite and Fungi","floor":21,"turns":5},{"damage":9,"enemies":"Slavers","floor":24,"turns":5},{"damage":0,"enemies":"Book of Stabbing","floor":29,"turns":5},{"damage":0,"enemies":"Sentry and Sphere","floor":30,"turns":5},{"damage":0,"enemies":"Centurion and Healer","floor":31,"turns":5},{"damage":0,"enemies":"Champ","floor":33,"turns":12},{"damage":0,"enemies":"3 Darklings","floor":35,"turns":4},{"damage":0,"enemies":"Orb Walker","floor":38,"turns":3},{"damage":0,"enemies":"Sphere and 2 Shapes","floor":39,"turns":5},{"damage":0,"enemies":"Reptomancer","floor":41,"turns":7},{"damage":5,"enemies":"4 Shapes","floor":42,"turns":5},{"damage":0,"enemies":"Spire Growth","floor":45,"turns":4},{"damage":0,"enemies":"Giant Head","floor":46,"turns":8},{"damage":0,"enemies":"Sphere and 2 Shapes","floor":47,"turns":4},{"damage":9,"enemies":"Donu and Deca","floor":50,"turns":8},{"damage":0,"enemies":"Shield and Spear","floor":54,"turns":6},{"damage":27,"enemies":"The Heart","floor":55,"turns":10}],"seed_played":"-2076247076462465958","potions_obtained":[{"floor":1,"key":"GhostInAJar"},{"floor":5,"key":"GhostInAJar"},{"floor":7,"key":"Energy Potion"},{"floor":24,"key":"Energy Potion"},{"floor":41,"key":"AttackPotion"}],"is_trial":false,"path_per_floor":["M","?","?","$","M","R","M","M","T","R","M","R","E","M","R","B",null,"M","?","M","M","?","R","E","$","T","R","?","E","M","M","R","B",null,"M","$","?","M","M","R","E","M","T","R","M","E","M","$","R","B",null,"R","$","E","B",null],"character_chosen":"THE_SILENT","items_purchased":["Footwork","Backstab","Noxious Fumes","Dodge and Roll","Well Laid Plans","PiercingWail","Catalyst","Leg Sweep"],"campfire_rested":0,"item_purchase_floors":[4,4,25,25,36,36,48,53],"current_hp_per_floor":[70,56,61,61,61,61,61,60,60,60,60,60,47,47,47,40,75,75,75,75,75,75,75,66,66,66,66,66,66,66,66,66,66,75,75,75,75,75,75,75,75,70,70,70,70,84,84,84,84,75,89,89,89,89,62],"gold":74,"neow_bonus":"THREE_CARDS","is_prod":false,"is_daily":false,"chose_seed":false,"campfire_upgraded":10,"win_rate":0,"timestamp":1563541331,"path_taken":["M","?","?","?","M","R","?","M","T","R","M","R","E","M","R","BOSS","M","?","M","M","?","R","E","$","T","R","?","E","M","M","R","BOSS","M","?","?","M","M","R","E","?","T","R","?","E","M","$","R","BOSS","R","$","E","BOSS"],"build_version":"2019-07-17","purchased_purges":1,"victory":true,"max_hp_per_floor":[70,70,75,75,75,75,75,75,75,75,75,75,75,75,75,75,75,75,75,75,75,75,75,75,75,75,75,75,75,75,75,75,75,75,75,75,75,75,75,75,75,75,75,75,75,89,89,89,89,89,89,89,89,89,89],"card_choices":[{"not_picked":["Underhanded Strike","Calculated Gamble"],"picked":"Bouncing Flask","floor":0},{"not_picked":["Terror","Outmaneuver","Bouncing Flask"],"picked":"SKIP","floor":1},{"not_picked":["Terror","Outmaneuver"],"picked":"Bouncing Flask","floor":1},{"not_picked":["Expertise","Flying Knee","Accuracy"],"picked":"SKIP","floor":5},{"not_picked":["Blade Dance","Flying Knee"],"picked":"Deflect","floor":7},{"not_picked":["Expertise","Grand Finale"],"picked":"Cloak And Dagger","floor":8},{"not_picked":["Prepared","Blade Dance"],"picked":"Backflip","floor":11},{"not_picked":["Terror","Finisher","Underhanded Strike"],"picked":"SKIP","floor":13},{"not_picked":["Slice","Sucker Punch"],"picked":"Dagger Throw","floor":14},{"not_picked":["Unload","Bullet Time"],"picked":"Adrenaline","floor":16},{"not_picked":[],"picked":"Quick Slash","floor":18},{"not_picked":["Deadly Poison"],"picked":"SKIP","floor":20},{"not_picked":[],"picked":"Noxious Fumes","floor":21},{"not_picked":[],"picked":"Infinite Blades","floor":24},{"not_picked":[],"picked":"Dash","floor":29},{"not_picked":["All Out Attack"],"picked":"SKIP","floor":30},{"not_picked":["Eviscerate+1"],"picked":"SKIP","floor":31},{"not_picked":["Deadly Poison+1"],"picked":"SKIP","floor":35},{"not_picked":[],"picked":"Dash+1","floor":38},{"not_picked":["Blade Dance+1"],"picked":"SKIP","floor":39},{"not_picked":[],"picked":"Acrobatics+1","floor":41},{"not_picked":["Setup+1"],"picked":"SKIP","floor":42},{"not_picked":["Calculated Gamble"],"picked":"SKIP","floor":45},{"not_picked":["Cloak And Dagger"],"picked":"SKIP","floor":46},{"not_picked":["Cloak And Dagger"],"picked":"SKIP","floor":46},{"not_picked":[],"picked":"Adrenaline","floor":47},{"not_picked":[],"picked":"After Image","floor":54}],"player_experience":542939,"relics_obtained":[{"floor":9,"key":"Bronze Scales"},{"floor":13,"key":"Lantern"},{"floor":24,"key":"Gremlin Horn"},{"floor":29,"key":"FossilizedHelix"},{"floor":41,"key":"Regal Pillow"},{"floor":43,"key":"Boot"},{"floor":46,"key":"Mango"},{"floor":54,"key":"Happy Flower"}],"event_choices":[{"damage_healed":0,"gold_gain":0,"player_choice":"Entered Light","damage_taken":14,"max_hp_gain":0,"max_hp_loss":0,"event_name":"Shining Light","floor":2,"gold_loss":0,"cards_upgraded":["Defend_G","Survivor"]},{"damage_healed":0,"gold_gain":0,"player_choice":"Donut","damage_taken":0,"max_hp_gain":5,"max_hp_loss":0,"event_name":"Big Fish","floor":3,"gold_loss":0},{"damage_healed":0,"gold_gain":0,"player_choice":"Obtained Relic","damage_taken":0,"relics_obtained":["Mummified Hand"],"max_hp_gain":0,"max_hp_loss":0,"event_name":"Addict","floor":19,"gold_loss":85},{"cards_removed":["Strike_G"],"damage_healed":0,"gold_gain":0,"player_choice":"Gave Gold","damage_taken":0,"max_hp_gain":0,"max_hp_loss":0,"event_name":"Beggar","floor":22,"gold_loss":75},{"damage_healed":0,"gold_gain":0,"cards_transformed":["Strike_G"],"player_choice":"Transformed","damage_taken":0,"max_hp_gain":0,"max_hp_loss":0,"event_name":"Transmorgrifier","floor":28,"gold_loss":0,"cards_obtained":["Dagger Spray"]},{"cards_removed":["Defend_G"],"damage_healed":0,"gold_gain":0,"player_choice":"Card Removal","damage_taken":0,"max_hp_gain":0,"max_hp_loss":0,"event_name":"Wheel of Change","floor":37,"gold_loss":0}],"is_beta":false,"boss_relics":[{"not_picked":["Coffee Dripper","Runic Dome"],"picked":"Busted Crown"},{"not_picked":["Velvet Choker","Cursed Key"],"picked":"Empty Cage"}],"items_purged_floors":[36],"is_endless":false,"potions_floor_spawned":[1,5,7,16,20,24,29,39,41,46],"ascension_level":1}