{"gold_per_floor":[116,116,116,41,57,57,57,57,57,68,79,94,108,108,108,108],"floor_reached":16,"playtime":408,"items_purged":["Defend_G"],"score":92,"play_id":"c1309e5e-d7f2-40ff-bbaf-fbb9ca75e6d1","local_time":"20181114141501","is_ascension_mode":false,"campfire_choices":[{"data":"Neutralize","floor":6,"key":"SMITH"},{"data":"Survivor","floor":15,"key":"SMITH"}],"neow_cost":"NONE","seed_source_timestamp":79053584452907,"circlet_count":0,"master_deck":["Defend_G","Defend_G","Defend_G","Defend_G","Strike_G","Strike_G","Strike_G","Strike_G","Survivor+1","Neutralize+1","Tactician+1","Backstab+1"],"relics":["Eternal Feather","Juzu Bracelet","Molten Egg 2"],"potions_floor_usage":[16,16],"damage_taken":[{"damage":4,"enemies":"Small Slimes","floor":1,"turns":4},{"damage":4,"enemies":"2 Louse","floor":5,"turns":3},{"damage":0,"enemies":"Cultist","floor":10,"turns":4},{"damage":19,"enemies":"3 Louse","floor":11,"turns":4},{"damage":3,"enemies":"Red Slaver","floor":12,"turns":4},{"damage":4,"enemies":"Blue Slaver","floor":13,"turns":4},{"damage":43,"enemies":"Hexaghost","floor":16,"turns":13}],"seed_played":"-7268891348923499795","potions_obtained":[{"floor":5,"key":"Strength Potion"},{"floor":12,"key":"Fire Potion"}],"is_trial":false,"path_per_floor":["M","?","?","$","M","R","$","?","T","M","M","M","M","?","R","B"],"character_chosen":"THE_SILENT","items_purchased":[],"campfire_rested":0,"item_purchase_floors":[],"current_hp_per_floor":[66,66,70,70,66,70,70,63,63,63,44,41,37,37,43,0],"gold":108,"neow_bonus":"BOSS_RELIC","is_prod":false,"is_daily":false,"chose_seed":false,"campfire_upgraded":2,"win_rate":0,"timestamp":1542233701,"path_taken":["M","?","?","$","?","R","$","?","T","M","M","M","M","?","R","BOSS"],"build_version":"2018-11-08","purchased_purges":1,"victory":false,"max_hp_per_floor":[70,70,70,70,70,70,70,70,70,70,70,70,70,70,70,70],"card_choices":[{"not_picked":["Sucker Punch","Skewer","Leg Sweep"],"picked":"SKIP","floor":1},{"not_picked":["Endless Agony","Acrobatics"],"picked":"Tactician","floor":5},{"not_picked":["Sucker Punch+1","PiercingWail","Deadly Poison"],"picked":"SKIP","floor":10},{"not_picked":["Deflect","PiercingWail"],"picked":"Backstab+1","floor":11},{"not_picked":["Poisoned Stab+1","Deflect","Slice+1"],"picked":"SKIP","floor":12},{"not_picked":["Prepared","Terror","Dagger Throw+1"],"picked":"SKIP","floor":13}],"player_experience":436172,"relics_obtained":[{"floor":9,"key":"Molten Egg 2"}],"event_choices":[{"cards_removed":["Strike_G"],"damage_healed":0,"gold_gain":0,"player_choice":"Forget","damage_taken":0,"max_hp_gain":0,"max_hp_loss":0,"event_name":"Living Wall","floor":2,"gold_loss":0},{"damage_healed":4,"gold_gain":0,"player_choice":"Full Heal","damage_taken":0,"max_hp_gain":0,"max_hp_loss":0,"event_name":"Wheel of Change","floor":3,"gold_loss":0},{"damage_healed":0,"gold_gain":0,"player_choice":"Success","damage_taken":7,"relics_obtained":["Juzu Bracelet"],"max_hp_gain":0,"max_hp_loss":0,"event_name":"Scrap Ooze","floor":8,"gold_loss":0},{"damage_healed":0,"gold_gain":0,"player_choice":"Forge","damage_taken":0,"max_hp_gain":0,"max_hp_loss":0,"event_name":"Accursed Blacksmith","floor":14,"gold_loss":0,"cards_upgraded":["Tactician"]}],"is_beta":false,"boss_relics":[],"items_purged_floors":[4],"is_endless":false,"potions_floor_spawned":[5,12],"killed_by":"Hexaghost","ascension_level":0}