{"gold_per_floor":[115,130,140,215,215,215,243,243,267,281,312,325,325,325,325,424,424,434,452,452,452,367,367,367,367,367,393,46,46,46,145,145,249,249,269,284,184,184,584,584,601,635,635,635,635,10,45,65,65,65],"floor_reached":51,"playtime":1500,"items_purged":["Strike_R","Strike_R","Strike_R"],"score":1283,"play_id":"0d130130-8a58-46ce-8b63-38de3b13d7fc","local_time":"20181216131324","is_ascension_mode":true,"campfire_choices":[{"data":"Pommel Strike","floor":6.0,"key":"SMITH"},{"floor":8.0,"key":"REST"},{"data":"Uppercut","floor":15.0,"key":"SMITH"},{"floor":23.0,"key":"REST"},{"data":"Immolate","floor":25.0,"key":"SMITH"},{"data":"Flame Barrier","floor":29.0,"key":"SMITH"},{"data":"Disarm","floor":32.0,"key":"SMITH"},{"data":"Discovery","floor":40.0,"key":"SMITH"},{"floor":44.0,"key":"REST"},{"data":"Demon Form","floor":45,"key":"SMITH"},{"floor":49,"key":"REST"}],"neow_cost":"NONE","seed_source_timestamp":5961157064038,"circlet_count":0,"master_deck":["AscendersBane","Strike_R","Defend_R","Defend_R","Defend_R","Defend_R","Bash+1","Spot Weakness","Pommel Strike+1","Uppercut+1","True Grit+1","Disarm+1","Immolate+1","Sword Boomerang+1","Armaments+1","Flame Barrier+1","Demon Form+1","Discovery+1","Shrug It Off","Dropkick","Ghostly Armor"],"special_seed":0,"relics":["Burning Blood","NeowsBlessing","Art of War","Meat on the Bone","Juzu Bracelet","Incense Burner","Cursed Key","WingedGreaves","Whetstone","Lee\u0027s Waffle","MutagenicStrength","Sozu","Old Coin","Shovel","Strawberry","ClockworkSouvenir","Smiling Mask"],"potions_floor_usage":[],"damage_taken":[{"damage":0.0,"enemies":"Cultist","floor":1.0,"turns":1.0},{"damage":0.0,"enemies":"2 Louse","floor":2.0,"turns":1.0},{"damage":0.0,"enemies":"Small Slimes","floor":3.0,"turns":1.0},{"damage":32.0,"enemies":"Gremlin Nob","floor":7.0,"turns":4.0},{"damage":17.0,"enemies":"Exordium Thugs","floor":10.0,"turns":5.0},{"damage":28.0,"enemies":"3 Sentries","floor":11.0,"turns":7.0},{"damage":5.0,"enemies":"2 Fungi Beasts","floor":12.0,"turns":3.0},{"damage":60.0,"enemies":"Slime Boss","floor":16.0,"turns":16.0},{"damage":26.0,"enemies":"Spheric Guardian","floor":18.0,"turns":4.0},{"damage":4.0,"enemies":"2 Thieves","floor":19.0,"turns":3.0},{"damage":56.0,"enemies":"Slavers","floor":27.0,"turns":5.0},{"damage":84.0,"enemies":"Collector","floor":33.0,"turns":10.0},{"damage":0.0,"enemies":"3 Shapes","floor":35.0,"turns":4.0},{"damage":10.0,"enemies":"3 Darklings","floor":36.0,"turns":5.0},{"damage":0.0,"enemies":"Mind Bloom Boss Battle","floor":39.0,"turns":7.0},{"damage":28.0,"enemies":"Jaw Worm Horde","floor":41.0,"turns":4.0},{"damage":34.0,"enemies":"Reptomancer","floor":42.0,"turns":6.0},{"damage":29,"enemies":"Nemesis","floor":47,"turns":7},{"damage":9,"enemies":"Writhing Mass","floor":48,"turns":8},{"damage":80,"enemies":"Time Eater","floor":50,"turns":12}],"seed_played":"5243451700258466545","potions_obtained":[{"floor":1.0,"key":"Explosive Potion"},{"floor":10.0,"key":"GamblersBrew"},{"floor":11.0,"key":"FairyPotion"},{"floor":12.0,"key":"FearPotion"},{"floor":18.0,"key":"FearPotion"},{"floor":19.0,"key":"PowerPotion"}],"is_trial":false,"path_per_floor":["M","M","M","?","?","R","E","R","T","M","E","M","?","?","R","B",null,"M","M","?","?","?","R","T","R","T","E","$","R","?","?","R","B",null,"M","M","$","?","?","R","M","E","T","R","R","$","E","M","R","B",null],"character_chosen":"IRONCLAD","items_purchased":["Flame Barrier","Lee\u0027s Waffle","Shrug It Off","Dropkick","Strawberry","ClockworkSouvenir","Ghostly Armor"],"campfire_rested":4,"item_purchase_floors":[28,28,46,46,46,46,46],"current_hp_per_floor":[78,80,80,69,57,57,31,55,55,56,46,47,47,47,47,26,67,47,49,34,34,34,59,59,59,59,21,92,92,92,92,92,26,76,82,78,78,78,84,84,62,46,46,73,73,80,57,66,95,33],"gold":65,"neow_bonus":"THREE_ENEMY_KILL","is_prod":false,"is_daily":false,"chose_seed":false,"campfire_upgraded":7,"win_rate":0,"timestamp":1544955204,"path_taken":["M","?","?","?","?","R","E","R","T","M","E","M","?","?","R","BOSS","M","M","?","?","?","R","?","R","T","E","$","R","?","?","R","BOSS","M","M","$","?","?","R","M","E","T","R","R","$","E","M","R","BOSS"],"build_version":"2018-12-13","purchased_purges":3,"victory":true,"max_hp_per_floor":[80,80,80,80,80,80,80,80,80,80,80,80,80,80,80,80,80,80,80,85,85,85,85,85,85,85,85,92,92,92,92,92,92,92,92,92,92,92,92,92,92,92,92,92,92,99,99,99,99,99],"card_choices":[{"not_picked":["Hemokinesis","Carnage"],"picked":"Spot Weakness","floor":1.0},{"not_picked":["Headbutt","Iron Wave","Thunderclap"],"picked":"SKIP","floor":2.0},{"not_picked":["Perfected Strike","Sword Boomerang"],"picked":"Pommel Strike","floor":3.0},{"not_picked":["Berserk","Searing Blow"],"picked":"Uppercut","floor":7.0},{"not_picked":["Warcry","Clothesline"],"picked":"True Grit","floor":10.0},{"not_picked":["Sever Soul","Armaments","Havoc"],"picked":"SKIP","floor":11.0},{"not_picked":["Body Slam","Iron Wave"],"picked":"Disarm","floor":12.0},{"not_picked":["Limit Break","Barricade"],"picked":"Immolate","floor":16.0},{"not_picked":["Warcry","Uppercut"],"picked":"Sword Boomerang","floor":18.0},{"not_picked":["Thunderclap","Pommel Strike"],"picked":"Armaments+1","floor":19.0},{"not_picked":["Uppercut","Anger","Rupture+1"],"picked":"SKIP","floor":27.0},{"not_picked":["Impervious","Exhume"],"picked":"Demon Form","floor":33.0},{"not_picked":["Perfected Strike","Inflame","Evolve+1"],"picked":"SKIP","floor":35.0},{"not_picked":["Perfected Strike+1","Power Through","Sword Boomerang"],"picked":"SKIP","floor":36.0},{"not_picked":["Blind","Trip"],"picked":"Discovery","floor":38.0},{"not_picked":["Twin Strike","Iron Wave","Whirlwind"],"picked":"SKIP","floor":41.0},{"not_picked":["Dual Wield","Iron Wave","Twin Strike"],"picked":"SKIP","floor":42.0},{"not_picked":["Iron Wave","Rage+1","Pommel Strike"],"picked":"SKIP","floor":47},{"not_picked":["Havoc","Burning Pact","Anger"],"picked":"SKIP","floor":48}],"player_experience":587867,"relics_obtained":[{"floor":7.0,"key":"Meat on the Bone"},{"floor":9.0,"key":"Juzu Bracelet"},{"floor":11.0,"key":"Incense Burner"},{"floor":27.0,"key":"Whetstone"},{"floor":39.0,"key":"Old Coin"},{"floor":42.0,"key":"Shovel"},{"floor":47,"key":"Smiling Mask"}],"event_choices":[{"damage_healed":0.0,"max_hp_gain":0.0,"max_hp_loss":0.0,"gold_gain":75.0,"event_name":"World of Goop","player_choice":"Gather Gold","floor":4.0,"gold_loss":0.0,"damage_taken":11.0},{"damage_healed":0.0,"max_hp_gain":0.0,"max_hp_loss":0.0,"gold_gain":0.0,"event_name":"Scrap Ooze","player_choice":"Success","floor":5.0,"gold_loss":0.0,"damage_taken":12.0,"relics_obtained":["Art of War"]},{"cards_removed":["Strike_R"],"damage_healed":0.0,"max_hp_gain":0.0,"max_hp_loss":0.0,"gold_gain":0.0,"event_name":"Bonfire Elementals","player_choice":"Offered Basic","floor":13.0,"gold_loss":0.0,"damage_taken":0.0},{"damage_healed":0.0,"max_hp_gain":0.0,"max_hp_loss":0.0,"gold_gain":0.0,"event_name":"Upgrade Shrine","player_choice":"Upgraded","floor":14.0,"gold_loss":0.0,"damage_taken":0.0,"cards_upgraded":["True Grit"]},{"damage_healed":0.0,"max_hp_gain":5.0,"max_hp_loss":0.0,"gold_gain":0.0,"event_name":"Forgotten Altar","player_choice":"Shed Blood","floor":20.0,"gold_loss":0.0,"damage_taken":20.0},{"damage_healed":0.0,"max_hp_gain":0.0,"max_hp_loss":0.0,"gold_gain":0.0,"event_name":"Ghosts","player_choice":"Ignored","floor":21.0,"gold_loss":0.0,"damage_taken":0.0},{"damage_healed":0.0,"max_hp_gain":0.0,"max_hp_loss":0.0,"gold_gain":0.0,"event_name":"Addict","player_choice":"Obtained Relic","floor":22.0,"gold_loss":85.0,"damage_taken":0.0,"relics_obtained":["WingedGreaves"]},{"damage_healed":0.0,"max_hp_gain":0.0,"max_hp_loss":0.0,"gold_gain":0.0,"event_name":"Drug Dealer","player_choice":"Inject Mutagens","floor":30.0,"gold_loss":0.0,"damage_taken":0.0,"relics_obtained":["MutagenicStrength"]},{"damage_healed":0.0,"max_hp_gain":0.0,"max_hp_loss":0.0,"gold_gain":99.0,"event_name":"Nest","player_choice":"Stole From Cult","floor":31.0,"gold_loss":0.0,"damage_taken":0.0},{"damage_healed":0.0,"max_hp_gain":0.0,"max_hp_loss":0.0,"gold_gain":0.0,"event_name":"SensoryStone","player_choice":"Memory 1","floor":38.0,"gold_loss":0.0,"damage_taken":0.0},{"damage_healed":0.0,"max_hp_gain":0.0,"max_hp_loss":0.0,"gold_gain":0.0,"event_name":"MindBloom","player_choice":"Fight","floor":39.0,"gold_loss":0.0,"damage_taken":0.0}],"is_beta":false,"boss_relics":[{"not_picked":["Pandora\u0027s Box","Runic Dome"],"picked":"Cursed Key"},{"not_picked":["Lizard Tail","Black Star"],"picked":"Sozu"}],"items_purged_floors":[28,37,46],"is_endless":false,"potions_floor_spawned":[1,10,11,12,18,19,36,42,47,48],"ascension_level":12}