{"gold_per_floor":[112,37,37,52,52,52,52,65,137,173,173,123,123,139,139,269,269,293,392,292,292,307,307,351,351,351,369,369,244,94,113,113,236,236,249,249,74,74,88,88,126,126,126,149,212,226,26,50,50,50,50,50,50,83,83],"floor_reached":55,"playtime":2020,"items_purged":["Strike_R","Strike_R","Defend_R","Defend_R","Warcry+1","Power Through+1"],"score":761,"play_id":"b59e5adc-c8f3-4c56-8014-3c6bc09241f1","local_time":"20190713015531","is_ascension_mode":false,"campfire_choices":[{"data":"Searing Blow","floor":6.0,"key":"SMITH"},{"data":"Searing Blow+1","floor":11.0,"key":"SMITH"},{"data":"Searing Blow+2","floor":15.0,"key":"SMITH"},{"data":"Searing Blow+3","floor":23.0,"key":"SMITH"},{"data":"Searing Blow+5","floor":25.0,"key":"SMITH"},{"data":"Searing Blow+6","floor":32.0,"key":"SMITH"},{"data":"Searing Blow+7","floor":40.0,"key":"SMITH"},{"floor":42.0,"key":"RECALL"},{"data":"Searing Blow+8","floor":49.0,"key":"SMITH"},{"data":"Searing Blow+9","floor":52.0,"key":"SMITH"}],"neow_cost":"NONE","seed_source_timestamp":12140579053649,"circlet_count":0,"master_deck":["Bash+1","Flex+1","Searing Blow+10","Dropkick","Double Tap"],"special_seed":0,"relics":["Astrolabe","Golden Idol","Vajra","Shuriken","Velvet Choker","Nilry\u0027s Codex","Whetstone","Paper Frog","Oddly Smooth Stone","Runic Pyramid","Pantograph","Gremlin Horn","Champion Belt","Du-Vu Doll","Mummified Hand"],"potions_floor_usage":[55,55],"damage_taken":[{"damage":1.0,"enemies":"Jaw Worm","floor":1.0,"turns":3.0},{"damage":0.0,"enemies":"Small Slimes","floor":4.0,"turns":3.0},{"damage":2.0,"enemies":"2 Louse","floor":8.0,"turns":2.0},{"damage":16.0,"enemies":"Gremlin Nob","floor":10.0,"turns":3.0},{"damage":2.0,"enemies":"2 Fungi Beasts","floor":14.0,"turns":4.0},{"damage":14.0,"enemies":"Hexaghost","floor":16.0,"turns":6.0},{"damage":0.0,"enemies":"Spheric Guardian","floor":18.0,"turns":2.0},{"damage":17.0,"enemies":"3 Byrds","floor":22.0,"turns":7.0},{"damage":18.0,"enemies":"Book of Stabbing","floor":24.0,"turns":3.0},{"damage":0.0,"enemies":"Centurion and Healer","floor":27.0,"turns":3.0},{"damage":0.0,"enemies":"Snake Plant","floor":31.0,"turns":1.0},{"damage":0.0,"enemies":"Collector","floor":33.0,"turns":2.0},{"damage":0.0,"enemies":"3 Shapes","floor":35.0,"turns":3.0},{"damage":9.0,"enemies":"3 Darklings","floor":39.0,"turns":3.0},{"damage":18.0,"enemies":"Nemesis","floor":41.0,"turns":3.0},{"damage":0.0,"enemies":"Spire Growth","floor":44.0,"turns":2.0},{"damage":0.0,"enemies":"2 Orb Walkers","floor":45.0,"turns":3.0},{"damage":0.0,"enemies":"Jaw Worm Horde","floor":46.0,"turns":2.0},{"damage":0.0,"enemies":"Transient","floor":48.0,"turns":5.0},{"damage":15.0,"enemies":"Time Eater","floor":50.0,"turns":2.0},{"damage":0.0,"enemies":"Shield and Spear","floor":54.0,"turns":2.0},{"damage":100,"enemies":"The Heart","floor":55,"turns":5}],"seed_played":"5659786692691698560","potions_obtained":[{"floor":1.0,"key":"Energy Potion"},{"floor":10.0,"key":"Poison Potion"},{"floor":18.0,"key":"BloodPotion"},{"floor":31.0,"key":"Weak Potion"},{"floor":35.0,"key":"PowerPotion"},{"floor":41.0,"key":"Swift Potion"},{"floor":54.0,"key":"Poison Potion"}],"is_trial":false,"path_per_floor":["M","$","?","M","?","R","$","M","T","E","R","?","?","M","R","B",null,"M","?","$","?","M","R","E","R","T","M","?","$","$","M","R","B",null,"M","?","$","T","M","R","E","R","T","M","?","M","$","M","R","B",null,"R","$","E","B"],"character_chosen":"IRONCLAD","items_purchased":[],"campfire_rested":0,"item_purchase_floors":[],"current_hp_per_floor":[79,79,72,72,52,52,52,50,50,34,34,34,27,25,25,11,80,80,80,80,64,47,47,29,29,29,29,29,29,29,29,29,29,80,80,72,72,72,63,63,45,45,45,45,45,45,45,45,45,55,80,80,80,80,0],"gold":83,"neow_bonus":"BOSS_RELIC","is_prod":false,"is_daily":false,"chose_seed":false,"campfire_upgraded":9,"win_rate":0,"timestamp":1563008131,"path_taken":["M","$","?","M","?","R","$","M","T","E","R","?","?","M","R","BOSS","M","?","$","?","M","R","E","R","T","M","?","?","$","M","R","BOSS","BOSS","M","?","?","?","M","R","E","R","T","?","?","M","$","M","R","BOSS","R","$","E","BOSS"],"build_version":"2019-07-05","purchased_purges":6,"victory":false,"max_hp_per_floor":[80,80,80,80,80,80,80,80,80,80,80,80,80,80,80,80,80,80,80,80,80,80,80,80,80,80,80,80,80,80,80,80,80,80,80,80,80,80,80,80,80,80,80,80,80,80,80,80,80,80,80,80,80,80,80],"card_choices":[{"not_picked":["Combust","Power Through"],"picked":"Searing Blow","floor":1.0},{"not_picked":["Warcry","Evolve","Sever Soul"],"picked":"SKIP","floor":4.0},{"not_picked":["Clash","Armaments","Havoc"],"picked":"SKIP","floor":8.0},{"not_picked":["Shockwave","Armaments"],"picked":"Dropkick","floor":10.0},{"not_picked":["Iron Wave","Disarm","Pummel"],"picked":"SKIP","floor":14.0},{"not_picked":["Berserk","Fiend Fire"],"picked":"Double Tap","floor":16.0},{"not_picked":["Headbutt","Havoc","Ghostly Armor"],"picked":"SKIP","floor":18.0},{"not_picked":["Body Slam","Second Wind","Anger"],"picked":"SKIP","floor":22.0},{"not_picked":["Thunderclap","Perfected Strike","Battle Trance"],"picked":"SKIP","floor":24.0},{"not_picked":["Clash","Thunderclap","Cleave"],"picked":"SKIP","floor":27.0},{"not_picked":["Shrug It Off","Sword Boomerang","Headbutt"],"picked":"SKIP","floor":31.0},{"not_picked":["Seeing Red","Havoc","Wild Strike"],"picked":"SKIP","floor":35.0},{"not_picked":["Spot Weakness+1","Twin Strike+1","Pummel"],"picked":"SKIP","floor":39.0},{"not_picked":["Pommel Strike","Sword Boomerang+1","Clash+1"],"picked":"SKIP","floor":41.0},{"not_picked":["Shockwave","Blood for Blood","Inflame+1"],"picked":"SKIP","floor":44.0},{"not_picked":["Hemokinesis","Iron Wave","Warcry"],"picked":"SKIP","floor":46.0},{"not_picked":["Burning Pact","Perfected Strike","Wild Strike"],"picked":"SKIP","floor":48.0},{"not_picked":["Iron Wave","Searing Blow","Rampage"],"picked":"SKIP","floor":54.0}],"player_experience":579392,"relics_obtained":[{"floor":10.0,"key":"Vajra"},{"floor":21.0,"key":"Nilry\u0027s Codex"},{"floor":24.0,"key":"Whetstone"},{"floor":26.0,"key":"Paper Frog"},{"floor":38.0,"key":"Pantograph"},{"floor":41.0,"key":"Gremlin Horn"},{"floor":43.0,"key":"Champion Belt"},{"floor":45.0,"key":"Du-Vu Doll"},{"floor":54.0,"key":"Mummified Hand"}],"event_choices":[{"cards_removed":["Defend_R"],"damage_healed":0.0,"max_hp_gain":0.0,"max_hp_loss":0.0,"gold_gain":0.0,"event_name":"Golden Wing","player_choice":"Card Removal","floor":3.0,"gold_loss":0.0,"damage_taken":7.0},{"damage_healed":0.0,"max_hp_gain":0.0,"max_hp_loss":0.0,"gold_gain":0.0,"event_name":"Golden Idol","player_choice":"Take Damage","floor":5.0,"gold_loss":0.0,"damage_taken":20.0,"relics_obtained":["Golden Idol"]},{"cards_removed":["Strike_R"],"damage_healed":0.0,"max_hp_gain":0.0,"max_hp_loss":0.0,"gold_gain":0.0,"event_name":"The Cleric","player_choice":"Card Removal","floor":12.0,"gold_loss":50.0,"damage_taken":0.0},{"damage_healed":0.0,"max_hp_gain":0.0,"max_hp_loss":0.0,"gold_gain":0.0,"event_name":"Scrap Ooze","player_choice":"Success","floor":13.0,"gold_loss":0.0,"damage_taken":7.0,"relics_obtained":["Shuriken"]},{"damage_healed":0.0,"max_hp_gain":0.0,"max_hp_loss":0.0,"gold_gain":99.0,"event_name":"Nest","player_choice":"Stole From Cult","floor":19.0,"gold_loss":0.0,"damage_taken":0.0},{"damage_healed":0.0,"max_hp_gain":0.0,"max_hp_loss":0.0,"gold_gain":0.0,"event_name":"Cursed Tome","player_choice":"Obtained Book","floor":21.0,"gold_loss":0.0,"damage_taken":16.0},{"damage_healed":0.0,"max_hp_gain":0.0,"max_hp_loss":0.0,"gold_gain":0.0,"event_name":"The Mausoleum","player_choice":"Opened","floor":28.0,"gold_loss":0.0,"damage_taken":0.0,"relics_obtained":["Oddly Smooth Stone"]},{"damage_healed":0.0,"max_hp_gain":0.0,"max_hp_loss":0.0,"gold_gain":0.0,"event_name":"Wheel of Change","player_choice":"Damaged","floor":36.0,"gold_loss":0.0,"damage_taken":8.0},{"damage_healed":0.0,"max_hp_gain":0.0,"max_hp_loss":0.0,"gold_gain":0.0,"event_name":"Mysterious Sphere","player_choice":"Fight","floor":45.0,"gold_loss":0.0,"damage_taken":0.0}],"is_beta":false,"boss_relics":[{"not_picked":["Tiny House","Fusion Hammer"],"picked":"Velvet Choker"},{"not_picked":["Runic Cube","Calling Bell"],"picked":"Runic Pyramid"}],"items_purged_floors":[2,20,29,30,37,47],"is_endless":false,"potions_floor_spawned":[1,10,18,31,35,39,41,48,54],"killed_by":"The Heart","ascension_level":0}