{"gold_per_floor":[117,65,80,90,103,130,130,160,160,160,180,180,201,236,236,359,359,380,380,295,34,52,52,70,70,70,91,105,105,131,152,152,280,280,298,218,237,75,94,94,94],"floor_reached":41,"playtime":1260,"items_purged":["Strike_B","Strike_B"],"score":405,"play_id":"630f8410-cf4d-4371-9ad3-1c362934f6ff","local_time":"20181122172705","is_ascension_mode":false,"campfire_choices":[{"floor":10.0,"key":"REST"},{"data":"Doom and Gloom","floor":12.0,"key":"SMITH"},{"data":"Streamline","floor":15.0,"key":"SMITH"},{"data":"Zap","floor":23.0,"key":"SMITH"},{"floor":25.0,"key":"REST"},{"data":"Loop","floor":29.0,"key":"SMITH"},{"floor":32.0,"key":"REST"},{"data":"Cold Snap","floor":40,"key":"SMITH"}],"neow_cost":"NONE","seed_source_timestamp":18478440295645,"circlet_count":0,"master_deck":["Strike_B","Strike_B","Defend_B","Defend_B","Defend_B","Defend_B","Zap+1","Dualcast","Conserve Battery","Cold Snap+1","Steam","Rebound","Gash","Streamline+1","Doom and Gloom+1","Creative AI","Leap+1","Consume+1","Loop+1","Echo Form+1","Sweeping Beam+1","Ball Lightning+1"],"special_seed":0,"relics":["Cracked Core","NeowsBlessing","Meat on the Bone","Golden Idol","The Courier","Darkstone Periapt","Lizard Tail","MutagenicStrength","Thread and Needle","Toxic Egg 2","Frozen Egg 2","Art of War","Velvet Choker","Toolbox"],"potions_floor_usage":[41,41,41,41,41],"damage_taken":[{"damage":0.0,"enemies":"Cultist","floor":1.0,"turns":1.0},{"damage":0.0,"enemies":"Small Slimes","floor":3.0,"turns":1.0},{"damage":0.0,"enemies":"Jaw Worm","floor":4.0,"turns":1.0},{"damage":5.0,"enemies":"Large Slime","floor":5.0,"turns":7.0},{"damage":52.0,"enemies":"Gremlin Nob","floor":6.0,"turns":6.0},{"damage":10.0,"enemies":"3 Louse","floor":11.0,"turns":4.0},{"damage":5.0,"enemies":"Blue Slaver","floor":13.0,"turns":3.0},{"damage":11.0,"enemies":"3 Sentries","floor":14.0,"turns":6.0},{"damage":19.0,"enemies":"Slime Boss","floor":16.0,"turns":7.0},{"damage":23.0,"enemies":"Chosen","floor":18.0,"turns":6.0},{"damage":5.0,"enemies":"Spheric Guardian","floor":22.0,"turns":4.0},{"damage":24.0,"enemies":"Shelled Parasite and Fungi","floor":24.0,"turns":6.0},{"damage":10.0,"enemies":"Snecko","floor":27.0,"turns":6.0},{"damage":6.0,"enemies":"Centurion and Healer","floor":28.0,"turns":9.0},{"damage":25.0,"enemies":"3 Cultists","floor":31.0,"turns":7.0},{"damage":62.0,"enemies":"Collector","floor":33.0,"turns":12.0},{"damage":0.0,"enemies":"Orb Walker","floor":35.0,"turns":3.0},{"damage":39.0,"enemies":"3 Darklings","floor":37.0,"turns":3.0},{"damage":57,"enemies":"Writhing Mass","floor":39,"turns":6},{"damage":35,"enemies":"Reptomancer","floor":41,"turns":3}],"seed_played":"-5948290114525351964","potions_obtained":[{"floor":1.0,"key":"Regen Potion"},{"floor":5.0,"key":"Block Potion"},{"floor":6.0,"key":"EntropicBrew"},{"floor":14.0,"key":"Regen Potion"},{"floor":16.0,"key":"Fire Potion"},{"floor":35.0,"key":"EntropicBrew"}],"is_trial":false,"path_per_floor":["M","$","M","M","M","E","?","?","T","R","M","R","M","E","R","B",null,"M","?","?","$","M","R","M","R","T","M","M","R","T","M","R","B",null,"M","$","M","$","M","R","E"],"character_chosen":"DEFECT","items_purchased":["Cold Snap","Toxic Egg 2","Toolbox"],"campfire_rested":3,"item_purchase_floors":[2,21,38],"current_hp_per_floor":[75,75,75,75,70,18,18,18,18,38,40,40,35,36,36,29,69,46,46,46,46,41,41,29,49,49,39,45,45,45,32,52,45,69,69,69,42,42,34,34,0],"gold":94,"neow_bonus":"THREE_ENEMY_KILL","is_prod":false,"is_daily":false,"chose_seed":false,"campfire_upgraded":5,"win_rate":0,"timestamp":1542896825,"path_taken":["M","$","M","M","?","E","?","?","T","R","M","R","M","E","R","BOSS","M","?","?","$","M","R","M","R","T","M","M","R","?","M","R","BOSS","M","$","M","$","M","R","E"],"build_version":"2018-11-15","purchased_purges":2,"victory":false,"max_hp_per_floor":[75,75,75,75,75,75,69,69,69,69,69,69,69,69,69,69,69,69,69,69,69,69,69,69,69,69,69,69,69,69,69,69,69,69,69,69,69,69,69,69,69],"card_choices":[{"not_picked":["Blizzard","Reinforced Body"],"picked":"Conserve Battery","floor":1.0},{"not_picked":["Steam Power","Barrage"],"picked":"Steam","floor":3.0},{"not_picked":["Double Energy","Leap"],"picked":"Rebound","floor":4.0},{"not_picked":["Compile Driver","Turbo"],"picked":"Gash","floor":5.0},{"not_picked":["Compile Driver","Heatsinks"],"picked":"Streamline","floor":6.0},{"not_picked":["Compile Driver","Rebound"],"picked":"Doom and Gloom","floor":11.0},{"not_picked":["Cold Snap","Rebound","Beam Cell"],"picked":"SKIP","floor":13.0},{"not_picked":["Steam","Beam Cell","Gash"],"picked":"SKIP","floor":14.0},{"not_picked":["Thunder Strike","Fission"],"picked":"Creative AI","floor":16.0},{"not_picked":["Cold Snap","Stack"],"picked":"Leap+1","floor":18.0},{"not_picked":["Steam Power+1","Ball Lightning"],"picked":"Consume+1","floor":22.0},{"not_picked":["Aggregate+1","Streamline+1"],"picked":"Loop","floor":24.0},{"not_picked":["Lockon","Streamline","Leap+1"],"picked":"SKIP","floor":27.0},{"not_picked":["All For One","Rebound+1","Leap+1"],"picked":"SKIP","floor":28.0},{"not_picked":["Leap+1","Cold Snap","Turbo+1"],"picked":"SKIP","floor":31.0},{"not_picked":["Creative AI+1","Hyperbeam"],"picked":"Echo Form+1","floor":33.0},{"not_picked":["Leap+1","Coolheaded+1"],"picked":"Sweeping Beam+1","floor":35.0},{"not_picked":["Beam Cell","Self Repair+1"],"picked":"Ball Lightning+1","floor":37.0},{"not_picked":["Compile Driver","Sweeping Beam","Lockon+1"],"picked":"SKIP","floor":39}],"player_experience":536905,"relics_obtained":[{"floor":6.0,"key":"Meat on the Bone"},{"floor":9.0,"key":"The Courier"},{"floor":14.0,"key":"Darkstone Periapt"},{"floor":26.0,"key":"Frozen Egg 2"},{"floor":30.0,"key":"Art of War"}],"event_choices":[{"damage_healed":0.0,"max_hp_gain":0.0,"max_hp_loss":6.0,"gold_gain":0.0,"event_name":"Golden Idol","player_choice":"Lose Max HP","floor":7.0,"gold_loss":0.0,"damage_taken":0.0,"relics_obtained":["Golden Idol"]},{"damage_healed":0.0,"max_hp_gain":0.0,"max_hp_loss":0.0,"gold_gain":30.0,"event_name":"Dead Adventurer","player_choice":"Searched \u00272\u0027 times","floor":8.0,"gold_loss":0.0,"damage_taken":0.0},{"damage_healed":0.0,"max_hp_gain":0.0,"max_hp_loss":0.0,"gold_gain":0.0,"event_name":"Drug Dealer","player_choice":"Inject Mutagens","floor":19.0,"gold_loss":0.0,"damage_taken":0.0,"relics_obtained":["MutagenicStrength"]},{"damage_healed":0.0,"max_hp_gain":0.0,"max_hp_loss":0.0,"gold_gain":0.0,"event_name":"Addict","player_choice":"Obtained Relic","floor":20.0,"gold_loss":85.0,"damage_taken":0.0,"relics_obtained":["Thread and Needle"]}],"is_beta":false,"boss_relics":[{"not_picked":["Black Star","White Beast Statue"],"picked":"Lizard Tail"},{"not_picked":["Eternal Feather","Orrery"],"picked":"Velvet Choker"}],"items_purged_floors":[21,36],"is_endless":false,"potions_floor_spawned":[1,5,6,14,16,22,24,28,35],"killed_by":"Reptomancer","ascension_level":0}