{"gold_per_floor":[112,112,37,57,77,77,103,113,139,139],"floor_reached":10,"playtime":337,"items_purged":["Defend_G"],"score":109,"play_id":"a3f656ed-ef82-4c27-b3f5-52c79c8fe251","local_time":"20190716231400","is_ascension_mode":true,"campfire_choices":[{"data":"Leg Sweep","floor":6.0,"key":"SMITH"}],"neow_cost":"NONE","seed_source_timestamp":11674915181730,"circlet_count":0,"master_deck":["AscendersBane","Strike_G","Strike_G","Strike_G","Strike_G","Strike_G","Defend_G","Defend_G+1","Defend_G","Defend_G","Survivor","Neutralize+1","Leg Sweep+1","Heel Hook","Blur","Caltrops"],"special_seed":0,"relics":["Ring of the Snake","NeowsBlessing","Art of War","Anchor"],"potions_floor_usage":[7,10],"damage_taken":[{"damage":0.0,"enemies":"2 Louse","floor":1.0,"turns":1.0},{"damage":0.0,"enemies":"Jaw Worm","floor":4.0,"turns":1.0},{"damage":0.0,"enemies":"Cultist","floor":5.0,"turns":1.0},{"damage":30,"enemies":"Lagavulin","floor":7,"turns":13},{"damage":0,"enemies":"3 Louse","floor":8,"turns":7},{"damage":38,"enemies":"Gremlin Nob","floor":10,"turns":4}],"seed_played":"1075921408700949468","potions_obtained":[{"floor":1.0,"key":"FearPotion"},{"floor":5.0,"key":"SpeedPotion"}],"is_trial":false,"path_per_floor":["M","?","$","M","M","R","E","M","T","E"],"character_chosen":"THE_SILENT","items_purchased":[],"campfire_rested":0,"item_purchase_floors":[],"current_hp_per_floor":[63,49,49,49,49,49,19,19,19,0],"gold":139,"neow_bonus":"THREE_ENEMY_KILL","is_prod":false,"is_daily":false,"chose_seed":false,"campfire_upgraded":1,"win_rate":0,"timestamp":1563344040,"path_taken":["M","?","?","M","M","R","E","M","T","E"],"build_version":"2019-07-05","purchased_purges":1,"victory":false,"max_hp_per_floor":[70,70,70,70,70,70,70,70,70,70],"card_choices":[{"not_picked":["Eviscerate","Deadly Poison"],"picked":"Leg Sweep","floor":1.0},{"not_picked":["Noxious Fumes","Sucker Punch"],"picked":"Heel Hook","floor":4.0},{"not_picked":["Infinite Blades","Tactician"],"picked":"Blur","floor":5.0},{"not_picked":["Dagger Throw","Choke","Blade Dance"],"picked":"SKIP","floor":7},{"not_picked":["Dodge and Roll","Poisoned Stab"],"picked":"Caltrops","floor":8}],"player_experience":608893,"relics_obtained":[{"floor":7,"key":"Art of War"},{"floor":9,"key":"Anchor"}],"event_choices":[{"damage_healed":0.0,"max_hp_gain":0.0,"max_hp_loss":0.0,"gold_gain":0.0,"event_name":"Shining Light","player_choice":"Entered Light","floor":2.0,"gold_loss":0.0,"damage_taken":14.0,"cards_upgraded":["Neutralize","Defend_G"]}],"is_beta":false,"boss_relics":[],"items_purged_floors":[3],"is_endless":false,"potions_floor_spawned":[1,5],"killed_by":"Gremlin Nob","ascension_level":12}