{"gold_per_floor":[366,62,78,78,93,93,122,122,171,186,186,211,211,224,224,297,297,315,347,359,35,35,69,80,80,103,103,122,122,222,1,1,75,75,88,88,107,156,169,169,194,205,285,507,507,527,527,149,149,149],"floor_reached":51,"playtime":1846,"items_purged":["Injury","Strike_B","Strike_B","Defend_B"],"score":1520,"play_id":"c42250c6-a464-41c2-9d74-05227ed83a54","local_time":"20190201153602","is_ascension_mode":true,"campfire_choices":[{"data":"Chill","floor":6.0,"key":"SMITH"},{"floor":8.0,"key":"REST"},{"data":"Defragment","floor":13.0,"key":"SMITH"},{"data":"Capacitor","floor":15.0,"key":"SMITH"},{"data":"Defragment","floor":25.0,"key":"SMITH"},{"data":"Glacier","floor":27.0,"key":"SMITH"},{"floor":29.0,"key":"REST"},{"floor":32,"key":"REST"},{"data":"Coolheaded","floor":40,"key":"SMITH"},{"floor":45,"key":"REST"},{"floor":49,"key":"REST"}],"neow_cost":"CURSE","seed_source_timestamp":9913150422267,"circlet_count":0,"master_deck":["AscendersBane","Strike_B+1","Strike_B+1","Defend_B","Defend_B","Defend_B","Zap+1","Dualcast","Genetic Algorithm","Coolheaded","Ball Lightning","Chill+1","Capacitor+1","Defragment+1","Electrodynamics","Coolheaded+1","Barrage","Glacier+1","Defragment+1","Loop","Defragment","Biased Cognition","Defragment","Biased Cognition","Recycle","Thunder Strike","Coolheaded"],"special_seed":0,"relics":["Cracked Core","Bronze Scales","Bag of Marbles","Blood Vial","Dream Catcher","Sozu","Red Mask","Membership Card","Boot","Vajra","Girya","Sundial","OrangePellets","Velvet Choker","Nunchaku","Orichalcum","Bottled Tornado","Runic Capacitor","Whetstone"],"potions_floor_usage":[50],"damage_taken":[{"damage":3.0,"enemies":"2 Louse","floor":1.0,"turns":2.0},{"damage":9.0,"enemies":"Cultist","floor":3.0,"turns":4.0},{"damage":4.0,"enemies":"Small Slimes","floor":5.0,"turns":3.0},{"damage":21.0,"enemies":"Lagavulin","floor":7.0,"turns":6.0},{"damage":0.0,"enemies":"Red Slaver","floor":10.0,"turns":3.0},{"damage":27.0,"enemies":"Gremlin Nob","floor":12.0,"turns":4.0},{"damage":0.0,"enemies":"Looter","floor":14.0,"turns":3.0},{"damage":4.0,"enemies":"Slime Boss","floor":16.0,"turns":7.0},{"damage":9.0,"enemies":"Chosen","floor":18.0,"turns":4.0},{"damage":13.0,"enemies":"Masked Bandits","floor":19.0,"turns":4.0},{"damage":10.0,"enemies":"Shell Parasite","floor":20.0,"turns":5.0},{"damage":12.0,"enemies":"Slavers","floor":23.0,"turns":4.0},{"damage":5.0,"enemies":"Sentry and Sphere","floor":24.0,"turns":5.0},{"damage":2.0,"enemies":"Snecko","floor":28.0,"turns":5.0},{"damage":0,"enemies":"Colosseum Slavers","floor":30,"turns":3},{"damage":16,"enemies":"Colosseum Nobs","floor":30,"turns":4},{"damage":0,"enemies":"Champ","floor":33,"turns":11},{"damage":0,"enemies":"3 Darklings","floor":35,"turns":3},{"damage":0,"enemies":"3 Shapes","floor":37,"turns":3},{"damage":2,"enemies":"2 Orb Walkers","floor":38,"turns":4},{"damage":0,"enemies":"Sphere and 2 Shapes","floor":39,"turns":4},{"damage":0,"enemies":"Giant Head","floor":41,"turns":8},{"damage":42,"enemies":"4 Shapes","floor":42,"turns":5},{"damage":15,"enemies":"Transient","floor":46,"turns":6},{"damage":28,"enemies":"Awakened One","floor":50,"turns":9}],"seed_played":"-3223854596015548200","potions_obtained":[{"floor":3.0,"key":"FearPotion"},{"floor":5.0,"key":"Explosive Potion"},{"floor":14.0,"key":"SkillPotion"},{"floor":16.0,"key":"Strength Potion"}],"is_trial":false,"path_per_floor":["M","$","M","?","M","R","E","R","T","M","?","E","R","M","R","B",null,"M","?","M","$","?","E","M","R","T","R","M","R","?","$","R","B",null,"M","?","M","?","M","R","E","M","T","?","R","M","?","$","R","B",null],"character_chosen":"DEFECT","items_purchased":["Bronze Scales","Coolheaded","Membership Card","Glacier","Defragment","Biased Cognition","OrangePellets","Runic Capacitor","Whetstone","Thunder Strike","Coolheaded"],"campfire_rested":5,"item_purchase_floors":[2,2,21,21,21,31,31,48,48,48,48],"current_hp_per_floor":[61,61,52,52,48,48,27,48,48,50,50,25,25,27,27,25,60,53,42,34,34,34,24,21,21,21,21,21,42,30,30,51,53,67,69,69,71,69,71,71,71,29,29,29,50,37,37,37,57,31],"gold":149,"neow_bonus":"TWO_FIFTY_GOLD","is_prod":false,"is_daily":false,"chose_seed":false,"campfire_upgraded":6,"win_rate":0,"timestamp":1549024562,"path_taken":["M","$","M","?","M","R","E","R","T","?","?","E","R","M","R","BOSS","M","?","M","$","?","E","M","R","T","R","?","R","?","$","R","BOSS","M","?","M","?","M","R","E","M","T","?","R","M","?","$","R","BOSS"],"build_version":"2019-01-23","purchased_purges":4,"victory":true,"max_hp_per_floor":[71,71,71,71,71,71,71,71,71,71,71,71,71,71,71,71,71,71,71,71,71,71,71,71,71,71,71,71,71,71,71,71,71,71,71,71,71,71,71,71,71,71,71,71,71,71,67,67,67,67],"card_choices":[{"not_picked":["Recycle","Cold Snap"],"picked":"Genetic Algorithm","floor":1.0},{"not_picked":["Turbo","Reprogram"],"picked":"Ball Lightning","floor":3.0},{"not_picked":["Amplify","Beam Cell"],"picked":"Chill","floor":5.0},{"not_picked":["Steam Power","Gash","Turbo"],"picked":"SKIP","floor":7.0},{"not_picked":["Beam Cell","Cold Snap"],"picked":"Capacitor","floor":10.0},{"not_picked":["Stack","Chill"],"picked":"Defragment","floor":12.0},{"not_picked":["Fusion","Cold Snap","Auto Shields"],"picked":"SKIP","floor":14.0},{"not_picked":["Thunder Strike","Creative AI"],"picked":"Electrodynamics","floor":16.0},{"not_picked":["Gash","Go for the Eyes"],"picked":"Coolheaded","floor":18.0},{"not_picked":["Steam Power","Reinforced Body"],"picked":"Barrage","floor":20.0},{"not_picked":["Self Repair","Chaos"],"picked":"Loop","floor":23.0},{"not_picked":["Steam","Darkness","Reprogram"],"picked":"SKIP","floor":24.0},{"not_picked":["Lockon","Aggregate","Rip and Tear"],"picked":"SKIP","floor":28.0},{"not_picked":["Sunder","Hello World"],"picked":"Defragment","floor":30},{"not_picked":["Genetic Algorithm","Hologram"],"picked":"Defragment","floor":32},{"not_picked":["All For One","Meteor Strike"],"picked":"Biased Cognition","floor":33},{"not_picked":["Compile Driver","Steam Power","Doom and Gloom"],"picked":"SKIP","floor":35},{"not_picked":["Skim+1","Coolheaded","Chill"],"picked":"SKIP","floor":37},{"not_picked":["Cold Snap+1","Beam Cell"],"picked":"Recycle","floor":39},{"not_picked":["Leap","Sweeping Beam","Heatsinks"],"picked":"SKIP","floor":41},{"not_picked":["Ball Lightning","Steam","Storm"],"picked":"SKIP","floor":42},{"not_picked":["Rebound+1","Compile Driver+1","Chaos"],"picked":"SKIP","floor":46}],"player_experience":725805,"relics_obtained":[{"floor":7.0,"key":"Bag of Marbles"},{"floor":9.0,"key":"Blood Vial"},{"floor":12.0,"key":"Dream Catcher"},{"floor":19.0,"key":"Red Mask"},{"floor":23.0,"key":"Boot"},{"floor":26.0,"key":"Vajra"},{"floor":30,"key":"Girya"},{"floor":30,"key":"Sundial"},{"floor":38,"key":"Nunchaku"},{"floor":41,"key":"Orichalcum"},{"floor":43,"key":"Bottled Tornado"}],"event_choices":[{"damage_healed":0.0,"max_hp_gain":0.0,"max_hp_loss":0.0,"gold_gain":0.0,"event_name":"Accursed Blacksmith","player_choice":"Forge","floor":4.0,"gold_loss":0.0,"damage_taken":0.0,"cards_upgraded":["Zap"]},{"damage_healed":0.0,"max_hp_gain":0.0,"max_hp_loss":0.0,"gold_gain":0.0,"event_name":"WeMeetAgain","player_choice":"Ignored","floor":11.0,"gold_loss":0.0,"damage_taken":0.0},{"damage_healed":0.0,"max_hp_gain":0.0,"max_hp_loss":0.0,"gold_gain":0.0,"event_name":"Masked Bandits","player_choice":"Fought Bandits","floor":19.0,"gold_loss":0.0,"damage_taken":0.0},{"damage_healed":0.0,"max_hp_gain":0.0,"max_hp_loss":0.0,"gold_gain":0.0,"event_name":"Lab","player_choice":"Got Potions","floor":22.0,"gold_loss":0.0,"damage_taken":0.0},{"damage_healed":0,"gold_gain":0,"player_choice":"Fight","damage_taken":0,"max_hp_gain":0,"max_hp_loss":0,"event_name":"Colosseum","floor":30,"gold_loss":0},{"damage_healed":0,"gold_gain":0,"player_choice":"Fought Nobs","damage_taken":0,"max_hp_gain":0,"max_hp_loss":0,"event_name":"Colosseum","floor":30,"gold_loss":0},{"damage_healed":0,"gold_gain":0,"player_choice":"Memory 1","damage_taken":0,"max_hp_gain":0,"max_hp_loss":0,"event_name":"SensoryStone","floor":36,"gold_loss":0},{"damage_healed":0,"gold_gain":0,"player_choice":"Fight","damage_taken":0,"max_hp_gain":0,"max_hp_loss":0,"event_name":"Mysterious Sphere","floor":38,"gold_loss":0},{"damage_healed":0,"gold_gain":222,"player_choice":"Wore Mask","damage_taken":0,"max_hp_gain":0,"max_hp_loss":0,"event_name":"Tomb of Lord Red Mask","floor":44,"gold_loss":0},{"damage_healed":0,"gold_gain":0,"player_choice":"Max HP","damage_taken":0,"max_hp_gain":0,"max_hp_loss":4,"event_name":"Winding Halls","floor":47,"gold_loss":0}],"is_beta":false,"boss_relics":[{"not_picked":["Black Star","FrozenCore"],"picked":"Sozu"},{"not_picked":["Cursed Key","Philosopher\u0027s Stone"],"picked":"Velvet Choker"}],"items_purged_floors":[2,21,31,48],"is_endless":false,"potions_floor_spawned":[3,5,14,16,18,19,30,37,39,46],"ascension_level":19}