{"gold_per_floor":[109,109,121,134,16,16,50,50,50,61,13,38,38,53,53,157,157,172,172,1,21,35,66,66,66,136,163,198,198,214,36,36,36],"floor_reached":33,"playtime":2564,"items_purged":["Tools of the Trade","Shame"],"score":478,"play_id":"f3981b10-4098-4321-a1d0-fef4d058bd0f","local_time":"20190728182307","is_ascension_mode":true,"campfire_choices":[{"data":"Well Laid Plans","floor":6,"key":"SMITH"},{"data":"Predator","floor":8,"key":"SMITH"},{"data":"Crippling Poison","floor":15,"key":"SMITH"},{"data":"Wraith Form v2","floor":25,"key":"SMITH"},{"data":"Well Laid Plans","floor":32,"key":"SMITH"}],"neow_cost":"NONE","seed_source_timestamp":1117084994272599,"circlet_count":0,"master_deck":["Survivor","Neutralize","All Out Attack","Predator+1","Caltrops","Well Laid Plans+1","Poisoned Stab","Bullet Time","Cloak And Dagger+1","Poisoned Stab","Crippling Poison+1","Wraith Form v2+1","Grand Finale","Venomology","Footwork","Well Laid Plans+1","Flechettes","Predator","Corpse Explosion+1","Escape Plan","Bane","Backflip+1","Envenom","Good Instincts","PiercingWail","PiercingWail+1","Glass Knife","Acrobatics","Poisoned Stab"],"relics":["Coffee Dripper","Ginger","Singing Bowl","Dodecahedron","Pandora\u0027s Box","Mummified Hand","Bag of Marbles","Frozen Egg 2","Art of War","War Paint","Ninja Scroll"],"potions_floor_usage":[12,12,16,22,23,23,23,23,28,28,33],"damage_taken":[{"damage":2,"enemies":"Jaw Worm","floor":1,"turns":4},{"damage":0,"enemies":"Cultist","floor":3,"turns":3},{"damage":12,"enemies":"Small Slimes","floor":4,"turns":3},{"damage":7,"enemies":"Lagavulin","floor":7,"turns":7},{"damage":3,"enemies":"Blue Slaver","floor":10,"turns":3},{"damage":0,"enemies":"3 Sentries","floor":12,"turns":5},{"damage":3,"enemies":"2 Fungi Beasts","floor":14,"turns":3},{"damage":19,"enemies":"The Guardian","floor":16,"turns":9},{"damage":27,"enemies":"Spheric Guardian","floor":18,"turns":4},{"damage":22,"enemies":"2 Thieves","floor":21,"turns":3},{"damage":10,"enemies":"Shelled Parasite and Fungi","floor":22,"turns":7},{"damage":6,"enemies":"Slavers","floor":23,"turns":5},{"damage":0,"enemies":"Gremlin Leader","floor":28,"turns":5},{"damage":0,"enemies":"Snecko","floor":30,"turns":4},{"damage":10,"enemies":"Champ","floor":33,"turns":1}],"seed_played":"-7184967229421159818","potions_obtained":[{"floor":1,"key":"EssenceOfSteel"},{"floor":4,"key":"EssenceOfSteel"},{"floor":12,"key":"Block Potion"},{"floor":13,"key":"EntropicBrew"},{"floor":13,"key":"Dexterity Potion"},{"floor":18,"key":"FairyPotion"},{"floor":23,"key":"Poison Potion"},{"floor":30,"key":"Dexterity Potion"}],"is_trial":false,"path_per_floor":["M","?","M","M","$","R","E","R","T","M","$","E","?","M","R","B",null,"M","?","$","M","M","E","?","R","T","T","E","?","M","$","R","B"],"character_chosen":"THE_SILENT","items_purchased":["Well Laid Plans","Poisoned Stab","Poisoned Stab","Good Instincts","Acrobatics","Poisoned Stab"],"campfire_rested":0,"item_purchase_floors":[5,5,11,20,31,31],"current_hp_per_floor":[61,61,61,49,49,49,42,42,42,39,39,39,39,38,38,19,59,32,32,32,12,2,3,3,3,3,3,3,3,5,5,5,0],"gold":36,"neow_bonus":"BOSS_RELIC","is_prod":false,"is_daily":false,"chose_seed":false,"campfire_upgraded":5,"win_rate":0,"timestamp":1564352587,"path_taken":["M","?","M","M","$","R","E","R","T","M","$","E","?","?","R","BOSS","M","?","$","?","M","E","?","R","T","?","E","?","?","$","R","BOSS"],"build_version":"2019-07-17","purchased_purges":2,"victory":false,"max_hp_per_floor":[70,70,70,70,70,70,70,70,70,70,70,70,70,72,72,72,72,72,72,72,74,74,74,74,74,74,74,74,74,76,76,76,76],"card_choices":[{"not_picked":["Escape Plan","Caltrops"],"picked":"All Out Attack","floor":1},{"not_picked":["Sucker Punch","Flying Knee"],"picked":"Predator","floor":3},{"not_picked":["Eviscerate","Deflect"],"picked":"Caltrops","floor":4},{"not_picked":["Well Laid Plans","Flying Knee"],"picked":"Bullet Time","floor":7},{"not_picked":["Riddle With Holes","Acrobatics"],"picked":"Cloak And Dagger","floor":10},{"not_picked":["Dodge and Roll","Blur"],"picked":"Crippling Poison","floor":12},{"not_picked":["Slice","Eviscerate","Prepared"],"picked":"Singing Bowl","floor":14},{"not_picked":["Grand Finale","A Thousand Cuts"],"picked":"Wraith Form v2","floor":16},{"not_picked":["Heel Hook+1","Quick Slash"],"picked":"Backflip+1","floor":18},{"not_picked":["Reflex","Cloak And Dagger","Quick Slash+1"],"picked":"Singing Bowl","floor":21},{"not_picked":["Deflect","Blade Dance"],"picked":"PiercingWail","floor":22},{"not_picked":["Prepared","Predator"],"picked":"PiercingWail+1","floor":23},{"not_picked":["Adrenaline","PiercingWail"],"picked":"Glass Knife","floor":28},{"not_picked":["Flying Knee+1","Prepared","Dagger Throw"],"picked":"Singing Bowl","floor":30}],"player_experience":500651,"relics_obtained":[{"floor":7,"key":"Ginger"},{"floor":9,"key":"Singing Bowl"},{"floor":12,"key":"Dodecahedron"},{"floor":23,"key":"Mummified Hand"},{"floor":26,"key":"Frozen Egg 2"},{"floor":27,"key":"Art of War"},{"floor":28,"key":"War Paint"}],"event_choices":[{"damage_healed":0,"gold_gain":0,"player_choice":"Ignored","damage_taken":0,"max_hp_gain":0,"max_hp_loss":0,"event_name":"Golden Idol","floor":2,"gold_loss":0},{"damage_healed":0,"gold_gain":0,"player_choice":"Got Potions","damage_taken":0,"max_hp_gain":0,"max_hp_loss":0,"event_name":"Lab","floor":13,"gold_loss":0},{"damage_healed":0,"gold_gain":0,"player_choice":"1 cards matched","damage_taken":0,"max_hp_gain":0,"max_hp_loss":0,"event_name":"Match and Keep!","floor":19,"gold_loss":0,"cards_obtained":["Envenom"]},{"damage_healed":0,"gold_gain":0,"player_choice":"Stole Relic","damage_taken":0,"relics_obtained":["Bag of Marbles"],"max_hp_gain":0,"max_hp_loss":0,"event_name":"Addict","floor":24,"gold_loss":0,"cards_obtained":["Shame"]},{"damage_healed":0,"gold_gain":0,"player_choice":"Gave Potion","damage_taken":0,"relics_obtained":["Ninja Scroll"],"max_hp_gain":0,"max_hp_loss":0,"event_name":"WeMeetAgain","floor":29,"gold_loss":0}],"is_beta":false,"boss_relics":[{"not_picked":["Snecko Eye","Cursed Key"],"picked":"Pandora\u0027s Box"}],"items_purged_floors":[20,31],"is_endless":false,"potions_floor_spawned":[1,4,12,14,18,23,30],"killed_by":"Champ","ascension_level":6}