{"gold_per_floor":[364,439,310,260,270,270,287,287,342,362,393,393,418,15,15,136,136,155,155,155,170,23,23,23,23,76,115,115,146,146,181,181,304,304,325,346,360,380,1379,1379,1379,1379,1379,721,741,762,762,781,781,781],"floor_reached":51,"playtime":1992,"items_purged":["Parasite","Strike_B","Normality"],"score":1044,"play_id":"ef03c8de-a6fd-49de-a646-78c3ad5e4f0d","local_time":"20190111210036","is_ascension_mode":true,"campfire_choices":[{"data":"Zap","floor":6.0,"key":"SMITH"},{"data":"Genetic Algorithm","floor":8.0,"key":"SMITH"},{"data":"Sweeping Beam","floor":15.0,"key":"SMITH"},{"data":"Capacitor","floor":23.0,"key":"SMITH"},{"data":"Buffer","floor":25.0,"key":"SMITH"},{"data":"Ball Lightning","floor":28.0,"key":"SMITH"},{"floor":30.0,"key":"REST"},{"data":"Barrage","floor":32.0,"key":"SMITH"},{"floor":40.0,"key":"REST"},{"data":"Defragment","floor":42.0,"key":"SMITH"},{"floor":47,"key":"REST"},{"floor":49,"key":"REST"}],"neow_cost":"CURSE","seed_source_timestamp":118183890955173,"circlet_count":0,"master_deck":["Strike_B","Strike_B","Defend_B","Defend_B","Defend_B","Zap+1","Dualcast","Leap","Steam","Genetic Algorithm+1","Ball Lightning+1","Sweeping Beam+1","White Noise","Barrage+1","Electrodynamics","Capacitor+1","Buffer+1","Cold Snap+1","Echo Form","Defragment+1","Consume+1","Normality","Conserve Battery+1","Hologram","Mayhem","Storm","Rainbow","Core Surge","Force Field","Defragment+1","Buffer"],"special_seed":0,"relics":["FrozenCore","Oddly Smooth Stone","Odd Mushroom","Happy Flower","Golden Idol","Membership Card","Incense Burner","Lee\u0027s Waffle","Dream Catcher","Dead Branch","Darkstone Periapt","Vajra","Nuclear Battery","Symbiotic Virus","Strawberry","Kunai","ClockworkSouvenir"],"potions_floor_usage":[46,48,50,50],"damage_taken":[{"damage":2.0,"enemies":"Jaw Worm","floor":1.0,"turns":4.0},{"damage":0.0,"enemies":"2 Louse","floor":5.0,"turns":3.0},{"damage":0.0,"enemies":"Small Slimes","floor":7.0,"turns":3.0},{"damage":19.0,"enemies":"The Mushroom Lair","floor":10.0,"turns":6.0},{"damage":3.0,"enemies":"3 Sentries","floor":11.0,"turns":7.0},{"damage":7.0,"enemies":"Blue Slaver","floor":13.0,"turns":4.0},{"damage":29.0,"enemies":"Slime Boss","floor":16.0,"turns":10.0},{"damage":2.0,"enemies":"Chosen","floor":18.0,"turns":5.0},{"damage":0.0,"enemies":"Spheric Guardian","floor":21.0,"turns":5.0},{"damage":14.0,"enemies":"Book of Stabbing","floor":27.0,"turns":6.0},{"damage":14.0,"enemies":"Gremlin Leader","floor":29.0,"turns":6.0},{"damage":17.0,"enemies":"Slavers","floor":31.0,"turns":6.0},{"damage":49.0,"enemies":"Champ","floor":33.0,"turns":16.0},{"damage":2.0,"enemies":"3 Darklings","floor":35.0,"turns":6.0},{"damage":14.0,"enemies":"3 Shapes","floor":36.0,"turns":4.0},{"damage":0.0,"enemies":"Maw","floor":37.0,"turns":8.0},{"damage":6.0,"enemies":"Spire Growth","floor":38.0,"turns":6.0},{"damage":0.0,"enemies":"Reptomancer","floor":41.0,"turns":2.0},{"damage":31.0,"enemies":"4 Shapes","floor":45.0,"turns":4.0},{"damage":22,"enemies":"Transient","floor":46,"turns":5},{"damage":1,"enemies":"Writhing Mass","floor":48,"turns":7},{"damage":16,"enemies":"Time Eater","floor":50,"turns":10}],"seed_played":"-3584937998759668629","potions_obtained":[{"floor":1.0,"key":"GamblersBrew"},{"floor":10.0,"key":"Regen Potion"},{"floor":16.0,"key":"Weak Potion"},{"floor":18.0,"key":"Dexterity Potion"},{"floor":31.0,"key":"SmokeBomb"},{"floor":33.0,"key":"EssenceOfSteel"},{"floor":35.0,"key":"Block Potion"},{"floor":46,"key":"Block Potion"}],"is_trial":false,"path_per_floor":["M","?","$","?","M","R","M","R","T","?","E","?","M","$","R","B",null,"M","?","?","M","$","R","?","R","T","E","R","E","R","E","R","B",null,"M","M","M","M","?","R","E","R","T","$","M","M","R","M","R","B",null],"character_chosen":"DEFECT","items_purchased":["Steam","Membership Card","Incense Burner","White Noise","Barrage","Lee\u0027s Waffle","Strawberry","Kunai","ClockworkSouvenir","Hologram","Mayhem","Storm","Rainbow","Core Surge","LiquidBronze"],"campfire_rested":4,"item_purchase_floors":[3,14,14,14,14,22,44,44,44,44,44,44,44,44,44],"current_hp_per_floor":[66,55,55,55,55,55,55,55,55,36,48,48,41,41,41,12,53,51,51,51,51,74,74,74,74,74,60,60,46,68,51,51,2,56,54,40,40,34,46,71,71,71,71,78,47,25,52,51,78,62],"gold":781,"neow_bonus":"TWO_FIFTY_GOLD","is_prod":false,"is_daily":false,"chose_seed":false,"campfire_upgraded":8,"win_rate":0,"timestamp":1547229636,"path_taken":["M","?","$","?","M","R","M","R","T","?","E","?","M","$","R","BOSS","M","?","?","M","$","R","?","R","T","E","R","E","R","E","R","BOSS","M","M","?","M","?","R","E","R","T","$","M","M","R","M","R","BOSS"],"build_version":"2019-01-10","purchased_purges":3,"victory":true,"max_hp_per_floor":[75,75,72,72,72,72,72,72,72,72,72,67,67,67,67,67,67,67,67,67,67,74,74,74,74,74,74,74,74,74,74,74,74,74,74,74,74,74,86,86,86,86,86,93,93,93,93,93,93,93],"card_choices":[{"not_picked":["Compile Driver","Aggregate"],"picked":"Leap","floor":1.0},{"not_picked":["Redo","Hello World"],"picked":"Genetic Algorithm","floor":5.0},{"not_picked":["Genetic Algorithm","Skim","Reinforced Body"],"picked":"SKIP","floor":7.0},{"not_picked":["Lockon","Gash"],"picked":"Ball Lightning","floor":10.0},{"not_picked":["Stack","Turbo","Machine Learning"],"picked":"SKIP","floor":11.0},{"not_picked":["Stack","Lockon"],"picked":"Sweeping Beam","floor":13.0},{"not_picked":["Fission","Rainbow"],"picked":"Electrodynamics","floor":16.0},{"not_picked":["Barrage","Hologram","Aggregate"],"picked":"SKIP","floor":18.0},{"not_picked":["Cold Snap","Go for the Eyes+1","Fission"],"picked":"SKIP","floor":21.0},{"not_picked":["Gash","Reprogram+1"],"picked":"Cold Snap+1","floor":27.0},{"not_picked":["Sweeping Beam","Reinforced Body","Turbo"],"picked":"SKIP","floor":29.0},{"not_picked":["Gash","Cold Snap","Tempest"],"picked":"SKIP","floor":31.0},{"not_picked":["Amplify","Electrodynamics"],"picked":"Echo Form","floor":33.0},{"not_picked":["Streamline","Ball Lightning"],"picked":"Defragment","floor":35.0},{"not_picked":["Ball Lightning","Compile Driver","Chaos+1"],"picked":"SKIP","floor":36.0},{"not_picked":["Beam Cell","Stack"],"picked":"Consume+1","floor":37.0},{"not_picked":["Leap","Hello World+1","Genetic Algorithm"],"picked":"SKIP","floor":38.0},{"not_picked":["Cold Snap","Loop"],"picked":"Conserve Battery+1","floor":40.0},{"not_picked":["Stack+1","Gash","Reprogram+1"],"picked":"SKIP","floor":45.0},{"not_picked":["Hologram+1","Conserve Battery"],"picked":"Force Field","floor":46},{"not_picked":["Sunder+1","Steam"],"picked":"Defragment+1","floor":47},{"not_picked":["Hologram+1","Steam"],"picked":"Buffer","floor":48}],"player_experience":677053,"relics_obtained":[{"floor":9.0,"key":"Oddly Smooth Stone"},{"floor":10.0,"key":"Odd Mushroom"},{"floor":11.0,"key":"Happy Flower"},{"floor":26.0,"key":"Dream Catcher"},{"floor":27.0,"key":"Dead Branch"},{"floor":29.0,"key":"Darkstone Periapt"},{"floor":31.0,"key":"Vajra"},{"floor":43.0,"key":"Symbiotic Virus"}],"event_choices":[{"damage_healed":0.0,"max_hp_gain":0.0,"max_hp_loss":0.0,"gold_gain":75.0,"event_name":"World of Goop","player_choice":"Gather Gold","floor":2.0,"gold_loss":0.0,"damage_taken":11.0},{"cards_removed":["Strike_B"],"damage_healed":0.0,"max_hp_gain":0.0,"max_hp_loss":0.0,"gold_gain":0.0,"event_name":"The Cleric","player_choice":"Card Removal","floor":4.0,"gold_loss":50.0,"damage_taken":0.0},{"damage_healed":0.0,"max_hp_gain":0.0,"max_hp_loss":0.0,"gold_gain":0.0,"event_name":"Mushrooms","player_choice":"Fought Mushrooms","floor":10.0,"gold_loss":0.0,"damage_taken":0.0},{"damage_healed":0.0,"max_hp_gain":0.0,"max_hp_loss":5.0,"gold_gain":0.0,"event_name":"Golden Idol","player_choice":"Lose Max HP","floor":12.0,"gold_loss":0.0,"damage_taken":0.0,"relics_obtained":["Golden Idol"]},{"damage_healed":0.0,"max_hp_gain":0.0,"max_hp_loss":0.0,"gold_gain":0.0,"event_name":"Vampires","player_choice":"Ignored","floor":19.0,"gold_loss":0.0,"damage_taken":0.0},{"damage_healed":0.0,"max_hp_gain":0.0,"max_hp_loss":0.0,"gold_gain":0.0,"event_name":"The Library","player_choice":"Read","floor":20.0,"gold_loss":0.0,"damage_taken":0.0,"cards_obtained":["Capacitor"]},{"damage_healed":0.0,"max_hp_gain":0.0,"max_hp_loss":0.0,"gold_gain":0.0,"cards_transformed":["Defend_B"],"event_name":"Transmorgrifier","player_choice":"Transformed","floor":24.0,"gold_loss":0.0,"damage_taken":0.0,"cards_obtained":["Buffer"]},{"damage_healed":0.0,"max_hp_gain":0.0,"max_hp_loss":0.0,"gold_gain":999.0,"event_name":"MindBloom","player_choice":"Gold","floor":39.0,"gold_loss":0.0,"damage_taken":0.0,"cards_obtained":["Normality","Normality"]}],"is_beta":false,"boss_relics":[{"not_picked":["Busted Crown","Ectoplasm"],"picked":"FrozenCore"},{"not_picked":["Empty Cage","Lizard Tail"],"picked":"Nuclear Battery"}],"items_purged_floors":[3,22,44],"is_endless":false,"potions_floor_spawned":[1,10,16,18,31,33,35,45,46],"ascension_level":7}