{"gold_per_floor":[111,111,128,128,148,176,176,191,191,217,217,252,252,285,285,389,389,409,193,207,225,225,225,253,253,276,309,309,324,337,347,347,443,443,454,464,118,132,59,85,103,103,126,144,144,176,189,215,215,215,215,215,43,71,71],"floor_reached":56,"playtime":2278,"items_purged":["Strike_G","Injury","Phantasmal Killer+1"],"score":1461,"play_id":"f8c57f4b-1568-4c1c-a34a-85c8f847c8d7","local_time":"20190716184417","is_ascension_mode":true,"campfire_choices":[{"data":"Neutralize","floor":7.0,"key":"SMITH"},{"data":"Backflip","floor":11.0,"key":"SMITH"},{"floor":13.0,"key":"REST"},{"data":"Deadly Poison","floor":15.0,"key":"SMITH"},{"floor":23.0,"key":"RECALL"},{"floor":25.0,"key":"REST"},{"floor":28.0,"key":"REST"},{"floor":32.0,"key":"REST"},{"floor":45,"key":"REST"},{"floor":49,"key":"REST"},{"floor":52,"key":"REST"}],"neow_cost":"CURSE","seed_source_timestamp":11109888805669,"circlet_count":0,"master_deck":["Strike_G","Strike_G","Defend_G","Defend_G","Defend_G+1","Defend_G","Defend_G+1","Survivor","Neutralize+1","Corpse Explosion+1","Deadly Poison+1","Backflip+1","Crippling Poison+1","Terror+1","Leg Sweep+1","PiercingWail+1","Adrenaline+1","Deflect+1","Dash","Escape Plan+1","Blur+1","Adrenaline+1","Backflip+1","A Thousand Cuts","Night Terror+1","Leg Sweep+1","Noxious Fumes","Apotheosis+1","PiercingWail+1","Noxious Fumes","Madness+1","Madness+1","Night Terror+1","Flechettes+1","After Image","Deflect+1"],"special_seed":0,"relics":["Ring of the Snake","Toxic Egg 2","Centennial Puzzle","Gremlin Horn","Ancient Tea Set","The Specimen","Mummified Hand","Fusion Hammer","War Paint","Oddly Smooth Stone","Snake Skull","Runic Pyramid","Mercury Hourglass","Shuriken","Bottled Lightning","Blue Candle"],"potions_floor_usage":[55,55],"damage_taken":[{"damage":1.0,"enemies":"Cultist","floor":1.0,"turns":4.0},{"damage":0.0,"enemies":"2 Louse","floor":3.0,"turns":3.0},{"damage":0.0,"enemies":"Small Slimes","floor":5.0,"turns":3.0},{"damage":16.0,"enemies":"Lagavulin","floor":6.0,"turns":5.0},{"damage":7.0,"enemies":"Looter","floor":8.0,"turns":3.0},{"damage":8.0,"enemies":"3 Sentries","floor":10.0,"turns":4.0},{"damage":18.0,"enemies":"Gremlin Nob","floor":12.0,"turns":4.0},{"damage":3.0,"enemies":"Lagavulin","floor":14.0,"turns":5.0},{"damage":32.0,"enemies":"Slime Boss","floor":16.0,"turns":7.0},{"damage":0.0,"enemies":"Chosen","floor":18.0,"turns":4.0},{"damage":0.0,"enemies":"Shell Parasite","floor":20.0,"turns":5.0},{"damage":2.0,"enemies":"Cultist and Chosen","floor":21.0,"turns":5.0},{"damage":7.0,"enemies":"Gremlin Leader","floor":24.0,"turns":5.0},{"damage":6.0,"enemies":"Book of Stabbing","floor":27.0,"turns":6.0},{"damage":0.0,"enemies":"Centurion and Healer","floor":29.0,"turns":4.0},{"damage":0.0,"enemies":"Snecko","floor":30.0,"turns":5.0},{"damage":0.0,"enemies":"Chosen and Byrds","floor":31.0,"turns":4.0},{"damage":1.0,"enemies":"Collector","floor":33.0,"turns":7.0},{"damage":0.0,"enemies":"3 Darklings","floor":35.0,"turns":2.0},{"damage":0,"enemies":"3 Shapes","floor":36,"turns":2},{"damage":0,"enemies":"3 Darklings","floor":38,"turns":2},{"damage":0,"enemies":"Giant Head","floor":40,"turns":9},{"damage":8,"enemies":"Jaw Worm Horde","floor":41,"turns":2},{"damage":0,"enemies":"Writhing Mass","floor":44,"turns":8},{"damage":0,"enemies":"Reptomancer","floor":46,"turns":4},{"damage":0,"enemies":"3 Darklings","floor":47,"turns":3},{"damage":30,"enemies":"Nemesis","floor":48,"turns":9},{"damage":28,"enemies":"Awakened One","floor":50,"turns":10},{"damage":0,"enemies":"Shield and Spear","floor":54,"turns":5},{"damage":40,"enemies":"The Heart","floor":55,"turns":11}],"seed_played":"-7664598599832131244","potions_obtained":[{"floor":5.0,"key":"SmokeBomb"},{"floor":6.0,"key":"AttackPotion"},{"floor":14.0,"key":"SteroidPotion"},{"floor":16.0,"key":"Energy Potion"},{"floor":20.0,"key":"EssenceOfSteel"},{"floor":30.0,"key":"SkillPotion"}],"is_trial":false,"path_per_floor":["M","?","M","T","M","E","R","M","T","E","R","E","R","E","R","B",null,"M","$","M","M","?","R","E","R","T","E","R","M","M","M","R","B",null,"M","M","$","M","$","E","M","?","T","M","R","E","M","E","R","B",null,"R","$","E","B",null],"character_chosen":"THE_SILENT","items_purchased":["Dash","Escape Plan+1","Noxious Fumes","Apotheosis+1","Noxious Fumes","Deflect+1"],"campfire_rested":7,"item_purchase_floors":[19,19,37,37,39,53],"current_hp_per_floor":[69,69,69,69,69,53,53,46,46,38,38,20,41,38,38,6,70,70,70,70,68,68,68,61,70,70,64,70,70,70,70,70,69,70,70,70,70,70,70,70,62,53,53,53,70,70,70,40,61,33,70,70,70,70,30],"gold":71,"neow_bonus":"THREE_RARE_CARDS","is_prod":false,"is_daily":false,"chose_seed":false,"campfire_upgraded":3,"win_rate":0,"timestamp":1563291857,"path_taken":["M","?","?","?","M","E","R","M","T","E","R","E","R","E","R","BOSS","M","$","M","M","?","R","E","R","T","E","R","M","M","M","R","BOSS","M","M","$","M","$","E","M","?","T","M","R","E","M","E","R","BOSS","R","$","E","BOSS"],"build_version":"2019-07-05","purchased_purges":3,"victory":true,"max_hp_per_floor":[70,70,70,70,70,70,70,70,70,70,70,70,70,70,70,70,70,70,70,70,70,70,70,70,70,70,70,70,70,70,70,70,70,70,70,70,70,70,70,70,70,70,70,70,70,70,70,70,70,70,70,70,70,70,70],"card_choices":[{"not_picked":["Bullet Time","Adrenaline"],"picked":"Corpse Explosion","floor":0.0},{"not_picked":["Acrobatics","Choke"],"picked":"Deadly Poison","floor":1.0},{"not_picked":["Outmaneuver","Underhanded Strike"],"picked":"Backflip","floor":3.0},{"not_picked":["Terror+1","Acrobatics+1"],"picked":"Crippling Poison+1","floor":5.0},{"not_picked":["Eviscerate","Distraction+1","Acrobatics+1"],"picked":"SKIP","floor":6.0},{"not_picked":["Storm of Steel+1","Flying Knee","Accuracy"],"picked":"SKIP","floor":8.0},{"not_picked":["Deflect+1","Predator"],"picked":"Terror+1","floor":10.0},{"not_picked":["Poisoned Stab","Bane"],"picked":"Leg Sweep+1","floor":12.0},{"not_picked":["Backflip+1","Quick Slash"],"picked":"PiercingWail+1","floor":14.0},{"not_picked":["Venomology+1","Burst+1"],"picked":"Adrenaline+1","floor":16.0},{"not_picked":["Concentrate+1","Bane"],"picked":"Deflect+1","floor":18.0},{"not_picked":["Quick Slash+1","All Out Attack"],"picked":"Blur+1","floor":20.0},{"not_picked":["Endless Agony","Acrobatics+1","Cloak And Dagger+1"],"picked":"SKIP","floor":21.0},{"not_picked":["Underhanded Strike","Calculated Gamble+1","Dagger Throw"],"picked":"SKIP","floor":24.0},{"not_picked":["Outmaneuver+1","Accuracy","Eviscerate"],"picked":"SKIP","floor":27.0},{"not_picked":["Slice","Acrobatics+1"],"picked":"Backflip+1","floor":29.0},{"not_picked":["Endless Agony","Blade Dance+1"],"picked":"A Thousand Cuts","floor":30.0},{"not_picked":["Poisoned Stab","Bane","Prepared+1"],"picked":"SKIP","floor":31.0},{"not_picked":["Phantasmal Killer+1","Adrenaline+1"],"picked":"Night Terror+1","floor":33.0},{"not_picked":["Slice+1","Well Laid Plans+1"],"picked":"Leg Sweep+1","floor":35},{"not_picked":["Acrobatics+1","Deflect+1","Riddle With Holes+1"],"picked":"SKIP","floor":36},{"not_picked":["Prepared+1","Dodge and Roll+1"],"picked":"PiercingWail+1","floor":38},{"not_picked":["Infinite Blades","Quick Slash","Leg Sweep+1"],"picked":"SKIP","floor":40},{"not_picked":["Dash+1","Backflip+1","Reflex+1"],"picked":"SKIP","floor":41},{"not_picked":["Prepared+1","Poisoned Stab+1","Escape Plan+1"],"picked":"SKIP","floor":44},{"not_picked":["Concentrate+1","Night Terror+1","Masterful Stab+1"],"picked":"SKIP","floor":46},{"not_picked":["Concentrate+1","Masterful Stab+1"],"picked":"Night Terror+1","floor":46},{"not_picked":["All Out Attack","Prepared+1"],"picked":"Flechettes+1","floor":47},{"not_picked":["Bane+1","Acrobatics+1"],"picked":"After Image","floor":48},{"not_picked":["Deflect+1","Sucker Punch+1","Glass Knife"],"picked":"SKIP","floor":54}],"player_experience":1066608,"relics_obtained":[{"floor":4.0,"key":"Toxic Egg 2"},{"floor":6.0,"key":"Centennial Puzzle"},{"floor":9.0,"key":"Gremlin Horn"},{"floor":10.0,"key":"Ancient Tea Set"},{"floor":12.0,"key":"The Specimen"},{"floor":14.0,"key":"Mummified Hand"},{"floor":24.0,"key":"War Paint"},{"floor":26.0,"key":"Oddly Smooth Stone"},{"floor":27.0,"key":"Snake Skull"},{"floor":40,"key":"Mercury Hourglass"},{"floor":46,"key":"Shuriken"},{"floor":48,"key":"Bottled Lightning"},{"floor":54,"key":"Blue Candle"}],"event_choices":[{"damage_healed":0.0,"max_hp_gain":0.0,"max_hp_loss":0.0,"gold_gain":0.0,"event_name":"Upgrade Shrine","player_choice":"Upgraded","floor":2.0,"gold_loss":0.0,"damage_taken":0.0,"cards_upgraded":["Corpse Explosion"]},{"damage_healed":0.0,"max_hp_gain":0.0,"max_hp_loss":0.0,"gold_gain":0.0,"cards_transformed":["Strike_G","Strike_G"],"event_name":"Drug Dealer","player_choice":"Became Test Subject","floor":22.0,"gold_loss":0.0,"damage_taken":0.0,"cards_obtained":["Phantasmal Killer","Adrenaline"]},{"damage_healed":0,"gold_gain":0,"player_choice":"Embrace Madness","damage_taken":9,"max_hp_gain":0,"max_hp_loss":0,"event_name":"Winding Halls","floor":42,"gold_loss":0,"cards_obtained":["Madness","Madness"]}],"is_beta":false,"boss_relics":[{"not_picked":["Cursed Key","Empty Cage"],"picked":"Fusion Hammer"},{"not_picked":["Philosopher\u0027s Stone","White Beast Statue"],"picked":"Runic Pyramid"}],"items_purged_floors":[19,37,53],"is_endless":false,"potions_floor_spawned":[5,6,14,16,20,21,27,30,31,33,36,41,44,48],"ascension_level":1}