{"gold_per_floor":[109,126,137,137,124,152,152,166,190,190,209,229,260,48,48,169,169,189,189,189,40,56,56,94,118,118,118,141,161,161,202,202,323,323,341,105,230,248,266,266,280,280,280,293,16,41,41,41,41,41,41,41,41,74,74],"floor_reached":55,"playtime":1863,"items_purged":["Strike_R","Strike_R+1","Writhe"],"score":701,"play_id":"e9fcf0bf-8a7a-4f3f-82b0-1b0cb686bad3","local_time":"20181118010403","is_ascension_mode":false,"campfire_choices":[{"data":"Flame Barrier","floor":7.0,"key":"SMITH"},{"data":"Inflame","floor":15.0,"key":"SMITH"},{"data":"Double Tap","floor":23.0,"key":"SMITH"},{"data":"Flex","floor":27.0,"key":"SMITH"},{"data":"Shrug It Off","floor":30.0,"key":"SMITH"},{"data":"Bash","floor":32.0,"key":"SMITH"},{"data":"Barricade","floor":40.0,"key":"SMITH"},{"floor":42.0,"key":"RECALL"},{"floor":49.0,"key":"REST"},{"data":"Impervious","floor":52.0,"key":"SMITH"}],"neow_cost":"NONE","seed_source_timestamp":40900219628858,"circlet_count":0,"master_deck":["Strike_R+1","Strike_R+1","Strike_R+1","Defend_R+1","Defend_R+1","Defend_R+1","Defend_R+1","Bash+1","Shrug It Off+1","Flame Barrier+1","Flex+1","Clothesline+1","Flex+1","Sword Boomerang+1","Metallicize","Inflame+1","Bludgeon+1","Double Tap+1","Thunderclap+1","Pommel Strike+1","True Grit+1","Battle Trance","Barricade+1","Metallicize","Entrench+1","Impervious+1","Flame Barrier+1","Seeing Red+1","Body Slam+1"],"special_seed":0,"relics":["Burning Blood","NeowsBlessing","Molten Egg 2","War Paint","Pen Nib","Golden Idol","Art of War","Cursed Key","MutagenicStrength","Bronze Scales","Bottled Lightning","Strawberry","Orrery","Prayer Wheel","Vajra","Bag of Marbles"],"potions_floor_usage":[],"damage_taken":[{"damage":0.0,"enemies":"Jaw Worm","floor":1.0,"turns":1.0},{"damage":0.0,"enemies":"Cultist","floor":2.0,"turns":1.0},{"damage":0.0,"enemies":"Small Slimes","floor":3.0,"turns":1.0},{"damage":5.0,"enemies":"Exordium Thugs","floor":5.0,"turns":4.0},{"damage":25.0,"enemies":"Gremlin Nob","floor":6.0,"turns":5.0},{"damage":9.0,"enemies":"2 Fungi Beasts","floor":8.0,"turns":4.0},{"damage":3.0,"enemies":"Exordium Wildlife","floor":11.0,"turns":4.0},{"damage":9.0,"enemies":"Blue Slaver","floor":12.0,"turns":4.0},{"damage":14.0,"enemies":"3 Sentries","floor":13.0,"turns":12.0},{"damage":18.0,"enemies":"The Guardian","floor":16.0,"turns":8.0},{"damage":11.0,"enemies":"Shell Parasite","floor":18.0,"turns":4.0},{"damage":2.0,"enemies":"Spheric Guardian","floor":22.0,"turns":3.0},{"damage":18.0,"enemies":"Book of Stabbing","floor":24.0,"turns":3.0},{"damage":0.0,"enemies":"3 Cultists","floor":25.0,"turns":2.0},{"damage":0.0,"enemies":"Chosen and Byrds","floor":28.0,"turns":3.0},{"damage":0.0,"enemies":"Snake Plant","floor":29.0,"turns":3.0},{"damage":21.0,"enemies":"Slavers","floor":31.0,"turns":5.0},{"damage":57.0,"enemies":"Automaton","floor":33.0,"turns":9.0},{"damage":4.0,"enemies":"3 Shapes","floor":35.0,"turns":2.0},{"damage":22.0,"enemies":"Mind Bloom Boss Battle","floor":37.0,"turns":9.0},{"damage":0.0,"enemies":"Orb Walker","floor":38.0,"turns":1.0},{"damage":18.0,"enemies":"Spire Growth","floor":39.0,"turns":5.0},{"damage":13.0,"enemies":"Maw","floor":41.0,"turns":10.0},{"damage":14.0,"enemies":"Jaw Worm Horde","floor":44.0,"turns":4.0},{"damage":0.0,"enemies":"Transient","floor":46.0,"turns":5.0},{"damage":22.0,"enemies":"Time Eater","floor":50.0,"turns":14.0},{"damage":48.0,"enemies":"Shield and Spear","floor":54.0,"turns":7.0},{"damage":59,"enemies":"The Heart","floor":55,"turns":3}],"seed_played":"4954930253721066620","potions_obtained":[{"floor":3.0,"key":"Explosive Potion"},{"floor":8.0,"key":"Explosive Potion"},{"floor":11.0,"key":"Poison Potion"},{"floor":16.0,"key":"Dexterity Potion"},{"floor":29.0,"key":"Dexterity Potion"},{"floor":31.0,"key":"SkillPotion"},{"floor":44.0,"key":"Dexterity Potion"}],"is_trial":false,"path_per_floor":["M","M","M","?","M","E","R","M","T","?","M","M","M","E","$","R","B",null,"M","?","?","$","M","R","E","M","T","R","M","M","R","E","R","B",null,"M","$","?","M","M","R","M","R","T","M","$","M","?","$","R","B",null,"R","$","E","E","B"],"character_chosen":"IRONCLAD","items_purchased":["Bludgeon+1","Bronze Scales","Impervious","Vajra"],"campfire_rested":1,"item_purchase_floors":[14,21,36,45],"current_hp_per_floor":[80,80,80,80,80,61,61,58,58,58,61,58,50,50,50,38,74,69,69,69,69,73,73,61,67,67,67,73,74,74,66,66,15,81,81,81,65,71,59,59,52,52,52,44,44,50,50,50,74,58,81,81,81,39,0],"gold":74,"neow_bonus":"THREE_ENEMY_KILL","is_prod":false,"is_daily":false,"chose_seed":false,"campfire_upgraded":8,"win_rate":0,"timestamp":1542492243,"path_taken":["M","M","M","?","?","E","R","M","T","?","M","M","E","$","R","BOSS","M","?","?","?","M","R","E","M","T","R","M","M","R","E","R","BOSS","M","$","?","M","M","R","M","R","T","M","$","M","?","?","R","BOSS","R","$","E","BOSS"],"build_version":"2018-11-15","purchased_purges":3,"victory":false,"max_hp_per_floor":[80,80,80,80,80,80,80,80,80,74,74,74,74,74,74,74,74,74,74,74,74,74,74,74,74,74,74,74,74,74,81,81,81,81,81,81,81,81,81,81,81,81,81,81,81,81,81,81,81,81,81,81,81,81,81],"card_choices":[{"not_picked":["Anger","Warcry"],"picked":"Shrug It Off","floor":1.0},{"not_picked":["Body Slam","Shrug It Off"],"picked":"Flame Barrier","floor":2.0},{"not_picked":["True Grit","Anger"],"picked":"Flex","floor":3.0},{"not_picked":["Spot Weakness","Sword Boomerang+1"],"picked":"Clothesline+1","floor":5.0},{"not_picked":["Warcry","Dark Embrace"],"picked":"Flex","floor":6.0},{"not_picked":["Flex","Havoc"],"picked":"Sword Boomerang+1","floor":8.0},{"not_picked":["Sever Soul+1","Rampage+1"],"picked":"Metallicize","floor":11.0},{"not_picked":["Fire Breathing","Warcry","Heavy Blade+1"],"picked":"SKIP","floor":12.0},{"not_picked":["Corruption","Clothesline+1"],"picked":"Inflame","floor":13.0},{"not_picked":["Impervious","Limit Break"],"picked":"Double Tap","floor":16.0},{"not_picked":["Cleave+1","Spot Weakness"],"picked":"Thunderclap+1","floor":18.0},{"not_picked":["Clash+1","Anger+1","Thunderclap+1"],"picked":"SKIP","floor":22.0},{"not_picked":["Metallicize","Sword Boomerang+1"],"picked":"Pommel Strike+1","floor":24.0},{"not_picked":["Spot Weakness+1","Cleave+1"],"picked":"True Grit+1","floor":25.0},{"not_picked":["Perfected Strike+1","Infernal Blade","Thunderclap+1"],"picked":"SKIP","floor":28.0},{"not_picked":["Dark Embrace","Clash+1","Perfected Strike+1"],"picked":"SKIP","floor":29.0},{"not_picked":["Cleave+1","Warcry"],"picked":"Battle Trance","floor":31.0},{"not_picked":["Bludgeon+1","Fiend Fire+1"],"picked":"Barricade","floor":33.0},{"not_picked":["Heavy Blade+1","Anger+1"],"picked":"Metallicize","floor":34.0},{"not_picked":["Clash+1","Armaments"],"picked":"Entrench+1","floor":35.0},{"not_picked":["True Grit","Bloodletting"],"picked":"Flame Barrier+1","floor":38.0},{"not_picked":["Armaments","Twin Strike+1","Combust"],"picked":"SKIP","floor":38.0},{"not_picked":["Armaments","Twin Strike+1","Combust"],"picked":"SKIP","floor":38.0},{"not_picked":["Anger+1","Shrug It Off"],"picked":"Seeing Red+1","floor":39.0},{"not_picked":["Demon Form","Rage","Battle Trance+1"],"picked":"SKIP","floor":39.0},{"not_picked":["Seeing Red+1","Whirlwind+1","Heavy Blade+1"],"picked":"SKIP","floor":41.0},{"not_picked":["Perfected Strike+1","True Grit+1","Sword Boomerang+1"],"picked":"SKIP","floor":41.0},{"not_picked":["Burning Pact","Twin Strike+1"],"picked":"Body Slam+1","floor":44.0},{"not_picked":["Sentinel","Shrug It Off","Wild Strike+1"],"picked":"SKIP","floor":44.0},{"not_picked":["Heavy Blade+1","Clothesline+1","Spot Weakness"],"picked":"SKIP","floor":46.0},{"not_picked":["Rupture","Flame Barrier","Headbutt+1"],"picked":"SKIP","floor":46.0},{"not_picked":["Dual Wield","Rage","Pummel+1"],"picked":"SKIP","floor":54}],"player_experience":525807,"relics_obtained":[{"floor":6.0,"key":"War Paint"},{"floor":9.0,"key":"Pen Nib"},{"floor":13.0,"key":"Art of War"},{"floor":24.0,"key":"Bottled Lightning"},{"floor":31.0,"key":"Strawberry"},{"floor":37.0,"key":"Prayer Wheel"},{"floor":54,"key":"Bag of Marbles"}],"event_choices":[{"damage_healed":0.0,"max_hp_gain":0.0,"max_hp_loss":0.0,"gold_gain":0.0,"event_name":"WeMeetAgain","player_choice":"Gave Potion","floor":4.0,"gold_loss":0.0,"damage_taken":0.0,"relics_obtained":["Molten Egg 2"]},{"damage_healed":0.0,"max_hp_gain":0.0,"max_hp_loss":6.0,"gold_gain":0.0,"event_name":"Golden Idol","player_choice":"Lose Max HP","floor":10.0,"gold_loss":0.0,"damage_taken":0.0,"relics_obtained":["Golden Idol"]},{"damage_healed":0.0,"max_hp_gain":0.0,"max_hp_loss":0.0,"gold_gain":0.0,"event_name":"Back to Basics","player_choice":"Simplicity","floor":19.0,"gold_loss":0.0,"damage_taken":0.0,"cards_upgraded":["Strike_R","Strike_R","Strike_R","Strike_R","Defend_R","Defend_R","Defend_R"]},{"damage_healed":0.0,"max_hp_gain":0.0,"max_hp_loss":0.0,"gold_gain":0.0,"event_name":"Drug Dealer","player_choice":"Inject Mutagens","floor":20.0,"gold_loss":0.0,"damage_taken":0.0,"relics_obtained":["MutagenicStrength"]},{"damage_healed":0.0,"max_hp_gain":0.0,"max_hp_loss":0.0,"gold_gain":0.0,"event_name":"MindBloom","player_choice":"Fight","floor":37.0,"gold_loss":0.0,"damage_taken":0.0},{"damage_healed":0.0,"max_hp_gain":0.0,"max_hp_loss":0.0,"gold_gain":0.0,"event_name":"Mysterious Sphere","player_choice":"Ignored","floor":47.0,"gold_loss":0.0,"damage_taken":0.0}],"is_beta":false,"boss_relics":[{"not_picked":["Coffee Dripper","Snecko Eye"],"picked":"Cursed Key"},{"not_picked":["Runic Dome","Mark of Pain"],"picked":"Orrery"}],"items_purged_floors":[14,36,45],"is_endless":false,"potions_floor_spawned":[3,8,11,16,22,29,31,37,38,41,44],"killed_by":"The Heart","ascension_level":0}