{"gold_per_floor":[118,192,202,202,127,127,143,162,162,162,162,177,177,194,194,293,293,313,228,318,182,200,200,200,200,281,281,281],"floor_reached":28,"playtime":1702,"items_purged":["Strike_R","Strike_R"],"score":206,"play_id":"798e9a57-b2a7-415d-b8b1-a4f5d8ee5ff8","local_time":"20190412012314","is_ascension_mode":false,"campfire_choices":[{"data":"Iron Wave","floor":6,"key":"SMITH"},{"data":"Seeing Red","floor":11,"key":"SMITH"},{"data":"Double Tap","floor":15,"key":"SMITH"},{"data":"Barricade","floor":23,"key":"SMITH"},{"data":"Entrench","floor":25,"key":"SMITH"},{"data":"Body Slam","floor":27,"key":"SMITH"}],"neow_cost":"NONE","seed_source_timestamp":57793879577109,"circlet_count":0,"master_deck":["Defend_R+1","Defend_R","Defend_R+1","Bash","Seeing Red+1","Iron Wave+1","Double Tap+1","Barricade+1","Entrench+1","Body Slam+1","Berserk"],"relics":["Burning Blood","Pear","War Paint","Dodecahedron","Eternal Feather","Question Card","Kunai"],"potions_floor_usage":[16,22,22,28],"damage_taken":[{"damage":0,"enemies":"Cultist","floor":1,"turns":4},{"damage":4,"enemies":"Jaw Worm","floor":3,"turns":5},{"damage":0,"enemies":"2 Louse","floor":7,"turns":4},{"damage":4,"enemies":"Red Slaver","floor":8,"turns":3},{"damage":0,"enemies":"Looter","floor":12,"turns":3},{"damage":0,"enemies":"3 Louse","floor":14,"turns":4},{"damage":86,"enemies":"Hexaghost","floor":16,"turns":12},{"damage":24,"enemies":"2 Thieves","floor":18,"turns":5},{"damage":2,"enemies":"3 Byrds","floor":22,"turns":8},{"damage":91,"enemies":"Book of Stabbing","floor":28,"turns":8}],"seed_played":"-2336198162728088865","potions_obtained":[{"floor":8,"key":"EssenceOfSteel"},{"floor":14,"key":"Fire Potion"},{"floor":16,"key":"GamblersBrew"},{"floor":18,"key":"Regen Potion"}],"is_trial":false,"path_per_floor":["M","T","M","?","$","R","M","M","T","?","R","M","T","M","R","B",null,"M","?","?","$","M","R","?","R","T","R","E"],"character_chosen":"IRONCLAD","items_purchased":["Entrench"],"campfire_rested":0,"item_purchase_floors":[21],"current_hp_per_floor":[80,90,90,83,83,83,89,90,90,90,90,90,90,90,90,10,90,72,72,54,54,73,79,79,85,85,90,0],"gold":281,"neow_bonus":"TRANSFORM_CARD","is_prod":false,"is_daily":false,"chose_seed":false,"campfire_upgraded":6,"win_rate":0.0,"timestamp":1555024994,"path_taken":["M","?","?","?","$","R","M","M","T","?","R","M","?","M","R","BOSS","M","?","?","$","?","R","?","R","T","R","E"],"build_version":"2019-01-23","purchased_purges":2,"victory":false,"max_hp_per_floor":[80,90,90,90,90,90,90,90,90,90,90,90,90,90,90,90,90,90,90,90,90,90,90,90,90,90,90,90],"card_choices":[{"not_picked":["Clothesline","Body Slam"],"picked":"Iron Wave","floor":1},{"not_picked":["Wild Strike","Perfected Strike","Sword Boomerang"],"picked":"SKIP","floor":3},{"not_picked":["Bloodletting","Blood for Blood","Combust"],"picked":"SKIP","floor":7},{"not_picked":["Headbutt","Wild Strike","Hemokinesis"],"picked":"SKIP","floor":8},{"not_picked":["Pommel Strike","Flex","Shrug It Off"],"picked":"SKIP","floor":12},{"not_picked":["Burning Pact","Sword Boomerang"],"picked":"Double Tap","floor":14},{"not_picked":["Impervious","Dark Embrace"],"picked":"Barricade","floor":16},{"not_picked":["Pommel Strike","Havoc","Shockwave"],"picked":"SKIP","floor":18},{"not_picked":["Pommel Strike","Cleave+1","Burning Pact","Havoc"],"picked":"SKIP","floor":22}],"player_experience":67599,"relics_obtained":[{"floor":2,"key":"Pear"},{"floor":9,"key":"War Paint"},{"floor":13,"key":"Dodecahedron"},{"floor":26,"key":"Kunai"}],"event_choices":[{"cards_removed":["Strike_R"],"damage_healed":0,"gold_gain":0,"player_choice":"Card Removal","damage_taken":7,"max_hp_gain":0,"max_hp_loss":0,"event_name":"Golden Wing","floor":4,"gold_loss":0},{"damage_healed":0,"gold_gain":0,"player_choice":"Ignored","damage_taken":0,"max_hp_gain":0,"max_hp_loss":0,"event_name":"Liars Game","floor":10,"gold_loss":0},{"damage_healed":0,"gold_gain":0,"player_choice":"Obtained Relic","damage_taken":0,"relics_obtained":["Question Card"],"max_hp_gain":0,"max_hp_loss":0,"event_name":"Addict","floor":19,"gold_loss":85},{"damage_healed":0,"gold_gain":90,"player_choice":"GOLD ","damage_taken":18,"max_hp_gain":0,"max_hp_loss":0,"event_name":"Knowing Skull","floor":20,"potions_obtained":[],"gold_loss":0,"cards_obtained":[]},{"damage_healed":0,"gold_gain":0,"cards_transformed":["Strike_R","Defend_R"],"player_choice":"Became Test Subject","damage_taken":0,"max_hp_gain":0,"max_hp_loss":0,"event_name":"Drug Dealer","floor":24,"gold_loss":0,"cards_obtained":["Body Slam","Berserk"]}],"is_beta":false,"boss_relics":[{"not_picked":["Busted Crown","Snecko Eye"],"picked":"Eternal Feather"}],"items_purged_floors":[5,21],"is_endless":false,"potions_floor_spawned":[8,14,16,18],"killed_by":"Book of Stabbing","ascension_level":0}