{"gold_per_floor":[368,176,126,126,201,201,27,54,54,66,95,95,109,121,121,221,221,235,250,250,56,72,104,104,139,139,139,154,169,44,56,56,152,152,169,0,0,16,16,16,49,59,112,112,145,160,194,212,212,212],"floor_reached":51,"playtime":1788,"items_purged":["Strike_R","Strike_R","Strike_R"],"score":899,"play_id":"cfd133cc-dd4a-41a3-8979-e53bc16b8bc8","local_time":"20190620215505","is_ascension_mode":true,"campfire_choices":[{"data":"Uppercut","floor":6,"key":"SMITH"},{"data":"Demon Form","floor":12,"key":"SMITH"},{"data":"Disarm","floor":15,"key":"SMITH"},{"data":"Perfected Strike","floor":24,"key":"SMITH"},{"data":"Inflame","floor":27,"key":"SMITH"},{"data":"Clothesline","floor":32,"key":"SMITH"},{"data":"Offering","floor":40,"key":"SMITH"},{"data":"Sword Boomerang","floor":44,"key":"SMITH"},{"data":"Juggernaut","floor":49,"key":"SMITH"}],"neow_cost":"TEN_PERCENT_HP_LOSS","seed_source_timestamp":48621912114050,"circlet_count":0,"master_deck":["Defend_R","Defend_R","Bash","Uppercut+1","Shrug It Off","Disarm+1","Warcry","Inflame+1","Demon Form+1","Sword Boomerang+1","Offering+1","Perfected Strike+1","Mind Blast","Twin Strike","Flame Barrier+1","Clothesline+1","Reaper","Barricade+1","Burning Pact+1","Corruption+1","Perfected Strike","Juggernaut+1","Juggernaut"],"relics":["Burning Blood","Anchor","Bronze Scales","Happy Flower","Red Skull","Bottled Tornado","Snecko Eye","Toxic Egg 2","Orichalcum","Sundial","Astrolabe","Red Mask","Strawberry","Unceasing Top","Oddly Smooth Stone"],"potions_floor_usage":[],"damage_taken":[{"damage":3,"enemies":"Small Slimes","floor":1,"turns":3},{"damage":27,"enemies":"Lagavulin","floor":8,"turns":7},{"damage":1,"enemies":"Jaw Worm","floor":10,"turns":2},{"damage":10,"enemies":"Gremlin Nob","floor":11,"turns":4},{"damage":0,"enemies":"2 Louse","floor":13,"turns":3},{"damage":2,"enemies":"Blue Slaver","floor":14,"turns":3},{"damage":9,"enemies":"Hexaghost","floor":16,"turns":7},{"damage":6,"enemies":"3 Byrds","floor":18,"turns":3},{"damage":6,"enemies":"Spheric Guardian","floor":19,"turns":3},{"damage":0,"enemies":"Centurion and Healer","floor":22,"turns":3},{"damage":38,"enemies":"Gremlin Leader","floor":23,"turns":4},{"damage":8,"enemies":"Book of Stabbing","floor":25,"turns":3},{"damage":6,"enemies":"Cultist and Chosen","floor":28,"turns":3},{"damage":0,"enemies":"Chosen and Byrds","floor":29,"turns":3},{"damage":9,"enemies":"Snake Plant","floor":31,"turns":4},{"damage":2,"enemies":"Champ","floor":33,"turns":8},{"damage":0,"enemies":"3 Shapes","floor":35,"turns":4},{"damage":7,"enemies":"3 Darklings","floor":38,"turns":4},{"damage":26,"enemies":"Nemesis","floor":41,"turns":5},{"damage":6,"enemies":"Spire Growth","floor":42,"turns":3},{"damage":6,"enemies":"Giant Head","floor":45,"turns":6},{"damage":6,"enemies":"Jaw Worm Horde","floor":46,"turns":3},{"damage":6,"enemies":"Reptomancer","floor":47,"turns":4},{"damage":0,"enemies":"Maw","floor":48,"turns":5},{"damage":80,"enemies":"Awakened One","floor":50,"turns":9}],"seed_played":"-1283759089157082343","potions_obtained":[{"floor":8,"key":"EssenceOfSteel"},{"floor":11,"key":"Swift Potion"},{"floor":14,"key":"EssenceOfSteel"},{"floor":33,"key":"Block Potion"},{"floor":47,"key":"LiquidBronze"}],"is_trial":false,"path_per_floor":["M","$","?","?","?","R","$","E","T","M","E","R","M","M","R","B",null,"M","M","?","$","M","E","R","E","T","R","M","M","$","M","R","B",null,"M","?","?","M","$","R","E","M","T","R","E","M","E","M","R","B",null],"character_chosen":"IRONCLAD","items_purchased":["Anchor","Shrug It Off","Disarm","Warcry","Mind Blast"],"campfire_rested":0,"item_purchase_floors":[2,2,7,7,21],"current_hp_per_floor":[72,72,72,69,58,58,58,37,37,42,38,38,44,48,48,45,72,72,72,72,72,72,40,40,38,38,38,38,44,44,41,41,45,72,72,72,72,72,72,72,78,79,79,79,79,79,79,79,79,42],"gold":212,"neow_bonus":"TWO_FIFTY_GOLD","is_prod":false,"is_daily":false,"chose_seed":false,"campfire_upgraded":9,"win_rate":0,"timestamp":1561056905,"path_taken":["M","$","?","?","?","R","?","E","T","M","E","R","M","M","R","BOSS","M","M","?","?","M","E","R","E","T","R","?","M","$","M","R","BOSS","M","?","?","?","$","R","E","M","T","R","E","M","E","M","R","BOSS"],"build_version":"2019-01-23","purchased_purges":3,"victory":true,"max_hp_per_floor":[72,72,72,72,72,72,72,72,72,72,72,72,72,72,72,72,72,72,72,72,72,72,72,72,72,72,72,72,72,72,72,72,72,72,72,72,72,72,72,72,79,79,79,79,79,79,79,79,79,79],"card_choices":[{"not_picked":["Headbutt","Body Slam"],"picked":"Uppercut","floor":1},{"not_picked":["Feel No Pain","Anger","Rampage"],"picked":"SKIP","floor":8},{"not_picked":["True Grit","Flex"],"picked":"Inflame","floor":10},{"not_picked":["Anger","Feel No Pain"],"picked":"Demon Form","floor":11},{"not_picked":["Infernal Blade","Iron Wave"],"picked":"Sword Boomerang","floor":13},{"not_picked":["Rage","Bloodletting","Hemokinesis"],"picked":"SKIP","floor":14},{"not_picked":["Juggernaut","Brutality"],"picked":"Offering","floor":16},{"not_picked":["Dropkick+1","Armaments+1","Cleave+1"],"picked":"SKIP","floor":18},{"not_picked":["Perfected Strike","Warcry","Headbutt+1"],"picked":"SKIP","floor":19},{"not_picked":["Warcry","Headbutt+1"],"picked":"Perfected Strike","floor":19},{"not_picked":["Havoc","Armaments","Twin Strike"],"picked":"SKIP","floor":22},{"not_picked":["Havoc","Armaments"],"picked":"Twin Strike","floor":22},{"not_picked":["Headbutt","Havoc"],"picked":"Flame Barrier","floor":23},{"not_picked":["Havoc+1","Reckless Charge","Searing Blow"],"picked":"SKIP","floor":25},{"not_picked":["Twin Strike","Headbutt+1","Pommel Strike"],"picked":"SKIP","floor":28},{"not_picked":["Rampage","Pommel Strike","Cleave+1"],"picked":"SKIP","floor":29},{"not_picked":["Thunderclap","Heavy Blade","Clothesline"],"picked":"SKIP","floor":31},{"not_picked":["Thunderclap","Heavy Blade"],"picked":"Clothesline","floor":31},{"not_picked":["Exhume+1","Feed"],"picked":"Reaper","floor":33},{"not_picked":["Clothesline+1","Infernal Blade+1","Warcry+1"],"picked":"SKIP","floor":35},{"not_picked":["Pommel Strike+1","Hemokinesis"],"picked":"Perfected Strike","floor":38},{"not_picked":["Whirlwind+1","Iron Wave+1"],"picked":"Juggernaut","floor":41},{"not_picked":["Reckless Charge+1","Cleave+1","Burning Pact+1"],"picked":"SKIP","floor":42},{"not_picked":["Reckless Charge","Corruption+1","Twin Strike"],"picked":"SKIP","floor":45},{"not_picked":["Havoc+1","Flex+1","Body Slam+1"],"picked":"SKIP","floor":46},{"not_picked":["Battle Trance+1","Clash+1"],"picked":"Juggernaut","floor":47},{"not_picked":["Seeing Red+1","Body Slam","Sword Boomerang+1"],"picked":"SKIP","floor":48}],"player_experience":986086,"relics_obtained":[{"floor":8,"key":"Happy Flower"},{"floor":9,"key":"Red Skull"},{"floor":11,"key":"Bottled Tornado"},{"floor":23,"key":"Toxic Egg 2"},{"floor":25,"key":"Orichalcum"},{"floor":26,"key":"Sundial"},{"floor":41,"key":"Strawberry"},{"floor":45,"key":"Unceasing Top"},{"floor":47,"key":"Oddly Smooth Stone"}],"event_choices":[{"cards_removed":["Strike_R"],"damage_healed":0,"gold_gain":0,"player_choice":"Card Removal","damage_taken":0,"max_hp_gain":0,"max_hp_loss":0,"event_name":"The Cleric","floor":3,"gold_loss":50},{"damage_healed":0,"gold_gain":0,"player_choice":"Success","damage_taken":3,"relics_obtained":["Bronze Scales"],"max_hp_gain":0,"max_hp_loss":0,"event_name":"Scrap Ooze","floor":4,"gold_loss":0},{"damage_healed":0,"gold_gain":75,"player_choice":"Gather Gold","damage_taken":11,"max_hp_gain":0,"max_hp_loss":0,"event_name":"World of Goop","floor":5,"gold_loss":0},{"damage_healed":0,"gold_gain":0,"player_choice":"Ignored","damage_taken":0,"max_hp_gain":0,"max_hp_loss":0,"event_name":"N\u0027loth","floor":20,"gold_loss":0},{"damage_healed":0,"gold_gain":0,"player_choice":"Paid","damage_taken":0,"relics_obtained":["Red Mask"],"max_hp_gain":0,"max_hp_loss":0,"event_name":"Tomb of Lord Red Mask","floor":36,"gold_loss":169},{"damage_healed":0,"gold_gain":0,"player_choice":"Ignored","damage_taken":0,"max_hp_gain":0,"max_hp_loss":0,"event_name":"SecretPortal","floor":37,"gold_loss":0}],"is_beta":false,"boss_relics":[{"not_picked":["Calling Bell","Black Star"],"picked":"Snecko Eye"},{"not_picked":["White Beast Statue","Tiny House"],"picked":"Astrolabe"}],"items_purged_floors":[7,21,30],"is_endless":false,"potions_floor_spawned":[8,11,14,18,19,25,28,33,38,41,47],"ascension_level":1}