{"gold_per_floor":[213,229,245,41,52,52,77,42,42,61,61,61,96,109,109,180,180,199,199,199,218,61,61,90,90,90,100,100,100,100,114,114,193,193,206,219,236,250,266,266,300,300,300,300],"floor_reached":44,"playtime":1510,"items_purged":["Strike_R","Strike_R"],"score":940,"play_id":"ae77a530-382d-4f92-af0f-7afae3905dc9","local_time":"20190803132232","is_ascension_mode":true,"campfire_choices":[{"data":"Wild Strike","floor":6.0,"key":"SMITH"},{"floor":12.0,"key":"REST"},{"data":"Sword Boomerang","floor":15.0,"key":"SMITH"},{"data":"Inflame","floor":23.0,"key":"SMITH"},{"data":"Inflame","floor":25.0,"key":"SMITH"},{"floor":28.0,"key":"REST"},{"data":"Bash","floor":30,"key":"SMITH"},{"data":"Barricade","floor":32,"key":"SMITH"},{"floor":40,"key":"REST"},{"floor":42,"key":"REST"}],"neow_cost":"NONE","seed_source_timestamp":5755163756646,"circlet_count":0,"master_deck":["AscendersBane","Strike_R","Strike_R","Strike_R","Defend_R","Defend_R","Defend_R","Defend_R","Bash+1","Disarm","Thunderclap","Disarm","Inflame+1","Wild Strike+1","Burning Pact","Sword Boomerang+1","Inflame+1","Offering","Shrug It Off","Shrug It Off","Armaments+1","Barricade+1","Feed"],"special_seed":0,"relics":["Black Blood","Centennial Puzzle","Shuriken","Charon\u0027s Ashes","Philosopher\u0027s Stone","Red Skull","Oddly Smooth Stone","Matryoshka","MutagenicStrength","Pear","Regal Pillow","Meat on the Bone"],"potions_floor_usage":[37,38,44],"damage_taken":[{"damage":7.0,"enemies":"Cultist","floor":1.0,"turns":4.0},{"damage":15.0,"enemies":"Small Slimes","floor":2.0,"turns":4.0},{"damage":19.0,"enemies":"Jaw Worm","floor":3.0,"turns":5.0},{"damage":12.0,"enemies":"Looter","floor":5.0,"turns":3.0},{"damage":15.0,"enemies":"Lagavulin","floor":7.0,"turns":6.0},{"damage":30.0,"enemies":"Lots of Slimes","floor":10.0,"turns":4.0},{"damage":8.0,"enemies":"Gremlin Nob","floor":13.0,"turns":3.0},{"damage":24.0,"enemies":"Exordium Wildlife","floor":14.0,"turns":5.0},{"damage":19.0,"enemies":"The Guardian","floor":16.0,"turns":10.0},{"damage":9.0,"enemies":"3 Byrds","floor":18.0,"turns":4.0},{"damage":18.0,"enemies":"Spheric Guardian","floor":21.0,"turns":3.0},{"damage":22.0,"enemies":"Gremlin Leader","floor":24.0,"turns":4.0},{"damage":6.0,"enemies":"Cultist and Chosen","floor":27.0,"turns":3.0},{"damage":16,"enemies":"Centurion and Healer","floor":31,"turns":4},{"damage":10,"enemies":"Champ","floor":33,"turns":9},{"damage":30,"enemies":"3 Darklings","floor":35,"turns":5},{"damage":12,"enemies":"Orb Walker","floor":36,"turns":2},{"damage":20,"enemies":"Maw","floor":37,"turns":9},{"damage":32,"enemies":"Transient","floor":38,"turns":6},{"damage":12,"enemies":"4 Shapes","floor":39,"turns":7},{"damage":31,"enemies":"Nemesis","floor":41,"turns":6},{"damage":81,"enemies":"Reptomancer","floor":44,"turns":5}],"seed_played":"39475481755480678","potions_obtained":[{"floor":1.0,"key":"Block Potion"},{"floor":2.0,"key":"FearPotion"},{"floor":11.0,"key":"AttackPotion"},{"floor":11.0,"key":"Block Potion"},{"floor":13.0,"key":"AttackPotion"},{"floor":21.0,"key":"Dexterity Potion"},{"floor":36,"key":"Weak Potion"},{"floor":37,"key":"AttackPotion"},{"floor":41,"key":"Fire Potion"}],"is_trial":false,"path_per_floor":["M","M","M","$","M","R","E","?","T","M","?","R","E","M","R","B",null,"M","?","?","M","$","R","E","R","T","M","R","?","R","M","R","B",null,"M","M","M","M","M","R","E","R","T","E"],"character_chosen":"IRONCLAD","items_purchased":["Inflame","Wild Strike","Shrug It Off"],"campfire_rested":4,"item_purchase_floors":[4,4,22],"current_hp_per_floor":[67,58,45,45,39,39,30,48,48,24,24,46,44,26,26,13,60,57,57,57,45,45,45,29,29,29,29,51,51,51,41,41,37,66,50,48,38,16,17,41,30,57,57,0],"gold":300,"neow_bonus":"HUNDRED_GOLD","is_prod":false,"is_daily":false,"chose_seed":false,"campfire_upgraded":6,"win_rate":0,"timestamp":1564827752,"path_taken":["M","?","M","$","M","R","E","?","T","M","?","R","E","?","R","BOSS","M","?","?","M","$","R","E","R","T","?","R","?","R","M","R","BOSS","M","M","M","M","M","R","E","R","T","E"],"build_version":"2019-07-17","purchased_purges":2,"victory":false,"max_hp_per_floor":[75,75,75,75,75,75,75,75,75,75,75,75,75,75,75,75,75,75,75,75,75,75,75,75,75,75,75,75,75,75,75,75,75,75,79,79,79,79,82,82,92,92,92,92],"card_choices":[{"not_picked":["Bloodletting","Flex"],"picked":"Disarm","floor":1.0},{"not_picked":["Havoc","Flex"],"picked":"Thunderclap","floor":2.0},{"not_picked":["Havoc","Anger"],"picked":"Disarm","floor":3.0},{"not_picked":["Pummel","Perfected Strike"],"picked":"Burning Pact","floor":5.0},{"not_picked":["Burning Pact","Wild Strike","True Grit"],"picked":"SKIP","floor":7.0},{"not_picked":["Cleave","Fiend Fire"],"picked":"Sword Boomerang","floor":10.0},{"not_picked":["Wild Strike","Fire Breathing","Evolve"],"picked":"SKIP","floor":13.0},{"not_picked":["Pummel","Armaments"],"picked":"Inflame","floor":14.0},{"not_picked":["Double Tap","Juggernaut"],"picked":"Offering","floor":16.0},{"not_picked":["Reckless Charge","Heavy Blade","Flex"],"picked":"SKIP","floor":18.0},{"not_picked":["Clash","Fire Breathing"],"picked":"Shrug It Off","floor":21.0},{"not_picked":["Wild Strike","Cleave","Burning Pact"],"picked":"SKIP","floor":24.0},{"not_picked":["Sever Soul","Heavy Blade+1"],"picked":"Armaments+1","floor":27.0},{"not_picked":["Pommel Strike","Reckless Charge"],"picked":"Barricade","floor":31},{"not_picked":["Dark Embrace","Barricade"],"picked":"Feed","floor":33},{"not_picked":["Havoc","Dual Wield","Perfected Strike"],"picked":"SKIP","floor":35},{"not_picked":["Thunderclap","Anger+1","Spot Weakness"],"picked":"SKIP","floor":36},{"not_picked":["Heavy Blade","Second Wind","Armaments+1"],"picked":"SKIP","floor":37},{"not_picked":["Anger","Bloodletting","Rampage+1"],"picked":"SKIP","floor":38},{"not_picked":["Fire Breathing","Heavy Blade","Perfected Strike"],"picked":"SKIP","floor":39},{"not_picked":["Havoc","Searing Blow+1","Sentinel"],"picked":"SKIP","floor":41}],"player_experience":1116911,"relics_obtained":[{"floor":7.0,"key":"Centennial Puzzle"},{"floor":9.0,"key":"Shuriken"},{"floor":13.0,"key":"Charon\u0027s Ashes"},{"floor":24.0,"key":"Oddly Smooth Stone"},{"floor":26.0,"key":"Matryoshka"},{"floor":41,"key":"Pear"},{"floor":43,"key":"Regal Pillow"},{"floor":43,"key":"Meat on the Bone"}],"event_choices":[{"damage_healed":18.0,"max_hp_gain":0.0,"max_hp_loss":0.0,"gold_gain":0.0,"event_name":"The Cleric","player_choice":"Healed","floor":8.0,"gold_loss":35.0,"damage_taken":0.0},{"damage_healed":0.0,"max_hp_gain":0.0,"max_hp_loss":0.0,"gold_gain":0.0,"event_name":"Lab","player_choice":"Got Potions","floor":11.0,"gold_loss":0.0,"damage_taken":0.0},{"damage_healed":0.0,"max_hp_gain":0.0,"max_hp_loss":0.0,"gold_gain":0.0,"event_name":"The Mausoleum","player_choice":"Opened","floor":19.0,"gold_loss":0.0,"damage_taken":0.0,"relics_obtained":["Red Skull"],"cards_obtained":["Writhe"]},{"cards_removed":["Writhe"],"damage_healed":0.0,"max_hp_gain":0.0,"max_hp_loss":0.0,"gold_gain":0.0,"event_name":"Purifier","player_choice":"Purged","floor":20.0,"gold_loss":0.0,"damage_taken":0.0},{"damage_healed":0,"gold_gain":0,"player_choice":"Inject Mutagens","damage_taken":0,"relics_obtained":["MutagenicStrength"],"max_hp_gain":0,"max_hp_loss":0,"event_name":"Drug Dealer","floor":29,"gold_loss":0}],"is_beta":false,"boss_relics":[{"not_picked":["Pandora\u0027s Box","Eternal Feather"],"picked":"Philosopher\u0027s Stone"},{"not_picked":["Lizard Tail","Runic Dome"],"picked":"Black Blood"}],"items_purged_floors":[4,22],"is_endless":false,"potions_floor_spawned":[1,2,13,16,21,36,37,41],"killed_by":"Reptomancer","ascension_level":20}