{"gold_per_floor":[368,221,221,240,415,415,415,415,438,456,456,456,470,70,70,168,168,187,202,202],"floor_reached":20,"playtime":1038,"items_purged":["Strike_B","Strike_B"],"score":211,"play_id":"96c29489-b305-4873-8539-e23121ea593b","local_time":"20190802102408","is_ascension_mode":true,"campfire_choices":[{"floor":6,"key":"REST"},{"data":"Defragment","floor":8,"key":"SMITH"},{"data":"Defend_B","floor":11,"key":"SMITH"},{"floor":15,"key":"REST"}],"neow_cost":"PERCENT_DAMAGE","seed_source_timestamp":41009799964248,"circlet_count":0,"master_deck":["Strike_B","Strike_B","Defend_B+1","Defend_B","Defend_B+1","Defend_B+1","Zap","Dualcast","Leap","Defragment+1","Gash","Genetic Algorithm","Ball Lightning","Coolheaded","Defragment","Night Terror","Self Repair"],"relics":["Cracked Core","Mercury Hourglass","Orichalcum","PrismaticShard","Cursed Key"],"potions_floor_usage":[16],"damage_taken":[{"damage":0,"enemies":"2 Louse","floor":1,"turns":3},{"damage":2,"enemies":"Small Slimes","floor":4,"turns":3},{"damage":1,"enemies":"Jaw Worm","floor":10,"turns":3},{"damage":0,"enemies":"Large Slime","floor":13,"turns":5},{"damage":4,"enemies":"Slime Boss","floor":16,"turns":6},{"damage":11,"enemies":"Spheric Guardian","floor":18,"turns":4},{"damage":29,"enemies":"2 Thieves","floor":19,"turns":4},{"damage":43,"enemies":"Snecko","floor":20,"turns":4}],"seed_played":"-4541320499261909305","potions_obtained":[{"floor":10,"key":"LiquidBronze"},{"floor":13,"key":"SteroidPotion"}],"is_trial":false,"path_per_floor":["M","$","?","M","?","R","T","R","T","M","R","?","M","$","R","B",null,"M","M","M"],"character_chosen":"DEFECT","items_purchased":["Defragment","PrismaticShard","Coolheaded","Defragment"],"campfire_rested":2,"item_purchase_floors":[2,14,14,14],"current_hp_per_floor":[50,50,35,33,33,55,55,55,55,54,54,54,54,54,75,71,74,63,34,0],"gold":202,"neow_bonus":"TWO_FIFTY_GOLD","is_prod":false,"is_daily":false,"chose_seed":false,"campfire_upgraded":2,"win_rate":0,"timestamp":1564759448,"path_taken":["M","$","?","M","?","R","?","R","T","M","R","?","M","$","R","BOSS","M","M","M"],"build_version":"2019-07-17","purchased_purges":2,"victory":false,"max_hp_per_floor":[75,75,75,75,75,75,75,75,75,75,75,75,75,75,75,75,75,75,75,75],"card_choices":[{"not_picked":["Rebound","Capacitor"],"picked":"Leap","floor":1},{"not_picked":["Recycle","Rebound"],"picked":"Gash","floor":4},{"not_picked":["Stack","Sweeping Beam"],"picked":"Genetic Algorithm","floor":10},{"not_picked":["Streamline","Redo"],"picked":"Ball Lightning","floor":13},{"not_picked":["After Image","Double Tap"],"picked":"Night Terror","floor":16},{"not_picked":["Sword Boomerang","Twin Strike","Underhanded Strike"],"picked":"SKIP","floor":18},{"not_picked":["Warcry+1","Madness"],"picked":"Self Repair","floor":19}],"player_experience":573097,"relics_obtained":[{"floor":7,"key":"Mercury Hourglass"},{"floor":9,"key":"Orichalcum"}],"event_choices":[{"damage_healed":0,"gold_gain":0,"player_choice":"Entered Light","damage_taken":15,"max_hp_gain":0,"max_hp_loss":0,"event_name":"Shining Light","floor":3,"gold_loss":0,"cards_upgraded":["Defend_B","Defend_B"]},{"damage_healed":0,"gold_gain":175,"player_choice":"AGREE","damage_taken":0,"max_hp_gain":0,"max_hp_loss":0,"event_name":"Liars Game","floor":5,"gold_loss":0,"cards_obtained":["Doubt"]},{"cards_removed":["Doubt"],"damage_healed":0,"gold_gain":0,"player_choice":"Forget","damage_taken":0,"max_hp_gain":0,"max_hp_loss":0,"event_name":"Living Wall","floor":12,"gold_loss":0}],"is_beta":false,"boss_relics":[{"not_picked":["Astrolabe","Snecko Eye"],"picked":"Cursed Key"}],"items_purged_floors":[2,14],"is_endless":false,"potions_floor_spawned":[10,13],"killed_by":"Snecko","ascension_level":6}