{"gold_per_floor":[110,123,5,80,80,80,80,80,80,80,43,62,106,106],"floor_reached":14,"playtime":210,"items_purged":[],"score":168,"play_id":"a811f3c7-7363-467b-be0a-b2f8ac60c249","local_time":"20190726002213","is_ascension_mode":true,"campfire_choices":[{"data":"Backflip","floor":6,"key":"SMITH"},{"data":"Masterful Stab","floor":8,"key":"SMITH"}],"neow_cost":"NONE","seed_source_timestamp":23652999528463,"circlet_count":0,"master_deck":["AscendersBane","Strike_G","Strike_G","Strike_G","Strike_G","Defend_G","Defend_G","Defend_G","Defend_G","Defend_G","Survivor","Neutralize","Finisher","Backflip+1","Caltrops","Masterful Stab+1","Caltrops","PiercingWail","Terror"],"relics":["Ring of the Snake","NeowsBlessing","Golden Idol","Pantograph","Frozen Egg 2"],"potions_floor_usage":[13,13],"damage_taken":[{"damage":0,"enemies":"2 Louse","floor":1,"turns":1},{"damage":0,"enemies":"Jaw Worm","floor":2,"turns":1},{"damage":0,"enemies":"Small Slimes","floor":12,"turns":1},{"damage":25,"enemies":"Gremlin Nob","floor":13,"turns":3},{"damage":5,"enemies":"Red Slaver","floor":14,"turns":1}],"seed_played":"-6297890387094995940","potions_obtained":[{"floor":1,"key":"GamblersBrew"},{"floor":2,"key":"LiquidBronze"},{"floor":13,"key":"FearPotion"}],"is_trial":false,"path_per_floor":["M","M","$","?","?","R","?","R","T","?","$","M","E","M"],"character_chosen":"THE_SILENT","items_purchased":["Caltrops","Masterful Stab","Caltrops"],"campfire_rested":0,"item_purchase_floors":[3,3,11],"current_hp_per_floor":[59,59,59,48,25,25,30,30,30,30,30,30,5,0],"gold":106,"neow_bonus":"THREE_ENEMY_KILL","is_prod":false,"is_daily":false,"chose_seed":false,"campfire_upgraded":2,"win_rate":0,"timestamp":1564125733,"path_taken":["M","M","$","?","?","R","?","R","T","?","$","M","E","M"],"build_version":"2019-07-17","purchased_purges":0,"victory":false,"max_hp_per_floor":[66,66,66,66,66,66,71,71,71,71,71,71,71,71],"card_choices":[{"not_picked":["Acrobatics","Eviscerate"],"picked":"Finisher","floor":1},{"not_picked":["Dodge and Roll","Sucker Punch"],"picked":"Backflip","floor":2},{"not_picked":["Backflip","Bane"],"picked":"PiercingWail","floor":12},{"not_picked":["Reflex","Outmaneuver"],"picked":"Terror","floor":13}],"player_experience":678053,"relics_obtained":[{"floor":9,"key":"Pantograph"},{"floor":13,"key":"Frozen Egg 2"}],"event_choices":[{"damage_healed":0,"gold_gain":75,"player_choice":"Gather Gold","damage_taken":11,"max_hp_gain":0,"max_hp_loss":0,"event_name":"World of Goop","floor":4,"gold_loss":0},{"damage_healed":0,"gold_gain":0,"player_choice":"Take Damage","damage_taken":23,"relics_obtained":["Golden Idol"],"max_hp_gain":0,"max_hp_loss":0,"event_name":"Golden Idol","floor":5,"gold_loss":0},{"damage_healed":0,"gold_gain":0,"player_choice":"Donut","damage_taken":0,"max_hp_gain":5,"max_hp_loss":0,"event_name":"Big Fish","floor":7,"gold_loss":0},{"cards_removed":["Strike_G"],"damage_healed":0,"gold_gain":0,"player_choice":"Purged","damage_taken":0,"max_hp_gain":0,"max_hp_loss":0,"event_name":"Purifier","floor":10,"gold_loss":0}],"is_beta":false,"boss_relics":[],"items_purged_floors":[],"is_endless":false,"potions_floor_spawned":[1,2,13],"killed_by":"Red Slaver","ascension_level":19}