{"gold_per_floor":[115,128,128,128,146,146,182,182,182,182,216,216],"floor_reached":12,"playtime":399,"items_purged":[],"score":172,"play_id":"4af9dc53-fbfd-42bc-89f9-35fbf64b9d90","local_time":"20190802230954","is_ascension_mode":true,"campfire_choices":[{"data":"Bash","floor":6,"key":"SMITH"},{"floor":10,"key":"REST"}],"neow_cost":"NONE","seed_source_timestamp":106824246153100,"circlet_count":0,"master_deck":["AscendersBane","Strike_R","Strike_R","Strike_R","Strike_R","Defend_R","Defend_R","Defend_R","Defend_R","Bash+1","Pummel","Headbutt","Twin Strike","Combust"],"relics":["Burning Blood","Golden Idol","Incense Burner","Smiling Mask","Boot"],"potions_floor_usage":[12],"damage_taken":[{"damage":1,"enemies":"Small Slimes","floor":1,"turns":4},{"damage":7,"enemies":"Jaw Worm","floor":2,"turns":4},{"damage":2,"enemies":"Cultist","floor":5,"turns":4},{"damage":31,"enemies":"Gremlin Nob","floor":7,"turns":4},{"damage":35,"enemies":"Lagavulin","floor":11,"turns":7},{"damage":7,"enemies":"3 Louse","floor":12,"turns":2}],"seed_played":"1745178966394320576","potions_obtained":[{"floor":5,"key":"LiquidBronze"},{"floor":11,"key":"Swift Potion"}],"is_trial":false,"path_per_floor":["M","M","?","?","M","R","E","?","T","R","E","M"],"character_chosen":"IRONCLAD","items_purchased":[],"campfire_rested":1,"item_purchase_floors":[],"current_hp_per_floor":[80,79,51,51,55,55,30,12,12,36,7,0],"gold":216,"neow_bonus":"TEN_PERCENT_HP_BONUS","is_prod":false,"is_daily":false,"chose_seed":false,"campfire_upgraded":1,"win_rate":0,"timestamp":1564801794,"path_taken":["M","M","?","?","?","R","E","?","T","R","E","M"],"build_version":"2019-07-17","purchased_purges":0,"victory":false,"max_hp_per_floor":[82,82,82,82,82,82,82,82,82,82,82,82],"card_choices":[{"not_picked":["Shrug It Off","Second Wind"],"picked":"Pummel","floor":1},{"not_picked":["Body Slam","Rage"],"picked":"Headbutt","floor":2},{"not_picked":["Burning Pact","Metallicize"],"picked":"Twin Strike","floor":5},{"not_picked":["Reckless Charge","Dual Wield","Havoc"],"picked":"SKIP","floor":7},{"not_picked":["Perfected Strike","Clash"],"picked":"Combust","floor":11}],"player_experience":2541396,"relics_obtained":[{"floor":7,"key":"Incense Burner"},{"floor":11,"key":"Boot"}],"event_choices":[{"damage_healed":0,"gold_gain":0,"player_choice":"Take Damage","damage_taken":28,"relics_obtained":["Golden Idol"],"max_hp_gain":0,"max_hp_loss":0,"event_name":"Golden Idol","floor":3,"gold_loss":0},{"cards_removed":["Strike_R"],"damage_healed":0,"gold_gain":0,"player_choice":"Purged","damage_taken":0,"max_hp_gain":0,"max_hp_loss":0,"event_name":"Purifier","floor":4,"gold_loss":0},{"damage_healed":0,"gold_gain":0,"player_choice":"Success","damage_taken":18,"relics_obtained":["Smiling Mask"],"max_hp_gain":0,"max_hp_loss":0,"event_name":"Scrap Ooze","floor":8,"gold_loss":0}],"is_beta":false,"boss_relics":[],"items_purged_floors":[],"is_endless":false,"potions_floor_spawned":[5,11],"killed_by":"3 Louse","ascension_level":20}