{"gold_per_floor":[17,192,192,210,210,244,258,299,345,345,324,338,338,356,356,356],"floor_reached":16,"playtime":479,"items_purged":[],"score":118,"play_id":"066966d2-f47d-4957-9fc8-e2e63f7a31c7","local_time":"20190612122534","is_ascension_mode":true,"campfire_choices":[{"floor":10.0,"key":"REST"},{"data":"Bash","floor":15.0,"key":"SMITH"}],"neow_cost":"NO_GOLD","seed_source_timestamp":96759856846654,"circlet_count":0,"master_deck":["Strike_R","Strike_R","Strike_R","Strike_R","Strike_R","Defend_R","Defend_R","Defend_R","Defend_R","Bash+1","Immolate","Clothesline","Doubt","Ghostly Armor"],"special_seed":0,"relics":["Burning Blood","Golden Idol","Kunai","Dream Catcher","Blood Vial","Peace Pipe"],"potions_floor_usage":[16,16,16],"damage_taken":[{"damage":5.0,"enemies":"Small Slimes","floor":1.0,"turns":2.0},{"damage":14.0,"enemies":"Jaw Worm","floor":4.0,"turns":4.0},{"damage":43.0,"enemies":"Gremlin Nob","floor":6.0,"turns":5.0},{"damage":0.0,"enemies":"2 Louse","floor":7.0,"turns":1.0},{"damage":37.0,"enemies":"Lagavulin","floor":8.0,"turns":8.0},{"damage":14.0,"enemies":"Exordium Thugs","floor":11.0,"turns":5.0},{"damage":11.0,"enemies":"Lots of Slimes","floor":12.0,"turns":3.0},{"damage":5.0,"enemies":"Looter","floor":14.0,"turns":3.0},{"damage":36,"enemies":"Slime Boss","floor":16,"turns":10}],"seed_played":"-1574580444679054868","potions_obtained":[{"floor":6.0,"key":"SpeedPotion"},{"floor":8.0,"key":"Strength Potion"},{"floor":11.0,"key":"GamblersBrew"},{"floor":14.0,"key":"SpeedPotion"}],"is_trial":false,"path_per_floor":["M","?","?","M","?","E","M","E","T","R","M","M","T","M","R","B"],"character_chosen":"IRONCLAD","items_purchased":[],"campfire_rested":1,"item_purchase_floors":[],"current_hp_per_floor":[80,80,74,66,71,34,40,9,9,32,26,23,23,26,26,0],"gold":356,"neow_bonus":"THREE_RARE_CARDS","is_prod":false,"is_daily":false,"chose_seed":false,"campfire_upgraded":1,"win_rate":0,"timestamp":1560331534,"path_taken":["M","?","?","M","?","E","M","E","T","R","M","M","?","?","R","BOSS"],"build_version":"2019-01-23","purchased_purges":0,"victory":false,"max_hp_per_floor":[80,80,74,74,79,79,79,79,79,79,79,79,79,79,79,79],"card_choices":[{"not_picked":["Exhume","Demon Form"],"picked":"Immolate","floor":0.0},{"not_picked":["Power Through","Pommel Strike"],"picked":"Clothesline","floor":1.0},{"not_picked":["Iron Wave","Thunderclap","True Grit"],"picked":"SKIP","floor":4.0},{"not_picked":["Intimidate","Flex","Evolve"],"picked":"SKIP","floor":6.0},{"not_picked":["Havoc","Headbutt","Clash"],"picked":"SKIP","floor":7.0},{"not_picked":["Rage","Carnage","Wild Strike"],"picked":"SKIP","floor":8.0},{"not_picked":["Intimidate","Reaper"],"picked":"Ghostly Armor","floor":10.0},{"not_picked":["Entrench","Rage","Heavy Blade"],"picked":"SKIP","floor":11.0},{"not_picked":["Spot Weakness","Pummel","Combust"],"picked":"SKIP","floor":12.0},{"not_picked":["Thunderclap","Cleave","Havoc"],"picked":"SKIP","floor":14.0},{"not_picked":["Thunderclap","Cleave","Havoc"],"picked":"SKIP","floor":14.0}],"player_experience":962534,"relics_obtained":[{"floor":6.0,"key":"Kunai"},{"floor":8.0,"key":"Dream Catcher"},{"floor":9.0,"key":"Blood Vial"},{"floor":13.0,"key":"Peace Pipe"}],"event_choices":[{"damage_healed":0.0,"max_hp_gain":0.0,"max_hp_loss":0.0,"gold_gain":175.0,"event_name":"Liars Game","player_choice":"AGREE","floor":2.0,"gold_loss":0.0,"damage_taken":0.0,"cards_obtained":["Doubt"]},{"damage_healed":0.0,"max_hp_gain":0.0,"max_hp_loss":6.0,"gold_gain":0.0,"event_name":"Golden Idol","player_choice":"Lose Max HP","floor":3.0,"gold_loss":0.0,"damage_taken":0.0,"relics_obtained":["Golden Idol"]},{"damage_healed":0.0,"max_hp_gain":5.0,"max_hp_loss":0.0,"gold_gain":0.0,"event_name":"Big Fish","player_choice":"Donut","floor":5.0,"gold_loss":0.0,"damage_taken":0.0}],"is_beta":false,"boss_relics":[],"items_purged_floors":[],"is_endless":false,"potions_floor_spawned":[6,8,11,14],"killed_by":"Slime Boss","ascension_level":1}