{"gold_per_floor":[118,118,35,35,52,52,84,84,107,125,135,145,159,172,172,247,297,309,309,152,162,181,181,193,203,254,254],"floor_reached":27,"playtime":559,"items_purged":["Strike_R"],"score":484,"play_id":"ab39f046-7490-4959-8eeb-c2fabd81fbc1","local_time":"20180906170045","is_ascension_mode":true,"campfire_choices":[{"data":"Whirlwind","floor":6.0,"key":"SMITH"},{"data":"Flex","floor":8.0,"key":"SMITH"},{"data":"Bash","floor":15.0,"key":"SMITH"},{"floor":23,"key":"REST"}],"neow_cost":"NONE","seed_source_timestamp":15134693179700,"circlet_count":0,"master_deck":["Strike_R","Strike_R","Strike_R","Strike_R","Defend_R","Defend_R","Defend_R","Defend_R","Bash+1","AscendersBane","Twin Strike","Shrug It Off","Flex+1","Thunderclap","Whirlwind+1","Dropkick+1","Offering","Flex","Flame Barrier","Headbutt"],"special_seed":0,"relics":["Burning Blood","Happy Flower","Pen Nib","Tiny House","MutagenicStrength","Orichalcum"],"potions_floor_usage":[],"damage_taken":[{"damage":2.0,"enemies":"Jaw Worm","floor":1.0,"turns":3.0},{"damage":0.0,"enemies":"2 Louse","floor":5.0,"turns":2.0},{"damage":20.0,"enemies":"Gremlin Nob","floor":7.0,"turns":4.0},{"damage":12.0,"enemies":"Small Slimes","floor":10.0,"turns":2.0},{"damage":9.0,"enemies":"Red Slaver","floor":11.0,"turns":2.0},{"damage":7.0,"enemies":"Lots of Slimes","floor":12.0,"turns":2.0},{"damage":14.0,"enemies":"3 Louse","floor":13.0,"turns":3.0},{"damage":8.0,"enemies":"Large Slime","floor":14.0,"turns":4.0},{"damage":0.0,"enemies":"Slime Boss","floor":16.0,"turns":4.0},{"damage":28.0,"enemies":"Spheric Guardian","floor":18.0,"turns":4.0},{"damage":18,"enemies":"Shell Parasite","floor":21,"turns":5},{"damage":40,"enemies":"Snake Plant","floor":22,"turns":4},{"damage":12,"enemies":"Centurion and Healer","floor":24,"turns":2},{"damage":24,"enemies":"3 Cultists","floor":25,"turns":3},{"damage":14,"enemies":"Snake Plant","floor":27,"turns":1}],"seed_played":"-2788191023538282236","potions_obtained":[{"floor":5.0,"key":"SpeedPotion"},{"floor":11.0,"key":"SkillPotion"},{"floor":14.0,"key":"Swift Potion"},{"floor":17.0,"key":"Dexterity Potion"},{"floor":21,"key":"Dexterity Potion"}],"is_trial":false,"path_per_floor":["M","?","$","?","M","R","E","R","T","M","M","M","M","M","R","B",null,"M","?","$","M","M","R","M","M","T"],"character_chosen":"IRONCLAD","items_purchased":["Flex","Thunderclap","Flame Barrier"],"campfire_rested":1,"item_purchase_floors":[3,3,20],"current_hp_per_floor":[72,72,72,77,80,80,66,66,66,60,57,56,48,46,46,52,78,56,56,56,44,10,35,29,11,11,0],"gold":254,"neow_bonus":"THREE_CARDS","is_prod":false,"is_daily":false,"chose_seed":false,"campfire_upgraded":3,"win_rate":0,"timestamp":1536242445,"path_taken":["M","?","$","?","M","R","E","R","T","M","M","M","?","M","R","BOSS","M","?","$","M","?","R","M","M","T","M"],"build_version":"2018-08-30","purchased_purges":1,"victory":false,"max_hp_per_floor":[75,75,75,80,80,80,80,80,80,80,80,80,80,80,80,80,85,85,85,85,85,85,85,85,85,85,85],"card_choices":[{"not_picked":["Fire Breathing","Heavy Blade"],"picked":"Twin Strike","floor":0.0},{"not_picked":["Clash","Metallicize"],"picked":"Shrug It Off","floor":1.0},{"not_picked":["Twin Strike","Flex"],"picked":"Whirlwind","floor":5.0},{"not_picked":["Infernal Blade","Searing Blow","Iron Wave"],"picked":"SKIP","floor":7.0},{"not_picked":["Perfected Strike","True Grit","Iron Wave"],"picked":"SKIP","floor":10.0},{"not_picked":["Hemokinesis","Exhume"],"picked":"Dropkick","floor":11.0},{"not_picked":["Armaments","Disarm","Infernal Blade"],"picked":"SKIP","floor":12.0},{"not_picked":["Dropkick","Hemokinesis","Wild Strike"],"picked":"SKIP","floor":13.0},{"not_picked":["Cleave","Dropkick","Body Slam"],"picked":"SKIP","floor":14.0},{"not_picked":["Limit Break","Dark Embrace"],"picked":"Offering","floor":16.0},{"not_picked":["Whirlwind","Clash"],"picked":"Flex","floor":17.0},{"not_picked":["Wild Strike","Feel No Pain","Shrug It Off"],"picked":"SKIP","floor":18.0},{"not_picked":["Warcry","Shrug It Off"],"picked":"Headbutt","floor":21},{"not_picked":["Searing Blow","Twin Strike+1","Sword Boomerang"],"picked":"SKIP","floor":22},{"not_picked":["Burning Pact","Twin Strike+1","Havoc"],"picked":"SKIP","floor":24},{"not_picked":["Thunderclap","Body Slam","Dropkick"],"picked":"SKIP","floor":25}],"player_experience":455203,"relics_obtained":[{"floor":7.0,"key":"Happy Flower"},{"floor":9.0,"key":"Pen Nib"},{"floor":26,"key":"Orichalcum"}],"event_choices":[{"event_name":"Shining Light","player_choice":"Ignored","floor":2.0,"damage_taken":0.0},{"event_name":"Big Fish","player_choice":"Donut","floor":4.0,"damage_taken":0.0},{"event_name":"Drug Dealer","player_choice":"Inject Mutagens","floor":19,"damage_taken":0}],"is_beta":false,"boss_relics":[{"not_picked":["Runic Pyramid","Runic Cube"],"picked":"Tiny House"}],"items_purged_floors":[20],"is_endless":false,"potions_floor_spawned":[5,11,12,14,21,22],"killed_by":"Snake Plant","ascension_level":16}