{"gold_per_floor":[112,112,112,112,123,155,155,173,173,192,192,202,202,51,51,154,154,172,172,97,115,134,164,179,179,179,179,209,220,235,150,150,249,249,265,265,185,205,205,205,231,244,244,244,244,263,15,32,32,32,32,32,32,65,65],"floor_reached":56,"playtime":2728,"items_purged":["Defend_G"],"score":1197,"play_id":"f72f75ab-2449-4a60-a811-d58e799a44e6","local_time":"20181130133546","is_ascension_mode":false,"campfire_choices":[{"data":"Dodge and Roll","floor":7.0,"key":"SMITH"},{"data":"Neutralize","floor":11.0,"key":"SMITH"},{"data":"Survivor","floor":13.0,"key":"SMITH"},{"data":"Backflip","floor":15.0,"key":"SMITH"},{"data":"Blur","floor":25.0,"key":"SMITH"},{"data":"Footwork","floor":27.0,"key":"SMITH"},{"floor":32.0,"key":"REST"},{"floor":40.0,"key":"RECALL"},{"data":"Leg Sweep","floor":45.0,"key":"SMITH"},{"floor":49.0,"key":"REST"},{"data":"Phantasmal Killer","floor":52.0,"key":"SMITH"}],"neow_cost":"NONE","seed_source_timestamp":90227428470660,"circlet_count":0,"master_deck":["Defend_G","Defend_G","Strike_G","Strike_G","Strike_G","Strike_G","Survivor+1","Neutralize+1","Dodge and Roll+1","Terror","Flying Knee+1","Dagger Spray+1","Backflip+1","Skewer+1","Dash+1","Malaise+1","Footwork+1","Escape Plan","PiercingWail+1","Blade Dance+1","Blur+1","Well Laid Plans","Dash+1","Phantasmal Killer+1","Leg Sweep+1","Parasite","Footwork+1","Iron Wave"],"special_seed":0,"relics":["Cursed Key","Molten Egg 2","Busted Crown","Potion Belt","Gremlin Horn","Ninja Scroll","WristBlade","Anchor","Shuriken","Vajra"],"potions_floor_usage":[55,55,55,55,55],"damage_taken":[{"damage":0.0,"enemies":"2 Louse","floor":1.0,"turns":5.0},{"damage":5.0,"enemies":"Jaw Worm","floor":5.0,"turns":4.0},{"damage":20.0,"enemies":"3 Sentries","floor":6.0,"turns":16.0},{"damage":0.0,"enemies":"Small Slimes","floor":8.0,"turns":3.0},{"damage":13.0,"enemies":"Exordium Thugs","floor":10.0,"turns":5.0},{"damage":0.0,"enemies":"Red Slaver","floor":12.0,"turns":3.0},{"damage":12.0,"enemies":"The Guardian","floor":16.0,"turns":8.0},{"damage":0.0,"enemies":"Chosen","floor":18.0,"turns":5.0},{"damage":0.0,"enemies":"Shell Parasite","floor":21.0,"turns":3.0},{"damage":2.0,"enemies":"Snake Plant","floor":22.0,"turns":2.0},{"damage":5.0,"enemies":"Book of Stabbing","floor":23.0,"turns":5.0},{"damage":3.0,"enemies":"Centurion and Healer","floor":24.0,"turns":7.0},{"damage":2.0,"enemies":"Slavers","floor":28.0,"turns":8.0},{"damage":4.0,"enemies":"Sentry and Sphere","floor":29.0,"turns":4.0},{"damage":27.0,"enemies":"Snake Plant","floor":30.0,"turns":4.0},{"damage":24.0,"enemies":"Automaton","floor":33.0,"turns":11.0},{"damage":17.0,"enemies":"3 Darklings","floor":35.0,"turns":5.0},{"damage":0.0,"enemies":"3 Shapes","floor":38.0,"turns":3.0},{"damage":5.0,"enemies":"Giant Head","floor":41.0,"turns":9.0},{"damage":0.0,"enemies":"Writhing Mass","floor":42.0,"turns":6.0},{"damage":4.0,"enemies":"Jaw Worm Horde","floor":46.0,"turns":5.0},{"damage":26.0,"enemies":"Maw","floor":48.0,"turns":6.0},{"damage":27.0,"enemies":"Time Eater","floor":50.0,"turns":18.0},{"damage":28.0,"enemies":"Shield and Spear","floor":54.0,"turns":10.0},{"damage":30,"enemies":"The Heart","floor":55,"turns":10}],"seed_played":"5537854351814703959","potions_obtained":[{"floor":5.0,"key":"GamblersBrew"},{"floor":6.0,"key":"SteroidPotion"},{"floor":10.0,"key":"SteroidPotion"},{"floor":23.0,"key":"Energy Potion"},{"floor":28.0,"key":"EssenceOfSteel"},{"floor":29.0,"key":"EssenceOfSteel"},{"floor":30.0,"key":"AttackPotion"},{"floor":33.0,"key":"LiquidBronze"},{"floor":41.0,"key":"LiquidBronze"},{"floor":42.0,"key":"GamblersBrew"}],"is_trial":false,"path_per_floor":["M","?","?","?","M","E","R","M","T","M","R","M","R","$","R","B",null,"M","?","$","M","M","E","M","R","T","R","E","M","M","?","R","B",null,"M","?","$","M","?","R","E","M","T","?","R","M","$","M","R","B",null,"R","$","E","B",null],"character_chosen":"THE_SILENT","items_purchased":["Dash+1","Footwork","Leg Sweep","Shuriken"],"campfire_rested":2,"item_purchase_floors":[14,20,37,47],"current_hp_per_floor":[70,75,68,68,63,43,43,43,43,30,30,30,30,30,30,18,75,75,75,75,75,73,68,65,65,65,65,63,59,32,32,54,30,75,58,58,58,58,58,58,53,53,53,53,53,49,49,23,45,18,75,75,75,47,17],"gold":65,"neow_bonus":"BOSS_RELIC","is_prod":false,"is_daily":false,"chose_seed":false,"campfire_upgraded":8,"win_rate":0,"timestamp":1543574146,"path_taken":["M","?","?","?","M","E","R","M","T","M","R","?","R","?","R","BOSS","M","?","$","M","M","E","M","R","T","R","E","?","M","?","R","BOSS","M","?","?","?","?","R","E","M","T","?","R","M","$","M","R","BOSS","R","$","E","BOSS"],"build_version":"2018-11-15","purchased_purges":1,"victory":true,"max_hp_per_floor":[70,75,75,75,75,75,75,75,75,75,75,75,75,75,75,75,75,75,75,75,75,75,75,75,75,75,75,75,75,75,75,75,75,75,75,75,75,75,75,75,75,75,75,75,75,75,75,75,75,75,75,75,75,75,75],"card_choices":[{"not_picked":["Deadly Poison","Choke"],"picked":"Dodge and Roll","floor":1.0},{"not_picked":["Endless Agony","Slice"],"picked":"Terror","floor":5.0},{"not_picked":["Concentrate","Acrobatics"],"picked":"Flying Knee","floor":6.0},{"not_picked":["Sucker Punch+1","Blade Dance"],"picked":"Dagger Spray+1","floor":8.0},{"not_picked":["Dodge and Roll","Blade Dance"],"picked":"Backflip","floor":10.0},{"not_picked":["Reflex","PiercingWail"],"picked":"Skewer+1","floor":12.0},{"not_picked":["After Image","Die Die Die+1"],"picked":"Malaise","floor":16.0},{"not_picked":["Skewer+1"],"picked":"SKIP","floor":18.0},{"not_picked":[],"picked":"Escape Plan","floor":21.0},{"not_picked":[],"picked":"PiercingWail+1","floor":22.0},{"not_picked":[],"picked":"Blade Dance+1","floor":23.0},{"not_picked":[],"picked":"Blur","floor":24.0},{"not_picked":[],"picked":"Well Laid Plans","floor":28.0},{"not_picked":[],"picked":"Dash+1","floor":29.0},{"not_picked":["Slice+1"],"picked":"SKIP","floor":30.0},{"not_picked":[],"picked":"Phantasmal Killer","floor":33.0},{"not_picked":["Deflect+1"],"picked":"SKIP","floor":35.0},{"not_picked":["Blade Dance"],"picked":"SKIP","floor":38.0},{"not_picked":["Bane+1"],"picked":"SKIP","floor":41.0},{"not_picked":[],"picked":"Footwork+1","floor":42.0},{"not_picked":["Underhanded Strike+1"],"picked":"SKIP","floor":46.0},{"not_picked":["Setup"],"picked":"SKIP","floor":48.0},{"not_picked":["Dagger Spray+1"],"picked":"SKIP","floor":54.0}],"player_experience":548295,"relics_obtained":[{"floor":6.0,"key":"Molten Egg 2"},{"floor":23.0,"key":"Potion Belt"},{"floor":28.0,"key":"Gremlin Horn"},{"floor":41.0,"key":"Anchor"},{"floor":54.0,"key":"Vajra"}],"event_choices":[{"damage_healed":0.0,"max_hp_gain":5.0,"max_hp_loss":0.0,"gold_gain":0.0,"event_name":"Big Fish","player_choice":"Donut","floor":2.0,"gold_loss":0.0,"damage_taken":0.0},{"cards_removed":["Defend_G"],"damage_healed":0.0,"max_hp_gain":0.0,"max_hp_loss":0.0,"gold_gain":0.0,"event_name":"Golden Wing","player_choice":"Card Removal","floor":3.0,"gold_loss":0.0,"damage_taken":7.0},{"damage_healed":0.0,"max_hp_gain":0.0,"max_hp_loss":0.0,"gold_gain":0.0,"event_name":"The Woman in Blue","player_choice":"Bought 0 Potions","floor":4.0,"gold_loss":0.0,"damage_taken":0.0},{"damage_healed":0.0,"max_hp_gain":0.0,"max_hp_loss":0.0,"gold_gain":0.0,"event_name":"Accursed Blacksmith","player_choice":"Forge","floor":19.0,"gold_loss":0.0,"damage_taken":0.0,"cards_upgraded":["Malaise"]},{"damage_healed":0.0,"max_hp_gain":0.0,"max_hp_loss":0.0,"gold_gain":0.0,"event_name":"Addict","player_choice":"Obtained Relic","floor":31.0,"gold_loss":85.0,"damage_taken":0.0,"relics_obtained":["Ninja Scroll"]},{"cards_removed":["Strike_G"],"damage_healed":0.0,"max_hp_gain":0.0,"max_hp_loss":0.0,"gold_gain":0.0,"event_name":"Bonfire Elementals","player_choice":"Offered Basic","floor":36.0,"gold_loss":0.0,"damage_taken":0.0},{"cards_removed":["Defend_G"],"damage_healed":0.0,"max_hp_gain":0.0,"max_hp_loss":0.0,"gold_gain":0.0,"event_name":"Falling","player_choice":"Removed Skill","floor":39.0,"gold_loss":0.0,"damage_taken":0.0},{"cards_removed":["Regret"],"damage_healed":0.0,"max_hp_gain":0.0,"max_hp_loss":0.0,"gold_gain":0.0,"event_name":"NoteForYourself","player_choice":"Took Card","floor":44.0,"gold_loss":0.0,"damage_taken":0.0,"cards_obtained":["Iron Wave"]}],"is_beta":false,"boss_relics":[{"not_picked":["Tiny House","Snecko Eye"],"picked":"Busted Crown"},{"not_picked":["Orrery","Coffee Dripper"],"picked":"WristBlade"}],"items_purged_floors":[14],"is_endless":false,"potions_floor_spawned":[5,6,10,23,28,29,30,33,38,41,42],"ascension_level":0}