{"gold_per_floor":[111,125,125,14,30,61,61,72,72,72,14,14,30,41,41,144,144,157,157,171,86,111,143,105,135,158,158,177,208,223,241,241,346,346,357,579,654,665,680,710,710,710,735,735,752,752,765,783,783,783,783,783,34,69,69],"floor_reached":56,"playtime":5534,"items_purged":[],"score":1294,"play_id":"87e28ee8-59c9-420a-8999-79d229536d90","local_time":"20181126090954","is_ascension_mode":false,"campfire_choices":[{"floor":12.0,"key":"RECALL"},{"data":"Combust","floor":15.0,"key":"SMITH"},{"floor":27.0,"key":"REST"},{"floor":32.0,"key":"REST"},{"data":"Bludgeon","floor":41.0,"key":"SMITH"},{"data":"Bash","floor":44.0,"key":"SMITH"},{"floor":49.0,"key":"REST"},{"data":"Sword Boomerang","floor":52.0,"key":"SMITH"}],"neow_cost":"NONE","seed_source_timestamp":77606869584053,"circlet_count":0,"master_deck":["Bash+1","Burning Pact","Combust+1","Shockwave+1","Inflame","Ghostly Armor+1","Infernal Blade+1","Flame Barrier+1","Battle Trance+1","Entrench+1","Double Tap+1","Flame Barrier+1","Sword Boomerang+1","Body Slam+1","Headbutt+1","Infernal Blade+1","Warcry+1","Dropkick","Rage+1","J.A.X.+1","Flex+1","Double Tap+1","Spot Weakness+1","Flex+1","Bludgeon+1","Limit Break+1","Seeing Red+1","Shrug It Off+1","Panache+1","Transmutation+1","Finesse+1","Blood for Blood","Seeing Red+1","Exhume+1","Metallicize+1","Fire Breathing+1","Inflame+1","Inflame+1"],"special_seed":0,"relics":["Black Star","Toxic Egg 2","Bottled Tornado","Singing Bowl","Thread and Needle","The Courier","Pandora\u0027s Box","Magic Flower","Red Mask","Happy Flower","Potion Belt","Whetstone","Blood Vial","Letter Opener","Kunai","Sozu","Frozen Egg 2","Paper Frog","Red Skull","Pocketwatch","Mummified Hand","Bag of Marbles","Centennial Puzzle"],"potions_floor_usage":[55,55],"damage_taken":[{"damage":7.0,"enemies":"Small Slimes","floor":1.0,"turns":3.0},{"damage":3.0,"enemies":"Jaw Worm","floor":2.0,"turns":4.0},{"damage":0.0,"enemies":"2 Louse","floor":5.0,"turns":3.0},{"damage":9.0,"enemies":"Lagavulin","floor":6.0,"turns":7.0},{"damage":9.0,"enemies":"Looter","floor":8.0,"turns":4.0},{"damage":2.0,"enemies":"Large Slime","floor":13.0,"turns":6.0},{"damage":0.0,"enemies":"Red Slaver","floor":14.0,"turns":3.0},{"damage":21.0,"enemies":"Hexaghost","floor":16.0,"turns":12.0},{"damage":2.0,"enemies":"Shell Parasite","floor":18.0,"turns":3.0},{"damage":6.0,"enemies":"Spheric Guardian","floor":20.0,"turns":3.0},{"damage":12.0,"enemies":"Masked Bandits","floor":22.0,"turns":4.0},{"damage":8.0,"enemies":"Book of Stabbing","floor":23.0,"turns":6.0},{"damage":10.0,"enemies":"Gremlin Leader","floor":25.0,"turns":3.0},{"damage":15.0,"enemies":"Shelled Parasite and Fungi","floor":28.0,"turns":5.0},{"damage":38.0,"enemies":"Slavers","floor":29.0,"turns":3.0},{"damage":6.0,"enemies":"Centurion and Healer","floor":30.0,"turns":3.0},{"damage":1.0,"enemies":"Chosen and Byrds","floor":31.0,"turns":2.0},{"damage":48.0,"enemies":"Champ","floor":33.0,"turns":8.0},{"damage":0.0,"enemies":"Orb Walker","floor":35.0,"turns":2.0},{"damage":27.0,"enemies":"3 Darklings","floor":38.0,"turns":3.0},{"damage":4.0,"enemies":"4 Shapes","floor":39.0,"turns":4.0},{"damage":14.0,"enemies":"Nemesis","floor":40.0,"turns":5.0},{"damage":0.0,"enemies":"Maw","floor":45.0,"turns":3.0},{"damage":3.0,"enemies":"Transient","floor":47.0,"turns":5.0},{"damage":13.0,"enemies":"Sphere and 2 Shapes","floor":48.0,"turns":3.0},{"damage":45.0,"enemies":"Awakened One","floor":50.0,"turns":8.0},{"damage":35.0,"enemies":"Shield and Spear","floor":54.0,"turns":5.0},{"damage":55,"enemies":"The Heart","floor":55,"turns":8}],"seed_played":"6422106824329212437","potions_obtained":[{"floor":1.0,"key":"EssenceOfSteel"},{"floor":5.0,"key":"Regen Potion"},{"floor":6.0,"key":"Weak Potion"},{"floor":16.0,"key":"EntropicBrew"},{"floor":20.0,"key":"Weak Potion"},{"floor":23.0,"key":"Ancient Potion"},{"floor":28.0,"key":"Ancient Potion"}],"is_trial":false,"path_per_floor":["M","M","?","$","M","E","?","M","T","?","$","R","M","M","R","B",null,"M","?","M","?","?","E","$","E","T","R","M","E","M","M","R","B",null,"M","?","?","M","M","E","R","?","T","R","M","?","M","M","R","B",null,"R","$","E","B",null],"character_chosen":"IRONCLAD","items_purchased":["Shockwave+1","Inflame","Flame Barrier+1","Flex+1","Pocketwatch","Mummified Hand","Exhume+1","Metallicize+1","Fire Breathing+1","Inflame+1"],"campfire_rested":3,"item_purchase_floors":[4,4,11,24,53,53,53,53,53,53],"current_hp_per_floor":[73,70,52,52,52,60,60,51,51,51,51,51,49,49,49,28,82,82,82,76,76,64,56,56,48,48,73,63,28,27,31,58,13,92,92,92,83,61,62,51,51,41,41,41,46,46,48,38,68,26,100,100,100,65,13],"gold":69,"neow_bonus":"BOSS_RELIC","is_prod":false,"is_daily":false,"chose_seed":false,"campfire_upgraded":4,"win_rate":0,"timestamp":1543252194,"path_taken":["M","M","?","$","M","E","?","M","T","?","$","R","M","M","R","BOSS","M","?","M","?","?","E","$","E","T","R","M","E","M","M","R","BOSS","M","?","?","?","?","E","R","?","T","R","M","?","?","M","R","BOSS","R","$","E","BOSS"],"build_version":"2018-11-15","purchased_purges":0,"victory":true,"max_hp_per_floor":[80,80,80,80,80,82,82,82,82,82,82,82,82,82,82,82,82,84,84,84,84,84,84,84,86,86,86,88,88,90,92,92,92,92,92,92,92,94,96,96,96,96,96,96,98,98,100,100,100,100,100,100,100,100,100],"card_choices":[{"not_picked":["Searing Blow","Sword Boomerang"],"picked":"Burning Pact","floor":1.0},{"not_picked":["Clash","Entrench"],"picked":"Combust","floor":2.0},{"not_picked":["Heavy Blade","Sever Soul"],"picked":"Ghostly Armor+1","floor":5.0},{"not_picked":["Body Slam","Sword Boomerang","Pommel Strike"],"picked":"Singing Bowl","floor":6.0},{"not_picked":["Warcry+1","Thunderclap"],"picked":"Infernal Blade+1","floor":8.0},{"not_picked":["Armaments+1","Clash"],"picked":"Battle Trance+1","floor":13.0},{"not_picked":["Pommel Strike","Warcry+1"],"picked":"Entrench+1","floor":14.0},{"not_picked":["Reaper","Exhume+1"],"picked":"Double Tap+1","floor":16.0},{"not_picked":["Heavy Blade","Body Slam+1","Havoc+1"],"picked":"Singing Bowl","floor":18.0},{"not_picked":["Spot Weakness+1","Searing Blow"],"picked":"Flex+1","floor":20.0},{"not_picked":["Dropkick","Carnage"],"picked":"Double Tap+1","floor":22.0},{"not_picked":["Clash","Pummel"],"picked":"Spot Weakness+1","floor":23.0},{"not_picked":["Iron Wave","Burning Pact+1","Havoc+1"],"picked":"Singing Bowl","floor":25.0},{"not_picked":["True Grit+1","Pommel Strike+1","Clash"],"picked":"Singing Bowl","floor":28.0},{"not_picked":["Clothesline","Perfected Strike"],"picked":"Bludgeon","floor":29.0},{"not_picked":["Thunderclap","Twin Strike","Cleave"],"picked":"Singing Bowl","floor":30.0},{"not_picked":["Anger+1","Entrench+1","True Grit+1"],"picked":"Singing Bowl","floor":31.0},{"not_picked":["Demon Form","Dark Embrace"],"picked":"Limit Break+1","floor":33.0},{"not_picked":["Clash","Metallicize"],"picked":"Seeing Red+1","floor":35.0},{"not_picked":["Sword Boomerang+1","Warcry+1","Clash"],"picked":"Singing Bowl","floor":38.0},{"not_picked":["Twin Strike+1","Flex+1","Armaments+1"],"picked":"Singing Bowl","floor":39.0},{"not_picked":["Sword Boomerang","Pommel Strike"],"picked":"Shrug It Off+1","floor":40.0},{"not_picked":["Discovery+1","Transmutation+1"],"picked":"Panache+1","floor":42.0},{"not_picked":["Blind+1","Forethought+1"],"picked":"Transmutation+1","floor":42.0},{"not_picked":["Purity+1","Forethought+1"],"picked":"Finesse+1","floor":42.0},{"not_picked":["Havoc+1","Body Slam+1","Iron Wave"],"picked":"Singing Bowl","floor":45.0},{"not_picked":["Pummel","Heavy Blade","Twin Strike"],"picked":"Singing Bowl","floor":47.0},{"not_picked":["Offering+1","Entrench+1"],"picked":"Seeing Red+1","floor":48.0},{"not_picked":["Clash+1","Anger"],"picked":"Inflame+1","floor":54.0}],"player_experience":494955,"relics_obtained":[{"floor":6.0,"key":"Bottled Tornado"},{"floor":6.0,"key":"Singing Bowl"},{"floor":9.0,"key":"The Courier"},{"floor":22.0,"key":"Red Mask"},{"floor":23.0,"key":"Happy Flower"},{"floor":23.0,"key":"Potion Belt"},{"floor":25.0,"key":"Whetstone"},{"floor":25.0,"key":"Blood Vial"},{"floor":29.0,"key":"Letter Opener"},{"floor":29.0,"key":"Kunai"},{"floor":40.0,"key":"Frozen Egg 2"},{"floor":40.0,"key":"Paper Frog"},{"floor":43.0,"key":"Red Skull"},{"floor":54.0,"key":"Bag of Marbles"},{"floor":54.0,"key":"Centennial Puzzle"}],"event_choices":[{"damage_healed":0.0,"max_hp_gain":0.0,"max_hp_loss":0.0,"gold_gain":0.0,"event_name":"Scrap Ooze","player_choice":"Success","floor":3.0,"gold_loss":0.0,"damage_taken":18.0,"relics_obtained":["Toxic Egg 2"]},{"damage_healed":0.0,"max_hp_gain":0.0,"max_hp_loss":0.0,"gold_gain":0.0,"event_name":"Big Fish","player_choice":"Box","floor":7.0,"gold_loss":0.0,"damage_taken":0.0,"relics_obtained":["Thread and Needle"],"cards_obtained":["Regret"]},{"cards_removed":["Regret"],"damage_healed":0.0,"max_hp_gain":0.0,"max_hp_loss":0.0,"gold_gain":0.0,"event_name":"Living Wall","player_choice":"Forget","floor":10.0,"gold_loss":0.0,"damage_taken":0.0},{"damage_healed":0.0,"max_hp_gain":0.0,"max_hp_loss":0.0,"gold_gain":0.0,"event_name":"Drug Dealer","player_choice":"Obtain J.A.X.","floor":19.0,"gold_loss":0.0,"damage_taken":0.0,"cards_obtained":["J.A.X."]},{"damage_healed":0.0,"max_hp_gain":0.0,"max_hp_loss":0.0,"gold_gain":0.0,"event_name":"Addict","player_choice":"Obtained Relic","floor":21.0,"gold_loss":85.0,"damage_taken":0.0,"relics_obtained":["Magic Flower"]},{"damage_healed":0.0,"max_hp_gain":0.0,"max_hp_loss":0.0,"gold_gain":0.0,"event_name":"Masked Bandits","player_choice":"Fought Bandits","floor":22.0,"gold_loss":0.0,"damage_taken":0.0},{"damage_healed":0.0,"max_hp_gain":0.0,"max_hp_loss":0.0,"gold_gain":222.0,"event_name":"Tomb of Lord Red Mask","player_choice":"Wore Mask","floor":36.0,"gold_loss":0.0,"damage_taken":0.0},{"damage_healed":0.0,"max_hp_gain":0.0,"max_hp_loss":0.0,"gold_gain":75.0,"event_name":"FaceTrader","player_choice":"Touch","floor":37.0,"gold_loss":0.0,"damage_taken":9.0},{"damage_healed":0.0,"max_hp_gain":0.0,"max_hp_loss":0.0,"gold_gain":0.0,"event_name":"SensoryStone","player_choice":"Memory 3","floor":42.0,"gold_loss":0.0,"damage_taken":10.0},{"damage_healed":0.0,"max_hp_gain":0.0,"max_hp_loss":0.0,"gold_gain":0.0,"cards_transformed":["Pommel Strike"],"event_name":"Transmorgrifier","player_choice":"Transformed","floor":46.0,"gold_loss":0.0,"damage_taken":0.0,"cards_obtained":["Blood for Blood"]}],"is_beta":false,"boss_relics":[{"not_picked":["White Beast Statue","Snecko Eye"],"picked":"Pandora\u0027s Box"},{"not_picked":["Eternal Feather","Runic Cube"],"picked":"Sozu"}],"items_purged_floors":[],"is_endless":false,"potions_floor_spawned":[1,5,6,16,20,23,28,38,40,45,47],"ascension_level":0}