{"gold_per_floor":[115,135,135,66,77,104,104,121,174,189,220,220,231,231,231,326,326,339,197,107,121,133,162,174,174,174,206,219,231,330,151,151,255,255,271,325,325,200,213,213,226,259,309,59,85,85,85,99,99,99],"floor_reached":51,"playtime":5374,"items_purged":["Strike_G","Strike_G","Strike_G","Defend_G"],"score":757,"play_id":"5b8c933a-550a-495a-8ae6-75d88c67274a","local_time":"20190806004910","is_ascension_mode":false,"campfire_choices":[{"data":"Neutralize","floor":7,"key":"SMITH"},{"floor":12,"key":"REST"},{"data":"Blade Dance","floor":15,"key":"SMITH"},{"data":"Blur","floor":25,"key":"SMITH"},{"data":"Bane","floor":32,"key":"SMITH"},{"data":"Secret Technique","floor":40,"key":"SMITH"},{"data":"Blade Dance","floor":46,"key":"SMITH"},{"data":"Calculated Gamble","floor":49,"key":"SMITH"}],"neow_cost":"NONE","seed_source_timestamp":18989274754431,"circlet_count":0,"master_deck":["Defend_G","Defend_G","Defend_G","Defend_G+1","Survivor","Neutralize+1","Poisoned Stab","Footwork","Bane+1","Footwork","Venomology","Calculated Gamble+1","Blade Dance+1","Tools of the Trade","Backflip","Blur+1","Footwork","Noxious Fumes","Malaise","Secret Technique+1","Blur+1","Infinite Blades","Blade Dance+1","Noxious Fumes"],"relics":["Ring of the Serpent","Vajra","Shuriken","Strawberry","Bronze Scales","Ancient Tea Set","Coffee Dripper","Blue Candle","Mercury Hourglass","Bird Faced Urn","Nunchaku","Letter Opener","Happy Flower","Anchor"],"potions_floor_usage":[6,8,10,11,11,11,13,16,18,21,22,23,23,27,27,27,29,33,33,36,36,39,42,45,45,45,50],"damage_taken":[{"damage":0,"enemies":"Jaw Worm","floor":1,"turns":4},{"damage":0,"enemies":"Cultist","floor":2,"turns":4},{"damage":0,"enemies":"Small Slimes","floor":5,"turns":4},{"damage":10,"enemies":"Lagavulin","floor":6,"turns":6},{"damage":4,"enemies":"Exordium Thugs","floor":8,"turns":5},{"damage":0,"enemies":"Lots of Slimes","floor":10,"turns":4},{"damage":24,"enemies":"Gremlin Nob","floor":11,"turns":4},{"damage":0,"enemies":"Large Slime","floor":13,"turns":4},{"damage":1,"enemies":"The Guardian","floor":16,"turns":10},{"damage":8,"enemies":"Spheric Guardian","floor":18,"turns":5},{"damage":0,"enemies":"Shell Parasite","floor":21,"turns":6},{"damage":0,"enemies":"Snake Plant","floor":22,"turns":4},{"damage":5,"enemies":"Book of Stabbing","floor":23,"turns":4},{"damage":5,"enemies":"Snecko","floor":24,"turns":8},{"damage":0,"enemies":"Gremlin Leader","floor":27,"turns":7},{"damage":0,"enemies":"Chosen and Byrds","floor":28,"turns":7},{"damage":6,"enemies":"Sentry and Sphere","floor":29,"turns":7},{"damage":3,"enemies":"Collector","floor":33,"turns":9},{"damage":14,"enemies":"3 Darklings","floor":35,"turns":5},{"damage":58,"enemies":"2 Orb Walkers","floor":36,"turns":7},{"damage":0,"enemies":"Orb Walker","floor":39,"turns":5},{"damage":0,"enemies":"Maw","floor":41,"turns":9},{"damage":0,"enemies":"Giant Head","floor":42,"turns":9},{"damage":5,"enemies":"Reptomancer","floor":45,"turns":6},{"damage":0,"enemies":"Sphere and 2 Shapes","floor":48,"turns":4},{"damage":6,"enemies":"Time Eater","floor":50,"turns":13}],"seed_played":"-3218777242362041636","potions_obtained":[{"floor":5,"key":"Strength Potion"},{"floor":6,"key":"EntropicBrew"},{"floor":21,"key":"FearPotion"},{"floor":33,"key":"GamblersBrew"},{"floor":36,"key":"Ancient Potion"},{"floor":45,"key":"FairyPotion"},{"floor":48,"key":"GhostInAJar"}],"is_trial":false,"path_per_floor":["M","M","?","$","M","E","R","M","T","M","E","R","M","?","R","B",null,"M","$","?","M","M","E","M","R","T","E","M","M","?","$","R","B",null,"M","?","?","$","M","R","M","E","T","$","E","R","?","M","R","B",null],"character_chosen":"THE_SILENT","items_purchased":["Footwork","Blur","Noxious Fumes","Blade Dance","Noxious Fumes"],"campfire_rested":1,"item_purchase_floors":[4,19,31,44,44],"current_hp_per_floor":[70,70,70,70,70,67,67,63,63,63,39,62,62,62,62,61,77,69,69,69,69,69,64,59,59,59,59,67,69,69,69,69,74,77,65,15,15,15,25,25,35,47,47,47,56,56,56,70,70,71],"gold":99,"neow_bonus":"RANDOM_COMMON_RELIC","is_prod":false,"is_daily":false,"chose_seed":false,"campfire_upgraded":7,"win_rate":0,"timestamp":1565070550,"path_taken":["M","M","?","$","?","E","R","M","T","M","E","R","M","?","R","BOSS","M","$","?","M","M","E","M","R","T","E","M","?","?","$","R","BOSS","M","?","?","$","M","R","M","E","T","$","E","R","?","M","R","BOSS"],"build_version":"2019-07-17","purchased_purges":4,"victory":true,"max_hp_per_floor":[70,70,70,70,70,77,77,77,77,77,77,77,77,77,77,77,77,77,77,77,77,77,77,77,77,77,77,77,77,77,77,77,77,77,77,77,77,77,77,77,77,77,77,77,77,77,77,77,77,77],"card_choices":[{"not_picked":["Outmaneuver","PiercingWail"],"picked":"Poisoned Stab","floor":1},{"not_picked":["Slice","Backflip"],"picked":"Bane","floor":2},{"not_picked":["Outmaneuver","Backflip"],"picked":"Bane","floor":5},{"not_picked":["Bouncing Flask","Concentrate"],"picked":"Footwork","floor":6},{"not_picked":["Setup","Poisoned Stab"],"picked":"Venomology","floor":8},{"not_picked":["Backflip","Acrobatics"],"picked":"Calculated Gamble","floor":10},{"not_picked":["Slice","Masterful Stab"],"picked":"Blade Dance","floor":11},{"not_picked":["Riddle With Holes","Deadly Poison","Concentrate"],"picked":"SKIP","floor":13},{"not_picked":["Venomology","Doppelganger"],"picked":"Tools of the Trade","floor":16},{"not_picked":["Dagger Throw","Deadly Poison+1"],"picked":"Backflip","floor":18},{"not_picked":["Tactician","Setup+1","Bane"],"picked":"SKIP","floor":21},{"not_picked":["Choke","Expertise","Dagger Throw"],"picked":"SKIP","floor":22},{"not_picked":["Dodge and Roll","Backflip","Prepared"],"picked":"SKIP","floor":23},{"not_picked":["Eviscerate","PiercingWail"],"picked":"Footwork","floor":24},{"not_picked":["Corpse Explosion","Prepared","Leg Sweep"],"picked":"SKIP","floor":27},{"not_picked":["Dodge and Roll","Masterful Stab","Deflect+1"],"picked":"SKIP","floor":28},{"not_picked":["Bouncing Flask","Concentrate","Backflip"],"picked":"SKIP","floor":29},{"not_picked":["Venomology","Tools of the Trade"],"picked":"Malaise","floor":33},{"not_picked":["Quick Slash","Dodge and Roll+1","Deflect"],"picked":"SKIP","floor":35},{"not_picked":["Dark Shackles","Forethought"],"picked":"Secret Technique","floor":37},{"not_picked":["Dagger Spray+1","Dodge and Roll+1"],"picked":"Blur+1","floor":39},{"not_picked":["PiercingWail+1","Eviscerate"],"picked":"Infinite Blades","floor":41},{"not_picked":["Underhanded Strike","Unload","Dagger Spray+1"],"picked":"SKIP","floor":42},{"not_picked":["Sucker Punch","Skewer","Dodge and Roll+1"],"picked":"SKIP","floor":45},{"not_picked":["Masterful Stab+1","Reflex+1","Slice"],"picked":"SKIP","floor":48}],"player_experience":635002,"relics_obtained":[{"floor":6,"key":"Strawberry"},{"floor":9,"key":"Bronze Scales"},{"floor":11,"key":"Ancient Tea Set"},{"floor":23,"key":"Blue Candle"},{"floor":26,"key":"Mercury Hourglass"},{"floor":27,"key":"Bird Faced Urn"},{"floor":36,"key":"Nunchaku"},{"floor":42,"key":"Letter Opener"},{"floor":43,"key":"Happy Flower"},{"floor":45,"key":"Anchor"}],"event_choices":[{"cards_removed":["Bane"],"damage_healed":0,"gold_gain":0,"player_choice":"Gave Card","damage_taken":0,"relics_obtained":["Shuriken"],"max_hp_gain":0,"max_hp_loss":0,"event_name":"WeMeetAgain","floor":3,"gold_loss":0},{"cards_removed":["Strike_G"],"damage_healed":0,"gold_gain":0,"player_choice":"Offered Basic","damage_taken":0,"max_hp_gain":0,"max_hp_loss":0,"event_name":"Bonfire Elementals","floor":14,"gold_loss":0},{"cards_removed":["Strike_G"],"damage_healed":0,"gold_gain":0,"player_choice":"Upgrade and Remove","damage_taken":0,"max_hp_gain":0,"max_hp_loss":0,"event_name":"Designer","floor":20,"gold_loss":90,"cards_upgraded":["Defend_G"]},{"damage_healed":0,"gold_gain":99,"player_choice":"Stole From Cult","damage_taken":0,"max_hp_gain":0,"max_hp_loss":0,"event_name":"Nest","floor":30,"gold_loss":0},{"damage_healed":0,"gold_gain":0,"player_choice":"Fight","damage_taken":0,"max_hp_gain":0,"max_hp_loss":0,"event_name":"Mysterious Sphere","floor":36,"gold_loss":0},{"damage_healed":0,"gold_gain":0,"player_choice":"Memory 1","damage_taken":0,"max_hp_gain":0,"max_hp_loss":0,"event_name":"SensoryStone","floor":37,"gold_loss":0},{"damage_healed":0,"gold_gain":0,"player_choice":"Ignored","damage_taken":0,"max_hp_gain":0,"max_hp_loss":0,"event_name":"SecretPortal","floor":47,"gold_loss":0}],"is_beta":false,"boss_relics":[{"not_picked":["Runic Dome","Eternal Feather"],"picked":"Coffee Dripper"},{"not_picked":["WristBlade","HoveringKite"],"picked":"Ring of the Serpent"}],"items_purged_floors":[19,31,38,44],"is_endless":false,"potions_floor_spawned":[5,6,18,21,33,35,36,45,48],"ascension_level":0}