{"gold_per_floor":[109,109,64,82,82,112,112,130,155,182,195,207,207,227,227,332,332,351,351,367,385,395,395,410,410,434,460,385,396,84,84,84,185,185,200,218,218,318,318,350,30,58,83,122,44,0,0,25,25,25,25,25,25,59,59],"floor_reached":55,"playtime":2086,"items_purged":["Defend_B","Strike_B"],"score":810,"play_id":"3c41bf3a-efa1-4ea4-8ad7-163f45aa3ecb","local_time":"20181121212413","is_ascension_mode":false,"campfire_choices":[{"data":"Zap","floor":7.0,"key":"SMITH"},{"data":"Sweeping Beam","floor":13.0,"key":"SMITH"},{"data":"Buffer","floor":15.0,"key":"SMITH"},{"data":"Ball Lightning","floor":23.0,"key":"SMITH"},{"data":"Go for the Eyes","floor":25.0,"key":"SMITH"},{"data":"Defragment","floor":32.0,"key":"SMITH"},{"floor":47.0,"key":"RECALL"},{"data":"Defragment","floor":49.0,"key":"SMITH"},{"data":"Defragment","floor":52.0,"key":"SMITH"}],"neow_cost":"NONE","seed_source_timestamp":32677118873497,"circlet_count":0,"master_deck":["Strike_B","Defend_B","Defend_B","Defend_B","Zap+1","Dualcast","Ball Lightning+1","Sweeping Beam+1","Go for the Eyes+1","Doom and Gloom","Cold Snap","Self Repair","Buffer+1","Hyperbeam+1","Defragment+1","Creative AI","The Bomb","HandOfGreed","Defragment+1","Thunder Strike","Leap+1","Defragment+1","Coolheaded+1"],"special_seed":0,"relics":["Cracked Core","Happy Flower","FaceOfCleric","Pen Nib","Orichalcum","Pantograph","Snecko Eye","DataDisk","Torii","Pear","Eternal Feather","StoneCalendar","Strawberry","Dodecahedron","Red Mask","Dream Catcher","The Courier"],"potions_floor_usage":[55,55,55],"damage_taken":[{"damage":6.0,"enemies":"2 Louse","floor":1.0,"turns":2.0},{"damage":0.0,"enemies":"Cultist","floor":4.0,"turns":2.0},{"damage":20.0,"enemies":"Gremlin Nob","floor":6.0,"turns":4.0},{"damage":0.0,"enemies":"Small Slimes","floor":8.0,"turns":1.0},{"damage":4.0,"enemies":"3 Sentries","floor":10.0,"turns":4.0},{"damage":1.0,"enemies":"Red Slaver","floor":11.0,"turns":2.0},{"damage":7.0,"enemies":"Blue Slaver","floor":12.0,"turns":3.0},{"damage":0.0,"enemies":"Lots of Slimes","floor":14.0,"turns":2.0},{"damage":22.0,"enemies":"Hexaghost","floor":16.0,"turns":8.0},{"damage":2.0,"enemies":"Chosen","floor":18.0,"turns":4.0},{"damage":0.0,"enemies":"Spheric Guardian","floor":20.0,"turns":3.0},{"damage":0.0,"enemies":"Centurion and Healer","floor":21.0,"turns":4.0},{"damage":16.0,"enemies":"Snake Plant","floor":22.0,"turns":3.0},{"damage":0.0,"enemies":"Cultist and Chosen","floor":24.0,"turns":4.0},{"damage":12.0,"enemies":"Book of Stabbing","floor":27.0,"turns":5.0},{"damage":0.0,"enemies":"Centurion and Healer","floor":29.0,"turns":1.0},{"damage":15.0,"enemies":"Champ","floor":33.0,"turns":11.0},{"damage":23.0,"enemies":"3 Shapes","floor":35.0,"turns":2.0},{"damage":0.0,"enemies":"3 Darklings","floor":36.0,"turns":1.0},{"damage":0.0,"enemies":"Mind Bloom Boss Battle","floor":38.0,"turns":8.0},{"damage":44.0,"enemies":"Reptomancer","floor":40.0,"turns":6.0},{"damage":0.0,"enemies":"Nemesis","floor":42.0,"turns":9.0},{"damage":10.0,"enemies":"Spire Growth","floor":44.0,"turns":4.0},{"damage":67.0,"enemies":"Donu and Deca","floor":50.0,"turns":6.0},{"damage":67.0,"enemies":"Shield and Spear","floor":54.0,"turns":7.0},{"damage":77,"enemies":"The Heart","floor":55,"turns":8}],"seed_played":"-7281904349805512047","potions_obtained":[{"floor":8.0,"key":"SpeedPotion"},{"floor":10.0,"key":"FocusPotion"},{"floor":11.0,"key":"Poison Potion"},{"floor":14.0,"key":"EntropicBrew"},{"floor":16.0,"key":"Weak Potion"},{"floor":38.0,"key":"PowerPotion"}],"is_trial":false,"path_per_floor":["M","?","$","M","?","E","R","M","T","E","M","M","R","M","R","B",null,"M","?","M","M","M","R","M","R","T","E","$","M","$","?","R","B",null,"M","M","?","?","?","E","$","E","T","M","$","?","R","T","R","B",null,"R","$","E","B"],"character_chosen":"DEFECT","items_purchased":["Sweeping Beam","Defragment","Pear","Defragment","Thunder Strike","Defragment"],"campfire_rested":0,"item_purchase_floors":[3,30,30,41,41,45],"current_hp_per_floor":[69,69,69,69,69,50,50,51,51,48,48,49,49,57,57,67,82,83,83,84,85,70,70,71,71,71,67,67,68,78,78,78,92,100,78,79,69,102,102,73,73,81,81,72,72,72,84,84,96,47,114,114,114,48,0],"gold":59,"neow_bonus":"RANDOM_COMMON_RELIC","is_prod":false,"is_daily":false,"chose_seed":false,"campfire_upgraded":8,"win_rate":0,"timestamp":1542824653,"path_taken":["M","?","$","?","?","E","R","?","T","E","M","M","R","M","R","BOSS","M","?","M","?","M","R","M","R","T","E","$","M","$","?","R","BOSS","M","M","?","?","?","E","$","E","T","M","$","?","R","?","R","BOSS","R","$","E","BOSS"],"build_version":"2018-11-15","purchased_purges":2,"victory":false,"max_hp_per_floor":[75,75,75,75,75,76,76,77,77,78,79,80,80,81,81,82,82,83,83,84,85,86,86,87,87,87,88,88,89,99,99,99,100,100,101,102,102,103,103,111,111,112,112,113,113,113,113,113,113,114,114,114,114,115,115],"card_choices":[{"not_picked":["Compile Driver","Beam Cell"],"picked":"Ball Lightning","floor":1.0},{"not_picked":["Go for the Eyes","Compile Driver","Blizzard"],"picked":"SKIP","floor":4.0},{"not_picked":["Compile Driver","Blizzard"],"picked":"Go for the Eyes","floor":4.0},{"not_picked":["Go for the Eyes","Leap"],"picked":"Doom and Gloom","floor":6.0},{"not_picked":["Steam Power","Rebound"],"picked":"Cold Snap","floor":8.0},{"not_picked":["Steam","Streamline","Blizzard"],"picked":"SKIP","floor":10.0},{"not_picked":["Fusion","Steam"],"picked":"Self Repair","floor":11.0},{"not_picked":["Storm","Skim","Tempest"],"picked":"SKIP","floor":12.0},{"not_picked":["Scrape","Turbo"],"picked":"Buffer","floor":14.0},{"not_picked":["All For One","Reboot"],"picked":"Hyperbeam","floor":16.0},{"not_picked":["Barrage","Stack","Sweeping Beam+1"],"picked":"SKIP","floor":18.0},{"not_picked":["Self Repair+1","Go for the Eyes","Redo"],"picked":"SKIP","floor":20.0},{"not_picked":["Beam Cell","Compile Driver","Static Discharge+1"],"picked":"SKIP","floor":21.0},{"not_picked":["Doom and Gloom","Ball Lightning"],"picked":"Auto Shields","floor":22.0},{"not_picked":["Hologram","Redo","Steam+1"],"picked":"SKIP","floor":24.0},{"not_picked":["Reprogram","Reboot","Rebound"],"picked":"SKIP","floor":27.0},{"not_picked":["Ball Lightning","Streamline","Beam Cell"],"picked":"SKIP","floor":29.0},{"not_picked":["Biased Cognition","Seek"],"picked":"Creative AI","floor":33.0},{"not_picked":["Redo+1","Steam","Streamline"],"picked":"SKIP","floor":35.0},{"not_picked":["Gash","Redo","Ball Lightning"],"picked":"SKIP","floor":36.0},{"not_picked":["Swift Strike","Trip"],"picked":"The Bomb","floor":37.0},{"not_picked":["Master of Strategy","Secret Technique"],"picked":"HandOfGreed","floor":37.0},{"not_picked":["Gash","Steam Power","Stack+1"],"picked":"SKIP","floor":40.0},{"not_picked":["Undo+1","Melter+1"],"picked":"Leap+1","floor":42.0},{"not_picked":["Compile Driver+1","Sweeping Beam+1","Self Repair"],"picked":"SKIP","floor":44.0},{"not_picked":["Sweeping Beam","Consume+1"],"picked":"Coolheaded+1","floor":54.0}],"player_experience":533086,"relics_obtained":[{"floor":6.0,"key":"Pen Nib"},{"floor":9.0,"key":"Orichalcum"},{"floor":10.0,"key":"Pantograph"},{"floor":26.0,"key":"DataDisk"},{"floor":27.0,"key":"Torii"},{"floor":38.0,"key":"StoneCalendar"},{"floor":40.0,"key":"Strawberry"},{"floor":42.0,"key":"Dodecahedron"},{"floor":48.0,"key":"Dream Catcher"},{"floor":54.0,"key":"The Courier"}],"event_choices":[{"cards_removed":["Strike_B"],"damage_healed":0.0,"max_hp_gain":0.0,"max_hp_loss":0.0,"gold_gain":0.0,"event_name":"Wheel of Change","player_choice":"Card Removal","floor":2.0,"gold_loss":0.0,"damage_taken":0.0},{"damage_healed":0.0,"max_hp_gain":0.0,"max_hp_loss":0.0,"gold_gain":0.0,"event_name":"FaceTrader","player_choice":"Trade","floor":5.0,"gold_loss":0.0,"damage_taken":0.0,"relics_obtained":["FaceOfCleric"]},{"damage_healed":0.0,"max_hp_gain":0.0,"max_hp_loss":0.0,"gold_gain":0.0,"event_name":"Upgrade Shrine","player_choice":"Upgraded","floor":19.0,"gold_loss":0.0,"damage_taken":0.0,"cards_upgraded":["Hyperbeam"]},{"cards_removed":["Strike_B"],"damage_healed":0.0,"max_hp_gain":0.0,"max_hp_loss":0.0,"gold_gain":0.0,"event_name":"Back to Basics","player_choice":"Elegance","floor":31.0,"gold_loss":0.0,"damage_taken":0.0},{"damage_healed":0.0,"max_hp_gain":0.0,"max_hp_loss":0.0,"gold_gain":0.0,"event_name":"SensoryStone","player_choice":"Memory 3","floor":37.0,"gold_loss":0.0,"damage_taken":10.0},{"damage_healed":0.0,"max_hp_gain":0.0,"max_hp_loss":0.0,"gold_gain":0.0,"event_name":"MindBloom","player_choice":"Fight","floor":38.0,"gold_loss":0.0,"damage_taken":0.0},{"cards_removed":["Auto Shields"],"damage_healed":0.0,"max_hp_gain":0.0,"max_hp_loss":0.0,"gold_gain":0.0,"event_name":"Falling","player_choice":"Removed Skill","floor":39.0,"gold_loss":0.0,"damage_taken":0.0},{"damage_healed":0.0,"max_hp_gain":0.0,"max_hp_loss":0.0,"gold_gain":0.0,"event_name":"Tomb of Lord Red Mask","player_choice":"Paid","floor":46.0,"gold_loss":44.0,"damage_taken":0.0,"relics_obtained":["Red Mask"]}],"is_beta":false,"boss_relics":[{"not_picked":["Sozu","Tiny House"],"picked":"Snecko Eye"},{"not_picked":["Runic Pyramid","Calling Bell"],"picked":"Eternal Feather"}],"items_purged_floors":[28,41],"is_endless":false,"potions_floor_spawned":[8,10,11,14,16,18,22,27,33,36,38,42,54],"killed_by":"The Heart","ascension_level":0}