{"gold_per_floor":[119,131,141,159,159,184,184,215,215,215,70,83,94,128,128,231,231,231,156,166,180,199,199,199,228,228,262,280,280,280,290,290,393,393,412,412,412,412,467,500,517,517,517,617,617,617,630,655,655,655],"floor_reached":51,"playtime":5135,"items_purged":["Strike_R"],"score":815,"play_id":"ac63b19c-95dc-4c1b-99a7-d940a60dc30f","local_time":"20190807011126","is_ascension_mode":false,"campfire_choices":[{"floor":10,"key":"DIG"},{"floor":15,"key":"DIG"},{"floor":23,"key":"DIG"},{"floor":29,"key":"DIG"},{"floor":32,"key":"DIG"},{"floor":42,"key":"DIG"},{"data":"Heavy Blade","floor":45,"key":"SMITH"},{"floor":49,"key":"REST"}],"neow_cost":"NONE","seed_source_timestamp":453780312971300,"circlet_count":0,"master_deck":["Strike_R+1","Strike_R+1","Strike_R+1","Defend_R+1","Defend_R+1","Defend_R+1","Defend_R+1","Bash","Inflame","Twin Strike","Iron Wave","Spot Weakness","Cleave","Armaments","Shockwave","Sword Boomerang","Pummel","Shrug It Off","Feed","Heavy Blade+1","Flex+1","Headbutt+1","Combust","Brutality+1","Pommel Strike+1","Bludgeon","Madness","Clash+1"],"relics":["Burning Blood","Pantograph","Shovel","Ice Cream","StoneCalendar","Happy Flower","Bronze Scales","Gremlin Horn","Bird Faced Urn","Cursed Key","Omamori","Juzu Bracelet","Dodecahedron","Red Skull","Letter Opener","Boot","Busted Crown","Pocketwatch","Champion Belt","Frozen Egg 2","Lantern","Calipers","Regal Pillow"],"potions_floor_usage":[16,18,25,33,47,50,50,50],"damage_taken":[{"damage":1,"enemies":"Cultist","floor":1,"turns":4},{"damage":3,"enemies":"Small Slimes","floor":2,"turns":3},{"damage":1,"enemies":"Jaw Worm","floor":3,"turns":3},{"damage":7,"enemies":"Exordium Wildlife","floor":4,"turns":5},{"damage":17,"enemies":"Gremlin Nob","floor":6,"turns":4},{"damage":22,"enemies":"3 Sentries","floor":8,"turns":6},{"damage":6,"enemies":"Lots of Slimes","floor":12,"turns":1},{"damage":15,"enemies":"Exordium Thugs","floor":13,"turns":4},{"damage":3,"enemies":"Lagavulin","floor":14,"turns":5},{"damage":13,"enemies":"The Guardian","floor":16,"turns":7},{"damage":0,"enemies":"2 Thieves","floor":18,"turns":1},{"damage":7,"enemies":"Shell Parasite","floor":20,"turns":4},{"damage":13,"enemies":"Centurion and Healer","floor":21,"turns":4},{"damage":0,"enemies":"3 Cultists","floor":22,"turns":4},{"damage":25,"enemies":"Book of Stabbing","floor":25,"turns":4},{"damage":18,"enemies":"Gremlin Leader","floor":27,"turns":4},{"damage":6,"enemies":"Snecko","floor":28,"turns":4},{"damage":14,"enemies":"Centurion and Healer","floor":31,"turns":3},{"damage":52,"enemies":"Collector","floor":33,"turns":6},{"damage":6,"enemies":"Orb Walker","floor":35,"turns":3},{"damage":17,"enemies":"2 Orb Walkers","floor":39,"turns":4},{"damage":10,"enemies":"Nemesis","floor":40,"turns":5},{"damage":21,"enemies":"3 Darklings","floor":41,"turns":4},{"damage":26,"enemies":"Mind Bloom Boss Battle","floor":44,"turns":4},{"damage":4,"enemies":"Transient","floor":47,"turns":5},{"damage":35,"enemies":"Reptomancer","floor":48,"turns":4},{"damage":61,"enemies":"Awakened One","floor":50,"turns":7}],"seed_played":"945937676129340447","potions_obtained":[{"floor":3,"key":"LiquidBronze"},{"floor":4,"key":"SmokeBomb"},{"floor":8,"key":"FearPotion"},{"floor":16,"key":"LiquidBronze"},{"floor":22,"key":"Ancient Potion"},{"floor":25,"key":"FearPotion"},{"floor":28,"key":"Poison Potion"},{"floor":35,"key":"Weak Potion"},{"floor":41,"key":"Swift Potion"},{"floor":47,"key":"AttackPotion"},{"floor":48,"key":"Swift Potion"}],"is_trial":false,"path_per_floor":["M","M","M","M","?","E","T","E","T","R","$","M","M","E","R","B",null,"M","$","M","M","M","R","?","E","T","E","M","R","?","M","R","B",null,"M","?","?","?","?","E","M","R","T","?","R","?","M","E","R","B",null],"character_chosen":"IRONCLAD","items_purchased":["Bronze Scales"],"campfire_rested":1,"item_purchase_floors":[11],"current_hp_per_floor":[80,80,80,79,84,73,73,57,57,57,57,57,48,51,51,71,85,85,85,84,82,91,91,91,72,72,66,70,70,70,68,68,47,91,91,91,80,80,75,77,68,68,68,73,73,73,79,56,91,40],"gold":655,"neow_bonus":"TRANSFORM_CARD","is_prod":false,"is_daily":false,"chose_seed":false,"campfire_upgraded":1,"win_rate":0.0,"timestamp":1565136686,"path_taken":["M","M","?","M","?","E","?","E","T","R","?","M","M","E","R","BOSS","M","?","M","M","?","R","?","E","T","E","M","R","?","M","R","BOSS","M","?","?","?","?","E","M","R","T","?","R","?","M","E","R","BOSS"],"build_version":"2019-07-17","purchased_purges":1,"victory":true,"max_hp_per_floor":[80,80,80,80,85,85,85,85,85,85,85,85,85,85,85,85,85,85,85,85,88,91,91,91,91,91,91,91,91,91,91,91,91,91,91,91,91,91,91,91,91,91,91,91,91,91,91,91,91,91],"card_choices":[{"not_picked":["True Grit","Whirlwind"],"picked":"Twin Strike","floor":1},{"not_picked":["Ghostly Armor","Twin Strike"],"picked":"Iron Wave","floor":2},{"not_picked":["Dual Wield","Wild Strike"],"picked":"Spot Weakness","floor":3},{"not_picked":["Pommel Strike","Sword Boomerang"],"picked":"Cleave","floor":4},{"not_picked":["Flex","Disarm"],"picked":"Armaments","floor":6},{"not_picked":["Demon Form","Evolve"],"picked":"Shockwave","floor":8},{"not_picked":["Ghostly Armor","True Grit"],"picked":"Sword Boomerang","floor":12},{"not_picked":["Clash","Flex"],"picked":"Pummel","floor":13},{"not_picked":["Body Slam","Clothesline"],"picked":"Shrug It Off","floor":14},{"not_picked":["Offering","Limit Break"],"picked":"Feed","floor":16},{"not_picked":["Feel No Pain","Body Slam"],"picked":"Heavy Blade","floor":20},{"not_picked":["Searing Blow","Seeing Red"],"picked":"Flex+1","floor":21},{"not_picked":["Cleave","Blood for Blood+1"],"picked":"Headbutt+1","floor":22},{"not_picked":["Disarm+1","Pommel Strike"],"picked":"Brutality","floor":25},{"not_picked":["Second Wind","Evolve","Metallicize+1"],"picked":"SKIP","floor":27},{"not_picked":["Body Slam+1","Rupture"],"picked":"Pommel Strike+1","floor":28},{"not_picked":["Pummel","Dual Wield+1","Headbutt"],"picked":"SKIP","floor":31},{"not_picked":["Berserk","Feed"],"picked":"Bludgeon","floor":33},{"not_picked":["Body Slam"],"picked":"SKIP","floor":35},{"not_picked":[],"picked":"Clash+1","floor":40},{"not_picked":["Anger"],"picked":"SKIP","floor":41},{"not_picked":["Sword Boomerang"],"picked":"SKIP","floor":47},{"not_picked":["Wild Strike+1"],"picked":"SKIP","floor":48}],"player_experience":45404,"relics_obtained":[{"floor":6,"key":"Pantograph"},{"floor":7,"key":"Shovel"},{"floor":8,"key":"Ice Cream"},{"floor":9,"key":"StoneCalendar"},{"floor":10,"key":"Happy Flower"},{"floor":14,"key":"Gremlin Horn"},{"floor":15,"key":"Bird Faced Urn"},{"floor":23,"key":"Omamori"},{"floor":25,"key":"Juzu Bracelet"},{"floor":26,"key":"Dodecahedron"},{"floor":27,"key":"Red Skull"},{"floor":29,"key":"Letter Opener"},{"floor":32,"key":"Boot"},{"floor":39,"key":"Pocketwatch"},{"floor":40,"key":"Champion Belt"},{"floor":42,"key":"Frozen Egg 2"},{"floor":43,"key":"Lantern"},{"floor":44,"key":"Calipers"},{"floor":48,"key":"Regal Pillow"}],"event_choices":[{"damage_healed":0,"gold_gain":0,"player_choice":"Donut","damage_taken":0,"max_hp_gain":5,"max_hp_loss":0,"event_name":"Big Fish","floor":5,"gold_loss":0},{"damage_healed":0,"gold_gain":0,"player_choice":"1 cards matched","damage_taken":0,"max_hp_gain":0,"max_hp_loss":0,"event_name":"Match and Keep!","floor":24,"gold_loss":0,"cards_obtained":["Combust"]},{"damage_healed":0,"gold_gain":0,"player_choice":"Simplicity","damage_taken":0,"max_hp_gain":0,"max_hp_loss":0,"event_name":"Back to Basics","floor":30,"gold_loss":0,"cards_upgraded":["Strike_R","Strike_R","Strike_R","Defend_R","Defend_R","Defend_R","Defend_R"]},{"damage_healed":0,"gold_gain":0,"player_choice":"Ignored","damage_taken":0,"max_hp_gain":0,"max_hp_loss":0,"event_name":"Tomb of Lord Red Mask","floor":36,"gold_loss":0},{"damage_healed":0,"gold_gain":0,"player_choice":"Embrace Madness","damage_taken":11,"max_hp_gain":0,"max_hp_loss":0,"event_name":"Winding Halls","floor":37,"gold_loss":0,"cards_obtained":["Madness","Madness"]},{"damage_healed":0,"gold_gain":0,"player_choice":"Upgraded","damage_taken":0,"max_hp_gain":0,"max_hp_loss":0,"event_name":"Upgrade Shrine","floor":38,"gold_loss":0,"cards_upgraded":["Brutality"]},{"damage_healed":0,"gold_gain":0,"player_choice":"Fight","damage_taken":0,"max_hp_gain":0,"max_hp_loss":0,"event_name":"Mysterious Sphere","floor":39,"gold_loss":0},{"damage_healed":0,"gold_gain":0,"player_choice":"Fight","damage_taken":0,"max_hp_gain":0,"max_hp_loss":0,"event_name":"MindBloom","floor":44,"gold_loss":0},{"cards_removed":["Madness"],"damage_healed":0,"gold_gain":0,"player_choice":"Removed Skill","damage_taken":0,"max_hp_gain":0,"max_hp_loss":0,"event_name":"Falling","floor":46,"gold_loss":0}],"is_beta":false,"boss_relics":[{"not_picked":["Runic Dome","Runic Pyramid"],"picked":"Cursed Key"},{"not_picked":["Runic Cube","Lizard Tail"],"picked":"Busted Crown"}],"items_purged_floors":[19],"is_endless":false,"potions_floor_spawned":[3,4,8,16,22,25,28,31,35,41,47,48],"ascension_level":0}