{"gold_per_floor":[112,131,131,47,47,47,76,76,76,76],"floor_reached":10,"playtime":362,"items_purged":[],"score":125,"play_id":"53276d34-8879-4841-85d4-33bcf83ec936","local_time":"20190729173245","is_ascension_mode":true,"campfire_choices":[{"data":"Neutralize","floor":6.0,"key":"SMITH"},{"floor":8.0,"key":"REST"}],"neow_cost":"NONE","seed_source_timestamp":69124720570437,"circlet_count":0,"master_deck":["AscendersBane","Strike_G","Strike_G","Strike_G","Defend_G","Defend_G","Defend_G","Defend_G","Defend_G","Survivor","Neutralize+1","Acrobatics","Heel Hook","Expertise","Eviscerate"],"special_seed":0,"relics":["HoveringKite","Pen Nib","The Specimen"],"potions_floor_usage":[10],"damage_taken":[{"damage":3.0,"enemies":"2 Louse","floor":1.0,"turns":4.0},{"damage":0.0,"enemies":"Jaw Worm","floor":2.0,"turns":4.0},{"damage":48.0,"enemies":"Gremlin Nob","floor":7.0,"turns":6.0},{"damage":29,"enemies":"3 Sentries","floor":10,"turns":6}],"seed_played":"-42802577993614283","potions_obtained":[{"floor":2.0,"key":"SpeedPotion"}],"is_trial":false,"path_per_floor":["M","M","?","$","?","R","E","R","T","E"],"character_chosen":"THE_SILENT","items_purchased":["Expertise"],"campfire_rested":1,"item_purchase_floors":[4],"current_hp_per_floor":[56,56,56,56,49,49,1,20,20,0],"gold":76,"neow_bonus":"BOSS_RELIC","is_prod":false,"is_daily":false,"chose_seed":false,"campfire_upgraded":1,"win_rate":0,"timestamp":1564446765,"path_taken":["M","M","?","$","?","R","E","R","T","E"],"build_version":"2019-07-17","purchased_purges":0,"victory":false,"max_hp_per_floor":[66,66,66,66,66,66,66,66,66,66],"card_choices":[{"not_picked":["Deadly Poison","Bane"],"picked":"Acrobatics","floor":1.0},{"not_picked":["Accuracy","Quick Slash"],"picked":"Heel Hook","floor":2.0},{"not_picked":["Dagger Throw","All Out Attack"],"picked":"Eviscerate","floor":7.0}],"player_experience":688020,"relics_obtained":[{"floor":7.0,"key":"Pen Nib"},{"floor":9.0,"key":"The Specimen"}],"event_choices":[{"cards_removed":["Strike_G"],"damage_healed":0.0,"max_hp_gain":0.0,"max_hp_loss":0.0,"gold_gain":0.0,"event_name":"Living Wall","player_choice":"Forget","floor":3.0,"gold_loss":0.0,"damage_taken":0.0},{"cards_removed":["Strike_G"],"damage_healed":0.0,"max_hp_gain":0.0,"max_hp_loss":0.0,"gold_gain":0.0,"event_name":"Golden Wing","player_choice":"Card Removal","floor":5.0,"gold_loss":0.0,"damage_taken":7.0}],"is_beta":false,"boss_relics":[],"items_purged_floors":[],"is_endless":false,"potions_floor_spawned":[2],"killed_by":"3 Sentries","ascension_level":19}