{"gold_per_floor":[111,125,125,125,145,175,175,201,201,221,221,231,58,89,89,193,193,210,223,240,252,252,284,284,312,312,312,176,176,176,30,30,127,127,146,146,163,38,50,85,85,85,134,151,151,183,183,210,210,210],"floor_reached":51,"playtime":1852,"items_purged":["Strike_R","Strike_R","Defend_R"],"score":1064,"play_id":"ff22f326-49ea-4c68-ae48-0b49ebd87fe8","local_time":"20190219130620","is_ascension_mode":true,"campfire_choices":[{"data":"Cleave","floor":7.0,"key":"SMITH"},{"data":"Ghostly Armor","floor":11.0,"key":"SMITH"},{"data":"Inflame","floor":15.0,"key":"SMITH"},{"floor":24,"key":"REST"},{"data":"Armaments","floor":32,"key":"SMITH"},{"data":"Offering","floor":42,"key":"SMITH"},{"floor":49,"key":"REST"}],"neow_cost":"NONE","seed_source_timestamp":0,"circlet_count":0,"master_deck":["Defend_R","Defend_R+1","Bash+1","Reaper","Cleave+1","Ghostly Armor+1","Disarm","Inflame+1","Shrug It Off","Fiend Fire","Shrug It Off+1","Sword Boomerang","Iron Wave+1","Spot Weakness","Offering+1","Armaments+1","Double Tap","Ghostly Armor+1","Offering+1","Shrug It Off+1","Metallicize+1"],"special_seed":0,"relics":["Burning Blood","Strawberry","Sundial","Matryoshka","Bottled Tornado","Sozu","Mango","Pen Nib","Juzu Bracelet","Mummified Hand","Astrolabe","Potion Belt","Art of War","Incense Burner","Happy Flower","Bronze Scales"],"potions_floor_usage":[],"damage_taken":[{"damage":2.0,"enemies":"2 Louse","floor":1.0,"turns":4.0},{"damage":6.0,"enemies":"Cultist","floor":2.0,"turns":3.0},{"damage":5.0,"enemies":"Jaw Worm","floor":5.0,"turns":4.0},{"damage":32.0,"enemies":"Lagavulin","floor":6.0,"turns":7.0},{"damage":20.0,"enemies":"Gremlin Nob","floor":8.0,"turns":4.0},{"damage":4.0,"enemies":"Blue Slaver","floor":10.0,"turns":4.0},{"damage":22.0,"enemies":"Exordium Wildlife","floor":12.0,"turns":5.0},{"damage":20.0,"enemies":"Lagavulin","floor":14.0,"turns":7.0},{"damage":0.0,"enemies":"Slime Boss","floor":16.0,"turns":7.0},{"damage":0,"enemies":"Chosen","floor":18,"turns":3},{"damage":44,"enemies":"3 Byrds","floor":19,"turns":6},{"damage":11,"enemies":"Cultist and Chosen","floor":20,"turns":5},{"damage":15,"enemies":"Snecko","floor":21,"turns":5},{"damage":34,"enemies":"Book of Stabbing","floor":23,"turns":6},{"damage":5,"enemies":"Gremlin Leader","floor":25,"turns":5},{"damage":51,"enemies":"Champ","floor":33,"turns":16},{"damage":6,"enemies":"Orb Walker","floor":35,"turns":2},{"damage":16,"enemies":"3 Shapes","floor":37,"turns":5},{"damage":6,"enemies":"Jaw Worm Horde","floor":39,"turns":1},{"damage":48,"enemies":"Nemesis","floor":40,"turns":7},{"damage":11,"enemies":"3 Darklings","floor":44,"turns":6},{"damage":46,"enemies":"Giant Head","floor":46,"turns":7},{"damage":36,"enemies":"Nemesis","floor":48,"turns":3},{"damage":59,"enemies":"Time Eater","floor":50,"turns":11}],"seed_played":"1049472976261515178","potions_obtained":[{"floor":1.0,"key":"Fire Potion"},{"floor":5.0,"key":"Weak Potion"},{"floor":8.0,"key":"BloodPotion"},{"floor":10.0,"key":"SpeedPotion"}],"is_trial":false,"path_per_floor":["M","M","?","?","M","E","R","E","T","M","R","M","$","E","R","B",null,"M","M","M","M","?","E","R","E","T","?","$","?","?","$","R","B",null,"M","?","M","$","M","E","?","R","T","M","T","E","?","E","R","B",null],"character_chosen":"IRONCLAD","items_purchased":["Inflame","Shrug It Off","Offering","Armaments"],"campfire_rested":2,"item_purchase_floors":[13,13,28,31],"current_hp_per_floor":[80,80,64,64,71,52,52,44,44,46,46,38,38,31,31,51,78,87,58,67,58,41,34,65,76,76,76,76,76,76,76,76,53,93,93,93,94,94,94,83,83,83,83,98,98,75,75,45,76,47],"gold":210,"neow_bonus":"ONE_RANDOM_RARE_CARD","is_prod":false,"is_daily":false,"chose_seed":false,"campfire_upgraded":5,"win_rate":0,"timestamp":1550570780,"path_taken":["M","M","?","?","M","E","R","E","T","M","R","M","$","E","R","BOSS","M","?","M","?","?","E","R","E","T","?","?","?","?","$","R","BOSS","M","?","M","$","M","E","?","R","T","M","?","E","?","E","R","BOSS"],"build_version":"2019-01-23","purchased_purges":3,"victory":true,"max_hp_per_floor":[80,80,80,80,80,87,87,87,87,87,87,87,87,87,87,87,87,87,87,87,87,92,106,106,106,106,106,106,106,106,106,106,106,106,106,106,106,106,106,106,106,106,106,106,106,106,106,106,106,106],"card_choices":[{"not_picked":["Searing Blow","Entrench"],"picked":"Cleave","floor":1.0},{"not_picked":["Whirlwind","Combust"],"picked":"Ghostly Armor","floor":2.0},{"not_picked":["Anger","Reckless Charge","Sword Boomerang"],"picked":"SKIP","floor":5.0},{"not_picked":["Iron Wave","Anger"],"picked":"Disarm","floor":6.0},{"not_picked":["Dual Wield","Wild Strike","Power Through"],"picked":"SKIP","floor":8.0},{"not_picked":["Cleave","Thunderclap","Twin Strike"],"picked":"SKIP","floor":10.0},{"not_picked":["Pommel Strike","Wild Strike","Iron Wave"],"picked":"SKIP","floor":12.0},{"not_picked":["Combust","Rupture","Hemokinesis"],"picked":"SKIP","floor":14.0},{"not_picked":["Bludgeon","Dark Embrace"],"picked":"Fiend Fire","floor":16.0},{"not_picked":["Anger+1","Combust"],"picked":"Shrug It Off+1","floor":18},{"not_picked":["Flex","Bloodletting","Headbutt+1"],"picked":"SKIP","floor":19},{"not_picked":["Perfected Strike","Cleave"],"picked":"Sword Boomerang","floor":20},{"not_picked":["Warcry+1","Flex+1","Sword Boomerang"],"picked":"SKIP","floor":21},{"not_picked":["Wild Strike","Hemokinesis","Clash"],"picked":"SKIP","floor":23},{"not_picked":["Cleave+1","Clash"],"picked":"Iron Wave+1","floor":25},{"not_picked":["Berserk","Bludgeon"],"picked":"Double Tap","floor":33},{"not_picked":["Shrug It Off","Carnage+1","Headbutt"],"picked":"SKIP","floor":35},{"not_picked":["Havoc","Armaments","Heavy Blade"],"picked":"SKIP","floor":37},{"not_picked":["Havoc","Armaments","Heavy Blade"],"picked":"SKIP","floor":37},{"not_picked":["Sword Boomerang","Evolve+1","Fire Breathing+1"],"picked":"SKIP","floor":39},{"not_picked":["Clash+1","Feed","Sword Boomerang"],"picked":"SKIP","floor":40},{"not_picked":["Heavy Blade","Searing Blow","Thunderclap"],"picked":"SKIP","floor":44},{"not_picked":["Sentinel+1","Evolve","Headbutt"],"picked":"SKIP","floor":46},{"not_picked":["Wild Strike+1","Spot Weakness","Anger"],"picked":"SKIP","floor":48}],"player_experience":765187,"relics_obtained":[{"floor":6.0,"key":"Strawberry"},{"floor":8.0,"key":"Sundial"},{"floor":9.0,"key":"Matryoshka"},{"floor":14.0,"key":"Bottled Tornado"},{"floor":23,"key":"Mango"},{"floor":25,"key":"Pen Nib"},{"floor":26,"key":"Juzu Bracelet"},{"floor":26,"key":"Mummified Hand"},{"floor":40,"key":"Potion Belt"},{"floor":43,"key":"Art of War"},{"floor":45,"key":"Incense Burner"},{"floor":46,"key":"Happy Flower"},{"floor":48,"key":"Bronze Scales"}],"event_choices":[{"damage_healed":0.0,"max_hp_gain":0.0,"max_hp_loss":0.0,"gold_gain":0.0,"event_name":"Shining Light","player_choice":"Entered Light","floor":3.0,"gold_loss":0.0,"damage_taken":16.0,"cards_upgraded":["Defend_R","Bash"]},{"damage_healed":0.0,"max_hp_gain":0.0,"max_hp_loss":0.0,"gold_gain":0.0,"event_name":"NoteForYourself","player_choice":"Ignored","floor":4.0,"gold_loss":0.0,"damage_taken":0.0},{"damage_healed":0,"gold_gain":0,"player_choice":"Shed Blood","damage_taken":22,"max_hp_gain":5,"max_hp_loss":0,"event_name":"Forgotten Altar","floor":22,"gold_loss":0},{"damage_healed":0,"gold_gain":0,"player_choice":"Read","damage_taken":0,"max_hp_gain":0,"max_hp_loss":0,"event_name":"The Library","floor":27,"gold_loss":0,"cards_obtained":["Spot Weakness"]},{"damage_healed":0,"gold_gain":0,"player_choice":"Ignored","damage_taken":0,"max_hp_gain":0,"max_hp_loss":0,"event_name":"Ghosts","floor":29,"gold_loss":0},{"damage_healed":0,"gold_gain":0,"player_choice":"Ignored","damage_taken":0,"max_hp_gain":0,"max_hp_loss":0,"event_name":"Vampires","floor":30,"gold_loss":0},{"cards_removed":["Defend_R"],"damage_healed":0,"gold_gain":0,"player_choice":"Offered Basic","damage_taken":0,"max_hp_gain":0,"max_hp_loss":0,"event_name":"Bonfire Elementals","floor":36,"gold_loss":0},{"damage_healed":0,"gold_gain":0,"player_choice":"1 cards matched","damage_taken":0,"max_hp_gain":0,"max_hp_loss":0,"event_name":"Match and Keep!","floor":41,"gold_loss":0,"cards_obtained":["Metallicize"]},{"damage_healed":0,"gold_gain":0,"player_choice":"Upgraded","damage_taken":0,"max_hp_gain":0,"max_hp_loss":0,"event_name":"Upgrade Shrine","floor":47,"gold_loss":0,"cards_upgraded":["Metallicize"]}],"is_beta":false,"boss_relics":[{"not_picked":["Tiny House","Orrery"],"picked":"Sozu"},{"not_picked":["Cursed Key","Empty Cage"],"picked":"Astrolabe"}],"items_purged_floors":[13,31,38],"is_endless":false,"potions_floor_spawned":[1,5,8,10,20,21,33,37,40,48],"ascension_level":5}