{"gold_per_floor":[18,18,18,18,35,35,66,66,92,106,106,137,137,154,154,230,230,250,270,270,286,177,177,197,197,197,224,239,164,164,178,178,251,251,264,278,297,111,131,131,144,144,144,157,157,35,51,51,51,51],"floor_reached":50,"playtime":1653,"items_purged":["Defend_B","Defend_B+1"],"score":830,"play_id":"00b36b14-642c-4c63-be31-9cd6bc30ab2c","local_time":"20180809171412","is_ascension_mode":true,"campfire_choices":[{"data":"Loop","floor":6.0,"key":"SMITH"},{"data":"Defragment","floor":8.0,"key":"SMITH"},{"data":"Cold Snap","floor":11.0,"key":"SMITH"},{"floor":15.0,"key":"REST"},{"data":"Seek","floor":23.0,"key":"SMITH"},{"data":"Capacitor","floor":25.0,"key":"SMITH"},{"floor":30.0,"key":"REST"},{"data":"Loop","floor":32.0,"key":"SMITH"},{"floor":40.0,"key":"REST"},{"floor":42,"key":"REST"},{"floor":49,"key":"REST"}],"neow_cost":"NO_GOLD","seed_source_timestamp":0,"circlet_count":0,"master_deck":["Zap+1","Dualcast","AscendersBane","Loop+1","Cold Snap+1","Defragment+1","Ball Lightning","Glacier+1","Thunder Strike","Seek+1","Static Discharge+1","Stack+1","Darkness+1","Steam+1","FTL","Capacitor+1","Echo Form","Barrage","Loop+1","Electrodynamics","White Noise","Leap","Go for the Eyes","Apotheosis"],"special_seed":0,"relics":["Cracked Core","Bronze Scales","Pen Nib","Happy Flower","Astrolabe","Calipers","Pantograph","Sozu","Anchor","The Courier"],"potions_floor_usage":[41,50],"damage_taken":[{"damage":6.0,"enemies":"Cultist","floor":1.0,"turns":3.0},{"damage":4.0,"enemies":"Small Slimes","floor":5.0,"turns":3.0},{"damage":26.0,"enemies":"Gremlin Nob","floor":7.0,"turns":4.0},{"damage":0.0,"enemies":"2 Louse","floor":10.0,"turns":3.0},{"damage":12.0,"enemies":"3 Sentries","floor":12.0,"turns":4.0},{"damage":0.0,"enemies":"Red Slaver","floor":14.0,"turns":2.0},{"damage":10.0,"enemies":"The Guardian","floor":16.0,"turns":7.0},{"damage":11.0,"enemies":"2 Thieves","floor":18.0,"turns":4.0},{"damage":2.0,"enemies":"3 Byrds","floor":19.0,"turns":3.0},{"damage":0.0,"enemies":"Centurion and Healer","floor":21.0,"turns":5.0},{"damage":6.0,"enemies":"Snecko","floor":24.0,"turns":5.0},{"damage":1.0,"enemies":"Book of Stabbing","floor":27.0,"turns":5.0},{"damage":19.0,"enemies":"Snake Plant","floor":28.0,"turns":4.0},{"damage":0.0,"enemies":"Chosen and Byrds","floor":31.0,"turns":5.0},{"damage":23.0,"enemies":"Collector","floor":33.0,"turns":8.0},{"damage":3.0,"enemies":"3 Shapes","floor":35.0,"turns":4.0},{"damage":22.0,"enemies":"3 Darklings","floor":36.0,"turns":3.0},{"damage":0.0,"enemies":"Maw","floor":37.0,"turns":8.0},{"damage":31.0,"enemies":"Sphere and 2 Shapes","floor":39.0,"turns":4.0},{"damage":21,"enemies":"3 Darklings","floor":41,"turns":4},{"damage":28,"enemies":"Spire Growth","floor":44,"turns":4},{"damage":2,"enemies":"Maw","floor":47,"turns":6},{"damage":56,"enemies":"Awakened One","floor":50,"turns":3}],"seed_played":"3353457534479349395","potions_obtained":[{"floor":4.0,"key":"Regen Potion"},{"floor":4.0,"key":"LiquidBronze"},{"floor":5.0,"key":"Regen Potion"},{"floor":14.0,"key":"SkillPotion"},{"floor":19.0,"key":"SpeedPotion"},{"floor":21.0,"key":"Regen Potion"},{"floor":28.0,"key":"Dexterity Potion"},{"floor":31.0,"key":"SpeedPotion"},{"floor":33.0,"key":"PowerPotion"}],"is_trial":false,"path_per_floor":["M","?","$","?","M","R","E","R","T","M","R","E","?","M","R","B",null,"M","M","?","M","$","R","M","R","T","E","M","?","R","M","R","B",null,"M","M","M","$","M","R","M","R","T","M","?","$","M","?","R"],"character_chosen":"DEFECT","items_purchased":["FTL","Anchor","White Noise","Go for the Eyes"],"campfire_rested":5,"item_purchase_floors":[22,38,38,46],"current_hp_per_floor":[58,58,58,58,54,54,28,28,28,28,28,43,22,22,43,33,62,51,49,49,49,49,49,43,43,43,56,37,37,58,58,58,48,65,62,40,40,40,16,37,16,37,37,9,9,9,7,7,28,0],"gold":51,"neow_bonus":"REMOVE_TWO","is_prod":false,"is_daily":false,"chose_seed":false,"campfire_upgraded":6,"win_rate":0,"timestamp":1533824052,"path_taken":["M","?","$","?","?","R","E","R","T","M","R","E","?","M","R","BOSS","M","M","?","M","$","R","M","R","T","E","M","?","R","M","R","BOSS","M","?","?","$","M","R","M","R","T","M","?","$","M","?","R","BOSS"],"build_version":"2018-08-02","purchased_purges":2,"victory":false,"max_hp_per_floor":[71,71,71,71,71,71,71,71,71,71,71,71,71,71,71,71,71,71,71,71,71,71,71,71,71,71,71,71,71,71,71,71,71,71,71,71,71,71,71,71,71,71,71,71,71,71,71,71,71,71],"card_choices":[{"not_picked":["Go for the Eyes","Beam Cell"],"picked":"Loop","floor":1.0},{"not_picked":["Rip and Tear","Self Repair"],"picked":"Cold Snap","floor":5.0},{"not_picked":["Echo Form","Lockon"],"picked":"Defragment","floor":7.0},{"not_picked":["Streamline","Gash"],"picked":"Ball Lightning","floor":10.0},{"not_picked":["Scrape","Gash"],"picked":"Glacier","floor":12.0},{"not_picked":["Lockon","Turbo"],"picked":"Thunder Strike","floor":14.0},{"not_picked":["Multi-Cast","All For One"],"picked":"Seek","floor":16.0},{"not_picked":["Turbo","Ball Lightning"],"picked":"Steam+1","floor":18.0},{"not_picked":["Streamline","Cold Snap","Conserve Battery"],"picked":"SKIP","floor":19.0},{"not_picked":["Recycle","Ball Lightning","Beam Cell"],"picked":"SKIP","floor":21.0},{"not_picked":["Ball Lightning","Streamline"],"picked":"Capacitor","floor":24.0},{"not_picked":["Consume+1","Conserve Battery"],"picked":"Echo Form","floor":27.0},{"not_picked":["Sweeping Beam","Undo"],"picked":"Barrage","floor":28.0},{"not_picked":["Turbo+1","Compile Driver"],"picked":"Loop","floor":31.0},{"not_picked":["Hyperbeam","Creative AI"],"picked":"Electrodynamics","floor":33.0},{"not_picked":["Chill","Gash","Stack"],"picked":"SKIP","floor":35.0},{"not_picked":["Turbo","Static Discharge","Fusion"],"picked":"SKIP","floor":36.0},{"not_picked":["Turbo","Tempest","Gash"],"picked":"SKIP","floor":37.0},{"not_picked":["Melter","Force Field"],"picked":"Leap","floor":39.0},{"not_picked":["Darkness+1","Ball Lightning","Double Energy"],"picked":"SKIP","floor":41},{"not_picked":["Ball Lightning","Darkness+1","Cold Snap"],"picked":"SKIP","floor":44},{"not_picked":["All For One","Turbo+1","Auto Shields"],"picked":"SKIP","floor":47},{"not_picked":["Transmutation","Good Instincts"],"picked":"Apotheosis","floor":48}],"player_experience":415945,"relics_obtained":[{"floor":7.0,"key":"Bronze Scales"},{"floor":9.0,"key":"Pen Nib"},{"floor":12.0,"key":"Happy Flower"},{"floor":26.0,"key":"Calipers"},{"floor":27.0,"key":"Pantograph"},{"floor":43,"key":"The Courier"}],"event_choices":[{"event_name":"Accursed Blacksmith","player_choice":"Forge","floor":2.0,"damage_taken":0.0},{"event_name":"The Lab","player_choice":"Got Potions","floor":4.0,"damage_taken":0.0},{"event_name":"Shining Light","player_choice":"Entered Light","floor":13.0,"damage_taken":0.0},{"event_name":"Drug Dealer","player_choice":"Ignored","floor":20.0,"damage_taken":0.0},{"event_name":"Beggar","player_choice":"Gave Gold","floor":29.0,"damage_taken":0.0},{"event_name":"Tomb of Lord Red Mask","player_choice":"Ignored","floor":45,"damage_taken":0},{"event_name":"SensoryStone","player_choice":"Memory 1","floor":48,"damage_taken":0}],"is_beta":false,"boss_relics":[{"not_picked":["Runic Pyramid","Orrery"],"picked":"Astrolabe"},{"not_picked":["Lizard Tail","Busted Crown"],"picked":"Sozu"}],"items_purged_floors":[22,46],"is_endless":false,"potions_floor_spawned":[5,14,19,21,28,31,33,36,37,44],"killed_by":"Awakened One","ascension_level":15}