{"gold_per_floor":[113,38,55,55,69,104,104,104,183,183,195,207,207,107,107,202,202,220,236,151,166,166,166],"floor_reached":23,"playtime":564,"items_purged":["Strike_R","Strike_R"],"score":191,"play_id":"d75c7c78-914b-4ea3-becf-e4bc8a9665bb","local_time":"20190712131651","is_ascension_mode":false,"campfire_choices":[{"data":"Bash","floor":7.0,"key":"SMITH"},{"data":"Whirlwind","floor":13.0,"key":"SMITH"},{"floor":15.0,"key":"REST"}],"neow_cost":"NONE","seed_source_timestamp":8501360700302,"circlet_count":0,"master_deck":["Strike_R","Strike_R","Defend_R+1","Defend_R","Defend_R","Defend_R","Bash+1","Whirlwind+1"],"special_seed":0,"relics":["Burning Blood","NeowsBlessing","Pen Nib","Busted Crown","The Courier"],"potions_floor_usage":[],"damage_taken":[{"damage":0.0,"enemies":"2 Louse","floor":1.0,"turns":1.0},{"damage":0.0,"enemies":"Jaw Worm","floor":3.0,"turns":1.0},{"damage":0.0,"enemies":"Small Slimes","floor":5.0,"turns":1.0},{"damage":31.0,"enemies":"3 Sentries","floor":6.0,"turns":5.0},{"damage":8.0,"enemies":"Red Slaver","floor":11.0,"turns":5.0},{"damage":26.0,"enemies":"Large Slime","floor":12.0,"turns":7.0},{"damage":44.0,"enemies":"Slime Boss","floor":16.0,"turns":8.0},{"damage":20.0,"enemies":"2 Thieves","floor":18.0,"turns":2.0},{"damage":0.0,"enemies":"Spheric Guardian","floor":19.0,"turns":3.0},{"damage":45.0,"enemies":"Shelled Parasite and Fungi","floor":21.0,"turns":5.0},{"damage":41,"enemies":"Book of Stabbing","floor":23,"turns":4}],"seed_played":"-2564337906358016502","potions_obtained":[{"floor":1.0,"key":"Poison Potion"},{"floor":12.0,"key":"Energy Potion"},{"floor":16.0,"key":"Swift Potion"},{"floor":19.0,"key":"Poison Potion"}],"is_trial":false,"path_per_floor":["M","$","M","?","M","E","R","?","T","?","M","M","R","$","R","B",null,"M","M","?","M","?","E"],"character_chosen":"IRONCLAD","items_purchased":[],"campfire_rested":1,"item_purchase_floors":[],"current_hp_per_floor":[80,80,80,73,79,54,54,59,59,59,57,37,37,37,62,24,85,71,77,77,38,38,0],"gold":166,"neow_bonus":"THREE_ENEMY_KILL","is_prod":false,"is_daily":false,"chose_seed":false,"campfire_upgraded":2,"win_rate":0,"timestamp":1562962611,"path_taken":["M","$","M","?","M","E","R","?","T","?","M","M","R","$","R","BOSS","M","M","?","M","?","E"],"build_version":"2019-07-05","purchased_purges":2,"victory":false,"max_hp_per_floor":[80,80,80,80,80,80,80,85,85,85,85,85,85,85,85,85,85,85,85,85,85,85,85],"card_choices":[{"not_picked":["Reckless Charge","Anger","Wild Strike"],"picked":"SKIP","floor":1.0},{"not_picked":["Reckless Charge","Anger","Wild Strike"],"picked":"SKIP","floor":1.0},{"not_picked":["Clash","Uppercut"],"picked":"Whirlwind","floor":3.0},{"not_picked":["Cleave","Body Slam","Thunderclap"],"picked":"SKIP","floor":5.0},{"not_picked":["Power Through","Rupture","True Grit"],"picked":"SKIP","floor":6.0},{"not_picked":["Anger","Burning Pact","Inflame"],"picked":"SKIP","floor":11.0},{"not_picked":["Dark Embrace","Perfected Strike","Whirlwind"],"picked":"SKIP","floor":12.0},{"not_picked":["Perfected Strike"],"picked":"SKIP","floor":18.0},{"not_picked":["Carnage"],"picked":"SKIP","floor":19.0},{"not_picked":["True Grit"],"picked":"SKIP","floor":21.0}],"player_experience":565191,"relics_obtained":[{"floor":6.0,"key":"Pen Nib"}],"event_choices":[{"cards_removed":["Strike_R"],"damage_healed":0.0,"max_hp_gain":0.0,"max_hp_loss":0.0,"gold_gain":0.0,"event_name":"Golden Wing","player_choice":"Card Removal","floor":4.0,"gold_loss":0.0,"damage_taken":7.0},{"damage_healed":0.0,"max_hp_gain":5.0,"max_hp_loss":0.0,"gold_gain":0.0,"event_name":"Big Fish","player_choice":"Donut","floor":8.0,"gold_loss":0.0,"damage_taken":0.0},{"damage_healed":0.0,"max_hp_gain":0.0,"max_hp_loss":0.0,"gold_gain":0.0,"event_name":"Match and Keep!","player_choice":"0 cards matched","floor":10.0,"gold_loss":0.0,"damage_taken":0.0,"cards_obtained":[]},{"damage_healed":0.0,"max_hp_gain":0.0,"max_hp_loss":0.0,"gold_gain":0.0,"event_name":"Addict","player_choice":"Obtained Relic","floor":20.0,"gold_loss":85.0,"damage_taken":0.0,"relics_obtained":["The Courier"]},{"damage_healed":0.0,"max_hp_gain":0.0,"max_hp_loss":0.0,"gold_gain":0.0,"event_name":"Upgrade Shrine","player_choice":"Upgraded","floor":22.0,"gold_loss":0.0,"damage_taken":0.0,"cards_upgraded":["Defend_R"]}],"is_beta":false,"boss_relics":[{"not_picked":["Ectoplasm","Lizard Tail"],"picked":"Busted Crown"}],"items_purged_floors":[2,14],"is_endless":false,"potions_floor_spawned":[1,12,16,19],"killed_by":"Book of Stabbing","ascension_level":0}