{"gold_per_floor":[109,184,199,199,213,213,223,251,251,270,284,284,284,300,300,373,373,389,314,314,331,358,358,31,50,50,78,78,78],"floor_reached":29,"playtime":1569,"items_purged":["Writhe"],"score":540,"play_id":"4b6077f2-4c9d-48a7-ab7f-ad913f17b6a2","local_time":"20190718200328","is_ascension_mode":true,"campfire_choices":[{"data":"Bash","floor":6,"key":"SMITH"},{"data":"Perfected Strike","floor":12,"key":"SMITH"},{"data":"Clothesline","floor":15,"key":"SMITH"},{"data":"Offering","floor":23,"key":"SMITH"}],"neow_cost":"NONE","seed_source_timestamp":2085483154438,"circlet_count":0,"master_deck":["AscendersBane","Strike_R","Strike_R","Strike_R","Strike_R","Strike_R","Defend_R","Defend_R","Defend_R","Defend_R","Bash+1","Clothesline+1","Perfected Strike+1","Headbutt","Anger","Pommel Strike+1","Offering+1","Whirlwind+1","Spot Weakness","Hemokinesis+1"],"relics":["Burning Blood","NeowsBlessing","Self Forming Clay","Ancient Tea Set","Molten Egg 2","Mummified Hand","Philosopher\u0027s Stone","Lantern","Strawberry","Frozen Eye","Gremlin Horn","Red Skull"],"potions_floor_usage":[8,29],"damage_taken":[{"damage":0,"enemies":"2 Louse","floor":1,"turns":1},{"damage":0,"enemies":"Small Slimes","floor":3,"turns":1},{"damage":0,"enemies":"Cultist","floor":5,"turns":1},{"damage":6,"enemies":"Exordium Wildlife","floor":7,"turns":4},{"damage":24,"enemies":"3 Sentries","floor":8,"turns":9},{"damage":5,"enemies":"Blue Slaver","floor":10,"turns":3},{"damage":12,"enemies":"2 Fungi Beasts","floor":11,"turns":3},{"damage":24,"enemies":"Exordium Thugs","floor":14,"turns":5},{"damage":36,"enemies":"Hexaghost","floor":16,"turns":9},{"damage":10,"enemies":"Chosen","floor":18,"turns":3},{"damage":6,"enemies":"3 Byrds","floor":21,"turns":2},{"damage":12,"enemies":"Snecko","floor":25,"turns":3},{"damage":2,"enemies":"Gremlin Leader","floor":27,"turns":2},{"damage":65,"enemies":"Slavers","floor":29,"turns":5}],"seed_played":"-288340451210628355","potions_obtained":[{"floor":3,"key":"FearPotion"},{"floor":7,"key":"SkillPotion"},{"floor":8,"key":"FairyPotion"},{"floor":18,"key":"Strength Potion"},{"floor":25,"key":"PowerPotion"}],"is_trial":false,"path_per_floor":["M","?","M","?","M","R","M","E","T","M","M","R","T","M","R","B",null,"M","?","?","M","T","R","$","M","T","E","$","E"],"character_chosen":"IRONCLAD","items_purchased":["Hemokinesis+1","Frozen Eye"],"campfire_rested":0,"item_purchase_floors":[24,24],"current_hp_per_floor":[74,63,69,69,75,75,75,57,57,58,52,52,52,34,34,11,59,55,55,55,55,62,62,62,56,56,60,60,0],"gold":78,"neow_bonus":"THREE_ENEMY_KILL","is_prod":false,"is_daily":false,"chose_seed":false,"campfire_upgraded":4,"win_rate":0,"timestamp":1563494608,"path_taken":["M","?","M","?","M","R","M","E","T","?","M","R","?","M","R","BOSS","M","?","?","?","?","R","$","M","T","E","?","E"],"build_version":"2019-07-17","purchased_purges":1,"victory":false,"max_hp_per_floor":[75,75,75,75,75,75,75,75,75,75,75,75,75,75,75,75,75,75,75,75,75,82,82,82,82,82,82,82,82],"card_choices":[{"not_picked":["Clash","Warcry"],"picked":"Clothesline","floor":1},{"not_picked":["Corruption","Iron Wave"],"picked":"Perfected Strike","floor":3},{"not_picked":["Thunderclap","Shrug It Off"],"picked":"Headbutt","floor":5},{"not_picked":["Heavy Blade","Power Through","Wild Strike"],"picked":"SKIP","floor":7},{"not_picked":["Havoc","Thunderclap"],"picked":"Anger","floor":8},{"not_picked":["Anger+1","Flex"],"picked":"Dropkick+1","floor":10},{"not_picked":["Second Wind","Bloodletting"],"picked":"Pommel Strike+1","floor":11},{"not_picked":["Twin Strike+1","Pummel+1","Armaments"],"picked":"SKIP","floor":14},{"not_picked":["Immolate+1","Dark Embrace"],"picked":"Offering","floor":16},{"not_picked":["Twin Strike+1","Shockwave"],"picked":"Whirlwind+1","floor":18},{"not_picked":["Clash+1","Searing Blow+1"],"picked":"Spot Weakness","floor":21},{"not_picked":["Twin Strike+1","Body Slam+1","Headbutt+1"],"picked":"SKIP","floor":25},{"not_picked":["Flex","Pommel Strike+1","Wild Strike+1"],"picked":"SKIP","floor":27}],"player_experience":2504104,"relics_obtained":[{"floor":8,"key":"Ancient Tea Set"},{"floor":9,"key":"Molten Egg 2"},{"floor":13,"key":"Mummified Hand"},{"floor":22,"key":"Strawberry"},{"floor":26,"key":"Gremlin Horn"},{"floor":27,"key":"Red Skull"}],"event_choices":[{"damage_healed":0,"gold_gain":75,"player_choice":"Gather Gold","damage_taken":11,"max_hp_gain":0,"max_hp_loss":0,"event_name":"World of Goop","floor":2,"gold_loss":0},{"damage_healed":0,"gold_gain":0,"player_choice":"Gave Potion","damage_taken":0,"relics_obtained":["Self Forming Clay"],"max_hp_gain":0,"max_hp_loss":0,"event_name":"WeMeetAgain","floor":4,"gold_loss":0},{"cards_removed":["Dropkick"],"damage_healed":0,"gold_gain":0,"player_choice":"Gave Gold","damage_taken":0,"max_hp_gain":0,"max_hp_loss":0,"event_name":"Beggar","floor":19,"gold_loss":75},{"damage_healed":0,"gold_gain":0,"player_choice":"Opened","damage_taken":0,"relics_obtained":["Lantern"],"max_hp_gain":0,"max_hp_loss":0,"event_name":"The Mausoleum","floor":20,"gold_loss":0,"cards_obtained":["Writhe"]}],"is_beta":false,"boss_relics":[{"not_picked":["Runic Dome","Empty Cage"],"picked":"Philosopher\u0027s Stone"}],"items_purged_floors":[24],"is_endless":false,"potions_floor_spawned":[3,7,8,18,25],"killed_by":"Slavers","ascension_level":20}