{"gold_per_floor":[116,135,186,201,201,218,218,218,218,228,228,255,269,344,344,421,421,440,440,80,92,106,106,139,63,88,88,100,128,128,143,143,217,217,228,153,166,166,8,8,20,47,128,128,140,193,193,207,207,207,207],"floor_reached":51,"playtime":1537,"items_purged":["Strike_R","Strike_R"],"score":1334,"play_id":"2d0d6fba-b5ee-483f-8007-035f7f571dab","local_time":"20190727192731","is_ascension_mode":true,"campfire_choices":[{"data":"Whirlwind","floor":7.0,"key":"SMITH"},{"data":"Inflame","floor":11.0,"key":"SMITH"},{"data":"Shrug It Off","floor":15.0,"key":"SMITH"},{"floor":23.0,"key":"RECALL"},{"floor":27.0,"key":"REST"},{"floor":30.0,"key":"REST"},{"floor":32.0,"key":"REST"},{"floor":40.0,"key":"REST"},{"floor":44.0,"key":"REST"},{"floor":47.0,"key":"REST"},{"floor":49.0,"key":"REST"}],"neow_cost":"NONE","seed_source_timestamp":24310650379592,"circlet_count":0,"master_deck":["AscendersBane","Strike_R","Strike_R","Defend_R","Defend_R","Defend_R","Defend_R","Bash+1","Whirlwind+1","Bludgeon+1","Inflame+1","Shrug It Off+1","Demon Form+1","Ghostly Armor+1","Armaments+1","Metallicize+1","Warcry+1","Warcry+1","Battle Trance+1","Shrug It Off+1"],"special_seed":0,"relics":["Burning Blood","Bag of Preparation","Gremlin Horn","Frozen Egg 2","Fusion Hammer","Toxic Egg 2","Centennial Puzzle","Regal Pillow","Dodecahedron","Busted Crown","Ornamental Fan","Charon\u0027s Ashes"],"potions_floor_usage":[51],"damage_taken":[{"damage":12.0,"enemies":"Cultist","floor":1.0,"turns":4.0},{"damage":16.0,"enemies":"Jaw Worm","floor":2.0,"turns":4.0},{"damage":6.0,"enemies":"2 Louse","floor":4.0,"turns":2.0},{"damage":20.0,"enemies":"Exordium Thugs","floor":6.0,"turns":4.0},{"damage":13.0,"enemies":"Large Slime","floor":10.0,"turns":2.0},{"damage":6.0,"enemies":"Gremlin Nob","floor":12.0,"turns":3.0},{"damage":1.0,"enemies":"Looter","floor":13.0,"turns":2.0},{"damage":28.0,"enemies":"The Guardian","floor":16.0,"turns":11.0},{"damage":0.0,"enemies":"Spheric Guardian","floor":18.0,"turns":3.0},{"damage":0.0,"enemies":"Chosen","floor":21.0,"turns":3.0},{"damage":6.0,"enemies":"Centurion and Healer","floor":22.0,"turns":5.0},{"damage":39.0,"enemies":"Gremlin Leader","floor":24.0,"turns":5.0},{"damage":27.0,"enemies":"Shelled Parasite and Fungi","floor":28.0,"turns":5.0},{"damage":12.0,"enemies":"Slavers","floor":29.0,"turns":2.0},{"damage":9.0,"enemies":"Cultist and Chosen","floor":31.0,"turns":4.0},{"damage":47.0,"enemies":"Champ","floor":33.0,"turns":9.0},{"damage":5.0,"enemies":"Orb Walker","floor":35.0,"turns":3.0},{"damage":4.0,"enemies":"3 Darklings","floor":37.0,"turns":6.0},{"damage":19.0,"enemies":"Transient","floor":41.0,"turns":6.0},{"damage":38.0,"enemies":"Reptomancer","floor":42.0,"turns":7.0},{"damage":0.0,"enemies":"Jaw Worm Horde","floor":45.0,"turns":4.0},{"damage":42.0,"enemies":"2 Orb Walkers","floor":46.0,"turns":4.0},{"damage":19.0,"enemies":"4 Shapes","floor":48.0,"turns":5.0},{"damage":55.0,"enemies":"Donu and Deca","floor":50.0,"turns":8.0},{"damage":32,"enemies":"Time Eater","floor":51,"turns":5}],"seed_played":"-1341254707578422459","potions_obtained":[{"floor":6.0,"key":"SkillPotion"},{"floor":10.0,"key":"Poison Potion"},{"floor":12.0,"key":"Fire Potion"},{"floor":31.0,"key":"AttackPotion"},{"floor":35.0,"key":"Block Potion"},{"floor":46.0,"key":"SneckoOil"},{"floor":48.0,"key":"SkillPotion"}],"is_trial":false,"path_per_floor":["M","M","T","M","?","M","R","?","T","M","R","E","M","?","R","B",null,"M","?","$","M","M","R","E","$","T","R","M","E","R","M","R","B",null,"M","?","M","?","$","R","M","E","T","R","M","?","R","M","R","B","B"],"character_chosen":"IRONCLAD","items_purchased":["Toxic Egg 2","Metallicize+1","Shrug It Off+1"],"campfire_rested":7,"item_purchase_floors":[20,25,39],"current_hp_per_floor":[62,52,52,52,52,38,38,38,38,31,31,31,36,36,36,14,60,66,66,66,72,72,72,39,39,39,75,54,48,75,72,75,34,65,66,66,68,68,68,75,62,30,30,67,73,37,74,61,75,26,0],"gold":207,"neow_bonus":"THREE_CARDS","is_prod":false,"is_daily":false,"chose_seed":false,"campfire_upgraded":3,"win_rate":0,"timestamp":1564244851,"path_taken":["M","M","?","M","?","M","R","?","T","M","R","E","?","?","R","BOSS","M","?","$","M","M","R","E","$","T","R","M","E","R","M","R","BOSS","M","?","?","?","$","R","M","E","T","R","M","?","R","M","R","BOSS","BOSS"],"build_version":"2019-07-17","purchased_purges":2,"victory":false,"max_hp_per_floor":[75,75,75,75,75,75,75,75,75,75,75,75,75,75,75,75,75,75,75,75,75,75,75,75,75,75,75,75,75,75,75,75,75,75,75,75,75,75,75,75,75,75,75,75,75,75,75,75,75,75,75],"card_choices":[{"not_picked":["Havoc","Pommel Strike"],"picked":"Whirlwind","floor":0.0},{"not_picked":["Havoc","Iron Wave","Cleave"],"picked":"SKIP","floor":1.0},{"not_picked":["Pommel Strike","Havoc"],"picked":"Bludgeon","floor":2.0},{"not_picked":["Cleave","Headbutt","Clash"],"picked":"SKIP","floor":4.0},{"not_picked":["Perfected Strike","Clothesline"],"picked":"Inflame","floor":6.0},{"not_picked":["Clash","Iron Wave","Uppercut"],"picked":"SKIP","floor":10.0},{"not_picked":["Bloodletting","Cleave","Carnage"],"picked":"SKIP","floor":12.0},{"not_picked":["Sword Boomerang","Ghostly Armor"],"picked":"Shrug It Off","floor":13.0},{"not_picked":["Dark Embrace+1","Fiend Fire"],"picked":"Demon Form+1","floor":16.0},{"not_picked":["Twin Strike","Thunderclap","Iron Wave"],"picked":"SKIP","floor":18.0},{"not_picked":["Cleave","Burning Pact+1"],"picked":"Ghostly Armor+1","floor":21.0},{"not_picked":["Body Slam","Wild Strike+1"],"picked":"Armaments+1","floor":22.0},{"not_picked":["Cleave+1","Seeing Red+1","Reckless Charge+1"],"picked":"SKIP","floor":24.0},{"not_picked":["Rampage","Headbutt"],"picked":"Warcry+1","floor":28.0},{"not_picked":["Sword Boomerang","Twin Strike"],"picked":"Warcry+1","floor":29.0},{"not_picked":["Thunderclap","Clash"],"picked":"Battle Trance+1","floor":31.0},{"not_picked":["Wild Strike"],"picked":"SKIP","floor":35.0},{"not_picked":["Heavy Blade"],"picked":"SKIP","floor":37.0},{"not_picked":["Feel No Pain+1"],"picked":"SKIP","floor":41.0},{"not_picked":["Havoc+1"],"picked":"SKIP","floor":42.0},{"not_picked":["Wild Strike+1"],"picked":"SKIP","floor":45.0},{"not_picked":["Evolve+1"],"picked":"SKIP","floor":48.0}],"player_experience":1106303,"relics_obtained":[{"floor":3.0,"key":"Bag of Preparation"},{"floor":9.0,"key":"Gremlin Horn"},{"floor":12.0,"key":"Frozen Egg 2"},{"floor":24.0,"key":"Centennial Puzzle"},{"floor":26.0,"key":"Regal Pillow"},{"floor":29.0,"key":"Dodecahedron"},{"floor":42.0,"key":"Ornamental Fan"},{"floor":46.0,"key":"Charon\u0027s Ashes"}],"event_choices":[{"damage_healed":0.0,"max_hp_gain":0.0,"max_hp_loss":0.0,"gold_gain":0.0,"event_name":"Living Wall","player_choice":"Grow","floor":5.0,"gold_loss":0.0,"damage_taken":0.0,"cards_upgraded":["Bludgeon"]},{"damage_healed":0.0,"max_hp_gain":0.0,"max_hp_loss":0.0,"gold_gain":0.0,"event_name":"Upgrade Shrine","player_choice":"Upgraded","floor":8.0,"gold_loss":0.0,"damage_taken":0.0,"cards_upgraded":["Bash"]},{"damage_healed":0.0,"max_hp_gain":0.0,"max_hp_loss":0.0,"gold_gain":75.0,"event_name":"Golden Wing","player_choice":"Gained Gold","floor":14.0,"gold_loss":0.0,"damage_taken":0.0},{"damage_healed":0.0,"max_hp_gain":0.0,"max_hp_loss":0.0,"gold_gain":0.0,"event_name":"Vampires","player_choice":"Ignored","floor":19.0,"gold_loss":0.0,"damage_taken":0.0},{"cards_removed":["Strike_R"],"damage_healed":0.0,"max_hp_gain":0.0,"max_hp_loss":0.0,"gold_gain":0.0,"event_name":"Designer","player_choice":"Single Remove","floor":36.0,"gold_loss":75.0,"damage_taken":0.0},{"damage_healed":0.0,"max_hp_gain":0.0,"max_hp_loss":0.0,"gold_gain":0.0,"event_name":"Tomb of Lord Red Mask","player_choice":"Ignored","floor":38.0,"gold_loss":0.0,"damage_taken":0.0},{"damage_healed":0.0,"max_hp_gain":0.0,"max_hp_loss":0.0,"gold_gain":0.0,"event_name":"Mysterious Sphere","player_choice":"Fight","floor":46.0,"gold_loss":0.0,"damage_taken":0.0}],"is_beta":false,"boss_relics":[{"not_picked":["Runic Pyramid","Runic Cube"],"picked":"Fusion Hammer"},{"not_picked":["Orrery","Astrolabe"],"picked":"Busted Crown"}],"items_purged_floors":[20,39],"is_endless":false,"potions_floor_spawned":[6,10,12,16,22,28,31,35,46,48],"killed_by":"Time Eater","ascension_level":20}