{"gold_per_floor":[109,109,37,55,67,97,97,115,115,126,141,141,175,192,192,295,295,295,295,295,295,295,295,295,227,227,227,227,152,152,152,152,152,152,152,1,1,1,1,1,0,0,0,0,0,0,0,0,0,0,0,0,0,0,0],"floor_reached":56,"playtime":6140,"items_purged":[],"score":1241,"play_id":"c6d99f66-f602-463e-9639-8fdb0b38c67d","local_time":"20190715234848","is_ascension_mode":false,"campfire_choices":[{"data":"Metallicize","floor":7,"key":"SMITH"},{"data":"Clothesline","floor":12,"key":"SMITH"},{"data":"Metallicize","floor":15,"key":"SMITH"},{"data":"Bash","floor":24,"key":"SMITH"},{"data":"Metallicize","floor":30,"key":"SMITH"},{"data":"Pommel Strike","floor":32,"key":"SMITH"},{"floor":45,"key":"DIG"},{"floor":47,"key":"RECALL"},{"floor":49,"key":"REST"},{"floor":52,"key":"DIG"}],"neow_cost":"NONE","seed_source_timestamp":41274137238825,"circlet_count":0,"master_deck":["Strike_R","Strike_R","Defend_R","Defend_R","Defend_R","Defend_R","Bash+1","Metallicize+1","Combust","Metallicize+1","Anger","Clothesline+1","Pommel Strike+1","Shrug It Off","Shrug It Off","Feed","Rupture","Reaper","Battle Trance","Clothesline","Metallicize+1","Shockwave+1","True Grit+1","Spot Weakness+1","Offering","Metallicize","Rupture","Disarm+1","Battle Trance+1","Juggernaut","Inflame+1","Madness","Sadistic Nature"],"relics":["Burning Blood","Mummified Hand","Matryoshka","Paper Frog","Ectoplasm","Du-Vu Doll","Regal Pillow","Champion Belt","Fusion Hammer","Shovel","Red Mask","MawBank","Juzu Bracelet","Omamori","Pantograph","Dead Branch"],"potions_floor_usage":[19,22,33,37,55,55],"damage_taken":[{"damage":4,"enemies":"Jaw Worm","floor":1,"turns":6},{"damage":9,"enemies":"Cultist","floor":4,"turns":4},{"damage":3,"enemies":"2 Louse","floor":5,"turns":3},{"damage":23,"enemies":"Lagavulin","floor":6,"turns":7},{"damage":7,"enemies":"Exordium Wildlife","floor":8,"turns":4},{"damage":6,"enemies":"3 Louse","floor":10,"turns":4},{"damage":0,"enemies":"Blue Slaver","floor":11,"turns":5},{"damage":13,"enemies":"Gremlin Nob","floor":13,"turns":5},{"damage":4,"enemies":"Exordium Thugs","floor":14,"turns":5},{"damage":22,"enemies":"Hexaghost","floor":16,"turns":9},{"damage":10,"enemies":"Shell Parasite","floor":18,"turns":7},{"damage":19,"enemies":"3 Byrds","floor":19,"turns":4},{"damage":23,"enemies":"Snake Plant","floor":21,"turns":5},{"damage":12,"enemies":"Sentry and Sphere","floor":22,"turns":6},{"damage":9,"enemies":"Book of Stabbing","floor":23,"turns":6},{"damage":8,"enemies":"Snecko","floor":27,"turns":7},{"damage":3,"enemies":"Shelled Parasite and Fungi","floor":28,"turns":5},{"damage":7,"enemies":"Centurion and Healer","floor":31,"turns":6},{"damage":38,"enemies":"Automaton","floor":33,"turns":7},{"damage":1,"enemies":"Orb Walker","floor":35,"turns":4},{"damage":0,"enemies":"3 Shapes","floor":37,"turns":6},{"damage":17,"enemies":"Writhing Mass","floor":38,"turns":4},{"damage":6,"enemies":"Jaw Worm Horde","floor":39,"turns":3},{"damage":10,"enemies":"Giant Head","floor":40,"turns":5},{"damage":42,"enemies":"Nemesis","floor":42,"turns":7},{"damage":72,"enemies":"Awakened One","floor":50,"turns":10},{"damage":26,"enemies":"Shield and Spear","floor":54,"turns":5},{"damage":44,"enemies":"The Heart","floor":55,"turns":10}],"seed_played":"5526889972656848413","potions_obtained":[{"floor":5,"key":"FearPotion"},{"floor":11,"key":"FearPotion"},{"floor":13,"key":"Explosive Potion"},{"floor":14,"key":"Swift Potion"},{"floor":21,"key":"PowerPotion"},{"floor":22,"key":"Explosive Potion"},{"floor":27,"key":"PowerPotion"},{"floor":40,"key":"Strength Potion"},{"floor":42,"key":"GamblersBrew"}],"is_trial":false,"path_per_floor":["M","?","$","M","M","E","R","M","T","M","M","R","E","M","R","B",null,"M","M","$","M","M","E","R","$","T","M","M","?","R","M","R","B",null,"M","$","M","M","M","E","?","E","T","?","R","?","R","$","R","B",null,"R","$","E","B",null],"character_chosen":"IRONCLAD","items_purchased":["Combust","Metallicize","Immolate","Rupture"],"campfire_rested":1,"item_purchase_floors":[3,25,36,36],"current_hp_per_floor":[80,80,80,77,80,63,63,62,62,62,68,68,61,63,63,47,80,76,63,63,46,46,55,55,55,55,57,63,63,63,79,79,66,89,92,92,95,93,98,98,98,72,72,62,62,62,62,62,98,50,98,98,98,98,60],"gold":0,"neow_bonus":"REMOVE_CARD","is_prod":false,"is_daily":false,"chose_seed":false,"campfire_upgraded":6,"win_rate":0,"timestamp":1563227328,"path_taken":["M","?","$","?","M","E","R","M","T","M","M","R","E","M","R","BOSS","M","M","$","M","M","E","R","$","T","M","M","?","R","M","R","BOSS","M","$","M","M","M","E","?","E","T","?","R","?","R","?","R","BOSS","R","$","E","BOSS"],"build_version":"2019-07-05","purchased_purges":0,"victory":true,"max_hp_per_floor":[80,80,80,80,80,80,80,80,80,80,80,80,80,80,80,80,80,80,80,80,80,80,80,80,80,80,80,83,83,83,86,86,89,89,92,92,95,98,98,98,98,98,98,98,98,98,98,98,98,98,98,98,98,98,98],"card_choices":[{"not_picked":["Clash","Fire Breathing","Warcry"],"picked":"SKIP","floor":1},{"not_picked":["Heavy Blade","Reckless Charge"],"picked":"Metallicize","floor":4},{"not_picked":["Pommel Strike","Corruption"],"picked":"Anger","floor":5},{"not_picked":["Rage","Havoc"],"picked":"Clothesline","floor":6},{"not_picked":["Reckless Charge","Intimidate","Searing Blow"],"picked":"SKIP","floor":8},{"not_picked":["Flex","Sentinel"],"picked":"Pommel Strike","floor":10},{"not_picked":["Warcry","Burning Pact","Body Slam"],"picked":"SKIP","floor":11},{"not_picked":["Iron Wave","Infernal Blade"],"picked":"Shrug It Off","floor":13},{"not_picked":["Cleave","Warcry"],"picked":"Shrug It Off","floor":14},{"not_picked":["Bludgeon","Double Tap"],"picked":"Feed","floor":16},{"not_picked":["Sword Boomerang","Anger"],"picked":"Rupture","floor":18},{"not_picked":["Body Slam","Infernal Blade","Blood for Blood"],"picked":"SKIP","floor":19},{"not_picked":["Warcry+1","Clothesline"],"picked":"Reaper","floor":21},{"not_picked":["Sword Boomerang","Headbutt"],"picked":"Battle Trance","floor":22},{"not_picked":["Thunderclap","Carnage+1"],"picked":"Clothesline","floor":23},{"not_picked":["Ghostly Armor+1","Wild Strike+1"],"picked":"Shockwave+1","floor":27},{"not_picked":["Iron Wave","Clothesline"],"picked":"True Grit+1","floor":28},{"not_picked":["True Grit+1","Feel No Pain"],"picked":"Spot Weakness+1","floor":31},{"not_picked":["Fiend Fire","Impervious"],"picked":"Offering","floor":33},{"not_picked":["Thunderclap+1","Armaments"],"picked":"Metallicize","floor":35},{"not_picked":["Seeing Red","True Grit+1","Uppercut"],"picked":"SKIP","floor":37},{"not_picked":["Clothesline","Iron Wave+1"],"picked":"Disarm+1","floor":38},{"not_picked":["Anger+1","Power Through"],"picked":"Battle Trance+1","floor":39},{"not_picked":["Havoc","Brutality"],"picked":"Juggernaut","floor":40},{"not_picked":["Infernal Blade+1","Entrench"],"picked":"Inflame+1","floor":42},{"not_picked":["Purity","Flash of Steel"],"picked":"Madness","floor":44},{"not_picked":["Mind Blast","Forethought"],"picked":"Sadistic Nature","floor":44},{"not_picked":["Sever Soul+1","Berserk","Uppercut"],"picked":"SKIP","floor":54}],"player_experience":493807,"relics_obtained":[{"floor":6,"key":"Mummified Hand"},{"floor":9,"key":"Matryoshka"},{"floor":13,"key":"Paper Frog"},{"floor":23,"key":"Du-Vu Doll"},{"floor":26,"key":"Regal Pillow"},{"floor":26,"key":"Champion Belt"},{"floor":40,"key":"Shovel"},{"floor":42,"key":"MawBank"},{"floor":43,"key":"Juzu Bracelet"},{"floor":45,"key":"Omamori"},{"floor":52,"key":"Pantograph"},{"floor":54,"key":"Dead Branch"}],"event_choices":[{"damage_healed":0,"gold_gain":0,"cards_transformed":["Strike_R"],"player_choice":"Transformed","damage_taken":0,"max_hp_gain":0,"max_hp_loss":0,"event_name":"Transmorgrifier","floor":2,"gold_loss":0,"cards_obtained":["Metallicize"]},{"cards_removed":["Strike_R"],"damage_healed":0,"gold_gain":0,"player_choice":"Gave Gold","damage_taken":0,"max_hp_gain":0,"max_hp_loss":0,"event_name":"Beggar","floor":29,"gold_loss":75},{"damage_healed":0,"gold_gain":0,"player_choice":"Paid","damage_taken":0,"relics_obtained":["Red Mask"],"max_hp_gain":0,"max_hp_loss":0,"event_name":"Tomb of Lord Red Mask","floor":41,"gold_loss":1},{"damage_healed":0,"gold_gain":0,"player_choice":"Memory 3","damage_taken":10,"max_hp_gain":0,"max_hp_loss":0,"event_name":"SensoryStone","floor":44,"gold_loss":0},{"cards_removed":["Immolate"],"damage_healed":0,"gold_gain":0,"player_choice":"Removed Attack","damage_taken":0,"max_hp_gain":0,"max_hp_loss":0,"event_name":"Falling","floor":46,"gold_loss":0}],"is_beta":false,"boss_relics":[{"not_picked":["Busted Crown","Runic Pyramid"],"picked":"Ectoplasm"},{"not_picked":["Black Star","Tiny House"],"picked":"Fusion Hammer"}],"items_purged_floors":[],"is_endless":false,"potions_floor_spawned":[5,11,13,14,16,21,22,27,28,31,40,42,54],"ascension_level":0}