{"gold_per_floor":[119,132,132,132,159,159,192,216,216,260,279,279,124,124,124,253,253,267,96,56,70,9,9,9,9,9,28,51,51,51,67,67,187,187,202,220,234,234],"floor_reached":38,"playtime":1474,"items_purged":["Strike_B","Strike_B"],"score":586,"play_id":"a2e06a8a-8ce9-4247-9efa-490dce827ecb","local_time":"20190111201912","is_ascension_mode":true,"campfire_choices":[{"data":"Zap","floor":6,"key":"SMITH"},{"data":"Sweeping Beam","floor":12,"key":"SMITH"},{"floor":15,"key":"REST"},{"floor":23,"key":"REST"},{"data":"Conserve Battery","floor":25,"key":"SMITH"},{"floor":29,"key":"REST"},{"floor":32,"key":"REST"}],"neow_cost":"NONE","seed_source_timestamp":116302536804000,"circlet_count":0,"master_deck":["Strike_B","Strike_B","Defend_B+1","Defend_B","Defend_B","Defend_B","Zap+1","Melter","Cold Snap","Rainbow+1","Sweeping Beam+1","Coolheaded+1","Loop+1","Biased Cognition","Conserve Battery+1","BootSequence","FIFO Queue+1","Force Field","Barrage+1","Beam Cell+1","Buffer"],"relics":["Cracked Core","NeowsBlessing","Golden Idol","ReplayTheSpireMod:TigerMarble","Ornamental Fan","Ice Cream","Pantograph","Black Star","Quantum Egg","Ring of Chaos"],"potions_floor_usage":[16,33,37,38,38],"damage_taken":[{"damage":0,"enemies":"Jaw Worm","floor":1,"turns":1},{"damage":0,"enemies":"Small Slimes","floor":2,"turns":1},{"damage":0,"enemies":"Gremlin Nob","floor":7,"turns":1},{"damage":0,"enemies":"Cultist","floor":8,"turns":3},{"damage":24,"enemies":"Lagavulin","floor":10,"turns":6},{"damage":2,"enemies":"3 Louse","floor":11,"turns":2},{"damage":25,"enemies":"Fading Forest","floor":16,"turns":11},{"damage":12,"enemies":"Shell Parasite","floor":18,"turns":5},{"damage":14,"enemies":"3 Byrds","floor":21,"turns":4},{"damage":18,"enemies":"Shelled Parasite and Fungi","floor":27,"turns":7},{"damage":8,"enemies":"Centurion and Healer","floor":28,"turns":8},{"damage":21,"enemies":"Sentry and Sphere","floor":31,"turns":3},{"damage":32,"enemies":"Champ","floor":33,"turns":13},{"damage":3,"enemies":"Orb Walker","floor":35,"turns":4},{"damage":26,"enemies":"3 Darklings","floor":36,"turns":9},{"damage":24,"enemies":"4 Shapes","floor":37,"turns":8},{"damage":22,"enemies":"Jaw Worm Horde","floor":38,"turns":2}],"seed_played":"7782864197054808135","potions_obtained":[{"floor":1,"key":"Flashbang"},{"floor":16,"key":"PowerPotion"},{"floor":18,"key":"Elixir"},{"floor":28,"key":"Swift Potion"},{"floor":33,"key":"Explosive Potion"},{"floor":37,"key":"EssenceOfSteel"}],"is_trial":false,"path_per_floor":["M","M","?","?","T","R","E","M","T","E","M","R","$","?","R","B",null,"M","$","?","M","$","R","?","R","T","M","M","R","$","M","R","B",null,"M","M","M","M"],"character_chosen":"DEFECT","items_purchased":["Loop","BootSequence","FIFO Queue+1"],"campfire_rested":4,"item_purchase_floors":[13,19,22],"current_hp_per_floor":[68,68,50,50,50,50,50,50,50,26,24,24,24,9,31,14,60,48,48,48,34,34,56,56,56,56,38,36,58,58,37,59,43,67,64,38,14,0],"gold":234,"neow_bonus":"THREE_ENEMY_KILL","is_prod":false,"is_daily":false,"chose_seed":false,"campfire_upgraded":3,"win_rate":0,"timestamp":1547227152,"path_taken":["M","M","?","?","?","R","E","M","T","E","?","R","$","?","R","BOSS","M","$","?","M","?","R","?","R","T","M","?","R","$","?","R","BOSS","M","M","M","?"],"build_version":"2019-01-10","purchased_purges":2,"victory":false,"max_hp_per_floor":[75,75,75,75,75,75,75,75,75,75,75,75,75,75,75,75,75,75,75,75,75,75,75,75,75,75,75,75,75,75,75,75,75,75,75,75,75,75],"card_choices":[{"not_picked":["Hologram","Panic Button"],"picked":"Melter","floor":1},{"not_picked":["Gash","Turbo"],"picked":"Cold Snap","floor":2},{"not_picked":["Go for the Eyes","Turbo"],"picked":"Rainbow","floor":7},{"not_picked":["ReplayGash","Barrage","Stack"],"picked":"SKIP","floor":8},{"not_picked":["Self Repair","Rebound"],"picked":"Sweeping Beam","floor":10},{"not_picked":["Ball Lightning","Go for the Eyes"],"picked":"Coolheaded","floor":11},{"not_picked":["Multi-Cast","Fission"],"picked":"Biased Cognition","floor":16},{"not_picked":["BasicCrystalCard+1","Hologram"],"picked":"Conserve Battery","floor":18},{"not_picked":["BootSequence+1","Leap","Redo+1"],"picked":"SKIP","floor":21},{"not_picked":["Compile Driver+1","Rebound"],"picked":"Force Field","floor":27},{"not_picked":["ReplayTheSpireMod:Calculation Training","Doom and Gloom"],"picked":"Barrage+1","floor":28},{"not_picked":["Turbo","Redo+1","Rebound"],"picked":"SKIP","floor":31},{"not_picked":["Turbo","Compile Driver+1","Go for the Eyes"],"picked":"SKIP","floor":35},{"not_picked":["Turbo","Compile Driver+1","Go for the Eyes"],"picked":"SKIP","floor":35},{"not_picked":["Stack","Conserve Battery"],"picked":"Beam Cell+1","floor":36},{"not_picked":["Reinforced Body+1","Cold Snap"],"picked":"Buffer","floor":37}],"player_experience":675579,"relics_obtained":[{"floor":5,"key":"ReplayTheSpireMod:TigerMarble"},{"floor":7,"key":"Ornamental Fan"},{"floor":9,"key":"Ice Cream"},{"floor":10,"key":"Pantograph"},{"floor":26,"key":"Quantum Egg"}],"event_choices":[{"damage_healed":0,"gold_gain":0,"player_choice":"Take Damage","damage_taken":18,"relics_obtained":["Golden Idol"],"max_hp_gain":0,"max_hp_loss":0,"event_name":"Golden Idol","floor":3,"gold_loss":0},{"damage_healed":0,"gold_gain":0,"player_choice":"Entered Light","damage_taken":15,"max_hp_gain":0,"max_hp_loss":0,"event_name":"Shining Light","floor":14,"gold_loss":0,"cards_upgraded":["Defend_B","Rainbow"]},{"damage_healed":0,"gold_gain":0,"player_choice":"Upgrade","damage_taken":0,"max_hp_gain":0,"max_hp_loss":0,"event_name":"Designer","floor":20,"gold_loss":40,"cards_upgraded":["Coolheaded"]},{"damage_healed":0,"gold_gain":0,"player_choice":"Upgraded","damage_taken":0,"max_hp_gain":0,"max_hp_loss":0,"event_name":"Upgrade Shrine","floor":24,"gold_loss":0,"cards_upgraded":["Loop"]}],"is_beta":false,"boss_relics":[{"not_picked":["ReplayTheSpireMod:Onyx Gauntlets","Busted Crown"],"picked":"Black Star"},{"not_picked":["Replay:Bronze Core","Kintsugi"],"picked":"Ring of Chaos"}],"items_purged_floors":[13,19],"is_endless":false,"potions_floor_spawned":[1,16,18,28,33,35,37],"killed_by":"Jaw Worm Horde","ascension_level":7}