{"gold_per_floor":[116,116,116,35,51,51,83,102,125,140,65,65,93,105,105,203,203,220,145,158,83,96,96,125,141,141,3,3,3,34,34,34,131,131,146,165,181,200,200,200,232,232,232,250,275,70,70,85,85,85,85,85,37,64,64],"floor_reached":55,"playtime":3311,"items_purged":["Strike_G","Strike_G","Strike_G"],"score":890,"play_id":"04555115-c063-42de-b7dd-85ff9f5b6bd0","local_time":"20190607233812","is_ascension_mode":true,"campfire_choices":[{"data":"Deadly Poison","floor":6.0,"key":"SMITH"},{"data":"Footwork","floor":12.0,"key":"SMITH"},{"data":"Neutralize","floor":15.0,"key":"SMITH"},{"data":"Footwork","floor":23.0,"key":"SMITH"},{"data":"Crippling Poison","floor":29.0,"key":"SMITH"},{"data":"Footwork","floor":32.0,"key":"SMITH"},{"floor":40.0,"key":"RECALL"},{"floor":42.0,"key":"REST"},{"floor":49,"key":"REST"},{"floor":52,"key":"REST"}],"neow_cost":"NONE","seed_source_timestamp":31397158487923,"circlet_count":0,"master_deck":["Defend_G","Defend_G","Defend_G","Defend_G","Defend_G","Survivor","Neutralize+1","Adrenaline","Deadly Poison+1","Footwork+1","Dagger Throw","Leg Sweep","Deadly Poison","Footwork+1","Doppelganger","Escape Plan","Night Terror","Crippling Poison+1","Cloak And Dagger","Crippling Poison+1","Adrenaline","Footwork+1","Flechettes","Burst","Backflip","Dash+1","Footwork+1","Footwork+1","Blur+1","Backflip","Escape Plan","Terror","Discovery","Panacea","Escape Plan","Footwork","Cloak And Dagger","Prepared+1"],"special_seed":0,"relics":["Ring of the Snake","Dream Catcher","Regal Pillow","Paper Crane","Lizard Tail","Sundial","Ninja Scroll","Letter Opener","Fusion Hammer","Gambling Chip","Blood Vial","Kunai"],"potions_floor_usage":[55,55,55,55,55],"damage_taken":[{"damage":1.0,"enemies":"Cultist","floor":1.0,"turns":4.0},{"damage":0.0,"enemies":"Jaw Worm","floor":5.0,"turns":5.0},{"damage":34.0,"enemies":"Gremlin Nob","floor":7.0,"turns":4.0},{"damage":0.0,"enemies":"2 Louse","floor":8.0,"turns":3.0},{"damage":0.0,"enemies":"2 Fungi Beasts","floor":10.0,"turns":3.0},{"damage":4.0,"enemies":"Lagavulin","floor":13.0,"turns":7.0},{"damage":9.0,"enemies":"Lots of Slimes","floor":14.0,"turns":4.0},{"damage":8.0,"enemies":"Hexaghost","floor":16.0,"turns":11.0},{"damage":10.0,"enemies":"3 Byrds","floor":18.0,"turns":8.0},{"damage":10.0,"enemies":"2 Thieves","floor":19.0,"turns":5.0},{"damage":1.0,"enemies":"Snake Plant","floor":20.0,"turns":6.0},{"damage":0.0,"enemies":"Centurion and Healer","floor":22.0,"turns":8.0},{"damage":3.0,"enemies":"Book of Stabbing","floor":24.0,"turns":7.0},{"damage":16.0,"enemies":"Snecko","floor":25.0,"turns":5.0},{"damage":0.0,"enemies":"Gremlin Leader","floor":30.0,"turns":6.0},{"damage":23.0,"enemies":"Automaton","floor":33.0,"turns":11.0},{"damage":12.0,"enemies":"Orb Walker","floor":35.0,"turns":3.0},{"damage":0.0,"enemies":"3 Darklings","floor":36.0,"turns":4.0},{"damage":2.0,"enemies":"Jaw Worm Horde","floor":37.0,"turns":3.0},{"damage":6.0,"enemies":"4 Shapes","floor":38.0,"turns":6.0},{"damage":0.0,"enemies":"Reptomancer","floor":41.0,"turns":8.0},{"damage":0.0,"enemies":"3 Darklings","floor":44.0,"turns":4.0},{"damage":0.0,"enemies":"Giant Head","floor":45.0,"turns":11.0},{"damage":2,"enemies":"Spire Growth","floor":48,"turns":6},{"damage":6,"enemies":"Time Eater","floor":50,"turns":21},{"damage":12,"enemies":"Shield and Spear","floor":54,"turns":12},{"damage":198,"enemies":"The Heart","floor":55,"turns":20}],"seed_played":"-3947123891522165331","potions_obtained":[{"floor":7.0,"key":"Poison Potion"},{"floor":8.0,"key":"SkillPotion"},{"floor":10.0,"key":"GhostInAJar"},{"floor":13.0,"key":"EntropicBrew"},{"floor":25.0,"key":"PowerPotion"}],"is_trial":false,"path_per_floor":["M","?","?","$","M","R","E","M","T","M","$","R","E","M","R","B",null,"M","M","M","?","M","R","E","M","T","$","?","R","E","?","R","B",null,"M","M","M","M","?","R","E","R","T","M","E","$","?","M","R","B",null,"R","$","E","B"],"character_chosen":"THE_SILENT","items_purchased":["Footwork","Footwork","Terror","Cloak And Dagger"],"campfire_rested":3,"item_purchase_floors":[4,27,46,53],"current_hp_per_floor":[69,69,74,74,74,74,40,40,40,40,40,40,36,27,27,19,75,65,55,54,54,54,54,51,35,35,35,35,35,35,35,35,12,75,63,63,61,55,55,55,55,75,75,75,75,75,65,65,75,69,75,75,75,63,0],"gold":64,"neow_bonus":"ONE_RANDOM_RARE_CARD","is_prod":false,"is_daily":false,"chose_seed":false,"campfire_upgraded":6,"win_rate":0,"timestamp":1559939892,"path_taken":["M","?","?","$","M","R","E","M","T","?","$","R","E","M","R","BOSS","M","M","M","?","M","R","E","M","T","$","?","R","E","?","R","BOSS","M","?","M","M","?","R","E","R","T","M","E","?","?","M","R","BOSS","R","$","E","BOSS"],"build_version":"2019-01-23","purchased_purges":3,"victory":false,"max_hp_per_floor":[70,70,75,75,75,75,75,75,75,75,75,75,75,75,75,75,75,75,75,75,75,75,75,75,75,75,75,75,75,75,75,75,75,75,75,75,75,75,75,75,75,75,75,75,75,75,75,75,75,75,75,75,75,75,75],"card_choices":[{"not_picked":["Deflect","Prepared"],"picked":"Deadly Poison","floor":1.0},{"not_picked":["Quick Slash","Flying Knee"],"picked":"Dagger Throw","floor":5.0},{"not_picked":["Sucker Punch","Flechettes"],"picked":"Leg Sweep","floor":7.0},{"not_picked":["Terror","Choke"],"picked":"Deadly Poison","floor":8.0},{"not_picked":["Underhanded Strike","Leg Sweep"],"picked":"Footwork","floor":10.0},{"not_picked":["Grand Finale","Accuracy"],"picked":"Doppelganger","floor":13.0},{"not_picked":["Slice","All Out Attack"],"picked":"Escape Plan","floor":14.0},{"not_picked":["Wraith Form v2","Bullet Time"],"picked":"Night Terror","floor":16.0},{"not_picked":["Slice","Heel Hook"],"picked":"Crippling Poison+1","floor":18.0},{"not_picked":["Slice","Distraction+1"],"picked":"Cloak And Dagger","floor":19.0},{"not_picked":["Setup","Infinite Blades","Dagger Spray+1"],"picked":"SKIP","floor":20.0},{"not_picked":["Acrobatics+1","Flying Knee"],"picked":"Crippling Poison","floor":22.0},{"not_picked":["Dagger Throw+1","Expertise","Leg Sweep"],"picked":"SKIP","floor":24.0},{"not_picked":["Dodge and Roll+1","Quick Slash"],"picked":"Adrenaline","floor":25.0},{"not_picked":["Cloak And Dagger","Backstab+1","Deadly Poison"],"picked":"SKIP","floor":30.0},{"not_picked":["Malaise","Glass Knife"],"picked":"Burst","floor":33.0},{"not_picked":["Heel Hook","Underhanded Strike+1","Riddle With Holes"],"picked":"SKIP","floor":35.0},{"not_picked":["Poisoned Stab","Quick Slash+1"],"picked":"Backflip","floor":36.0},{"not_picked":["Slice+1","Underhanded Strike+1"],"picked":"Dash+1","floor":37.0},{"not_picked":["Bane","Deflect+1"],"picked":"Footwork+1","floor":38.0},{"not_picked":["Dagger Throw","Deadly Poison+1"],"picked":"Blur+1","floor":41.0},{"not_picked":["Reflex","Deadly Poison+1"],"picked":"Backflip","floor":44.0},{"not_picked":["Concentrate+1","Night Terror"],"picked":"Escape Plan","floor":45.0},{"not_picked":["Dramatic Entrance","Dark Shackles"],"picked":"Discovery","floor":47},{"not_picked":["Blind","Purity"],"picked":"Panacea","floor":47},{"not_picked":["Flying Knee","Dagger Spray+1"],"picked":"Escape Plan","floor":48},{"not_picked":["Bouncing Flask+1","Sucker Punch+1"],"picked":"Footwork","floor":49},{"not_picked":["Tactician+1","Dagger Spray+1"],"picked":"Prepared+1","floor":54}],"player_experience":940739,"relics_obtained":[{"floor":7.0,"key":"Dream Catcher"},{"floor":9.0,"key":"Regal Pillow"},{"floor":13.0,"key":"Paper Crane"},{"floor":24.0,"key":"Sundial"},{"floor":26.0,"key":"Ninja Scroll"},{"floor":30.0,"key":"Letter Opener"},{"floor":41.0,"key":"Gambling Chip"},{"floor":45.0,"key":"Blood Vial"},{"floor":54,"key":"Kunai"}],"event_choices":[{"damage_healed":0.0,"max_hp_gain":0.0,"max_hp_loss":0.0,"gold_gain":0.0,"event_name":"The Cleric","player_choice":"Leave","floor":2.0,"gold_loss":0.0,"damage_taken":0.0},{"damage_healed":0.0,"max_hp_gain":5.0,"max_hp_loss":0.0,"gold_gain":0.0,"event_name":"Big Fish","player_choice":"Donut","floor":3.0,"gold_loss":0.0,"damage_taken":0.0},{"cards_removed":["Strike_G"],"damage_healed":0.0,"max_hp_gain":0.0,"max_hp_loss":0.0,"gold_gain":0.0,"event_name":"Beggar","player_choice":"Gave Gold","floor":21.0,"gold_loss":75.0,"damage_taken":0.0},{"damage_healed":0.0,"max_hp_gain":0.0,"max_hp_loss":0.0,"gold_gain":0.0,"event_name":"Ghosts","player_choice":"Ignored","floor":28.0,"gold_loss":0.0,"damage_taken":0.0},{"damage_healed":0.0,"max_hp_gain":0.0,"max_hp_loss":0.0,"gold_gain":0.0,"cards_transformed":["Strike_G"],"event_name":"Transmorgrifier","player_choice":"Transformed","floor":31.0,"gold_loss":0.0,"damage_taken":0.0,"cards_obtained":["Flechettes"]},{"damage_healed":0.0,"max_hp_gain":0.0,"max_hp_loss":0.0,"gold_gain":0.0,"event_name":"Duplicator","player_choice":"Copied","floor":39.0,"gold_loss":0.0,"damage_taken":0.0,"cards_obtained":["Footwork"]},{"damage_healed":0,"gold_gain":0,"player_choice":"Memory 3","damage_taken":10,"max_hp_gain":0,"max_hp_loss":0,"event_name":"SensoryStone","floor":47,"gold_loss":0}],"is_beta":false,"boss_relics":[{"not_picked":["Calling Bell","WristBlade"],"picked":"Lizard Tail"},{"not_picked":["Orrery","Pandora\u0027s Box"],"picked":"Fusion Hammer"}],"items_purged_floors":[11,27,46],"is_endless":false,"potions_floor_spawned":[7,8,10,13,14,18,20,25,30,35,38,41,44,45,54],"killed_by":"The Heart","ascension_level":1}