{"gold_per_floor":[219,219,144,158,169,24,24,44,44,44,44,58,58,76,76,176,176,189,189,189,89,103,103,123,135,135,135,135],"floor_reached":28,"playtime":1263,"items_purged":["Defend_R","Strike_R"],"score":210,"play_id":"ca2b9c29-b68a-468e-88f5-62eeede2a281","local_time":"20181017162054","is_ascension_mode":false,"campfire_choices":[{"data":"Exhume","floor":7.0,"key":"SMITH"},{"data":"Anger","floor":13.0,"key":"SMITH"},{"data":"Burning Pact","floor":15.0,"key":"SMITH"},{"data":"Strike_R","floor":23.0,"key":"PURGE"},{"data":"Strike_R","floor":27,"key":"PURGE"}],"neow_cost":"NONE","seed_source_timestamp":0,"circlet_count":0,"master_deck":["Strike_R+1","Defend_R","Defend_R","Defend_R+1","Bash","Burning Pact+1","Anger+1","Exhume+1","Barricade","Body Slam","Writhe","Brutality"],"special_seed":0,"relics":["Burning Blood","Self Forming Clay","Toxic Egg 2","Fusion Hammer","Peace Pipe","Sundial"],"potions_floor_usage":[25,28],"damage_taken":[{"damage":6.0,"enemies":"Jaw Worm","floor":1.0,"turns":3.0},{"damage":0.0,"enemies":"Small Slimes","floor":4.0,"turns":3.0},{"damage":0.0,"enemies":"Cultist","floor":5.0,"turns":3.0},{"damage":10.0,"enemies":"Lots of Slimes","floor":8.0,"turns":4.0},{"damage":10.0,"enemies":"Looter","floor":12.0,"turns":2.0},{"damage":18.0,"enemies":"Large Slime","floor":14.0,"turns":6.0},{"damage":53.0,"enemies":"Hexaghost","floor":16.0,"turns":9.0},{"damage":5.0,"enemies":"3 Byrds","floor":18.0,"turns":7.0},{"damage":16.0,"enemies":"Spheric Guardian","floor":22.0,"turns":4.0},{"damage":31.0,"enemies":"Snake Plant","floor":24.0,"turns":6.0},{"damage":31,"enemies":"Cultist and Chosen","floor":25,"turns":7},{"damage":21,"enemies":"Book of Stabbing","floor":28,"turns":1}],"seed_played":"-5967941182146932017","potions_obtained":[{"floor":1.0,"key":"Fire Potion"},{"floor":4.0,"key":"FearPotion"},{"floor":12.0,"key":"Ancient Potion"},{"floor":18.0,"key":"Strength Potion"},{"floor":25,"key":"Fire Potion"}],"is_trial":false,"path_per_floor":["M","?","$","M","M","$","R","M","T","?","?","M","R","M","R","B",null,"M","?","?","$","M","R","M","M","T","R"],"character_chosen":"IRONCLAD","items_purchased":["Exhume"],"campfire_rested":0,"item_purchase_floors":[6],"current_hp_per_floor":[80,64,64,70,76,76,76,72,72,72,72,68,68,56,56,9,80,80,80,80,80,70,70,45,20,20,20,0],"gold":135,"neow_bonus":"HUNDRED_GOLD","is_prod":false,"is_daily":false,"chose_seed":false,"campfire_upgraded":3,"win_rate":0,"timestamp":1539818454,"path_taken":["M","?","?","M","?","$","R","M","T","?","?","M","R","?","R","BOSS","M","?","?","?","M","R","M","M","T","R","E"],"build_version":"2018-10-11","purchased_purges":2,"victory":false,"max_hp_per_floor":[80,80,80,80,80,80,80,80,80,80,80,80,80,80,80,80,80,80,80,80,80,80,80,80,80,80,80,80],"card_choices":[{"not_picked":["Clothesline","Uppercut"],"picked":"Burning Pact","floor":1.0},{"not_picked":["Thunderclap","Headbutt"],"picked":"Anger","floor":4.0},{"not_picked":["Headbutt","Body Slam","Clothesline"],"picked":"SKIP","floor":5.0},{"not_picked":["Disarm","Immolate","Blood for Blood"],"picked":"SKIP","floor":8.0},{"not_picked":["Inflame","Burning Pact+1","Perfected Strike"],"picked":"SKIP","floor":12.0},{"not_picked":["Carnage","Wild Strike","Flex+1"],"picked":"SKIP","floor":14.0},{"not_picked":["Limit Break+1","Double Tap+1"],"picked":"Barricade","floor":16.0},{"not_picked":["Fire Breathing","Clash"],"picked":"Body Slam","floor":18.0},{"not_picked":["Body Slam","Carnage","Clash"],"picked":"SKIP","floor":22.0},{"not_picked":["Pummel","Sword Boomerang"],"picked":"Brutality","floor":24.0},{"not_picked":["Twin Strike+1","Inflame","Clothesline+1"],"picked":"SKIP","floor":25}],"player_experience":387382,"relics_obtained":[{"floor":9.0,"key":"Self Forming Clay"},{"floor":26,"key":"Sundial"}],"event_choices":[{"event_name":"Shining Light","player_choice":"Entered Light","floor":2.0,"damage_taken":0.0},{"event_name":"Liars Game","player_choice":"disagreed","floor":10.0,"damage_taken":0.0},{"event_name":"WeMeetAgain","player_choice":"Potion","floor":11.0,"damage_taken":0.0},{"event_name":"Back to Basics","player_choice":"Elegance","floor":19.0,"damage_taken":0.0},{"event_name":"The Mausoleum","player_choice":"Yes","floor":20.0,"damage_taken":0.0}],"is_beta":false,"boss_relics":[{"not_picked":["Philosopher\u0027s Stone","Cursed Key"],"picked":"Fusion Hammer"}],"items_purged_floors":[3,21],"is_endless":false,"potions_floor_spawned":[1,4,12,18,25],"killed_by":"Book of Stabbing","ascension_level":0}