{"gold_per_floor":[115,115,126,143,21,21,50,67,67,67,78,78,78,78,78,155,155,166,216,216,216,216,216,249,249,249,278,297,314,314,342,342,415,415,431,442,120,136,147,176,176,196,274,274,286,315,415,427,427,427],"floor_reached":51,"playtime":1572,"items_purged":["Strike_R+1"],"score":1310,"play_id":"319475af-61d7-413b-9a6f-c1b4ea61a812","local_time":"20181221191423","is_ascension_mode":true,"campfire_choices":[{"data":"Armaments","floor":6.0,"key":"SMITH"},{"floor":10.0,"key":"REST"},{"data":"Flame Barrier","floor":13.0,"key":"SMITH"},{"data":"Inflame","floor":15.0,"key":"SMITH"},{"data":"Battle Trance","floor":23.0,"key":"SMITH"},{"floor":25.0,"key":"REST"},{"floor":32.0,"key":"REST"},{"floor":41,"key":"REST"},{"floor":44,"key":"REST"},{"floor":49,"key":"REST"}],"neow_cost":"NONE","seed_source_timestamp":24668665295591,"circlet_count":0,"master_deck":["AscendersBane","Strike_R+1","Strike_R+1","Strike_R+1","Strike_R+1","Defend_R+1","Defend_R+1","Defend_R+1","Defend_R+1","Bash","Thunderclap","Clothesline","Ghostly Armor","Demon Form+1","Armaments+1","Inflame+1","Pommel Strike","Flame Barrier+1","Immolate","Sword Boomerang","Battle Trance+1","Double Tap","Burning Pact+1","Shockwave+1","Sword Boomerang+1","Burning Pact","Impervious","Parasite","Entrench"],"special_seed":0,"relics":["Burning Blood","Art of War","Paper Frog","Ice Cream","Sozu","Meat on the Bone","Matryoshka","Red Mask","Bronze Scales","Fusion Hammer","Bottled Lightning","Pen Nib","Bag of Marbles","Bottled Flame","Thread and Needle","Ginger"],"potions_floor_usage":[50],"damage_taken":[{"damage":16.0,"enemies":"Cultist","floor":1.0,"turns":4.0},{"damage":4.0,"enemies":"Jaw Worm","floor":3.0,"turns":4.0},{"damage":20.0,"enemies":"2 Louse","floor":4.0,"turns":3.0},{"damage":17.0,"enemies":"3 Sentries","floor":7.0,"turns":6.0},{"damage":8.0,"enemies":"Exordium Wildlife","floor":8.0,"turns":6.0},{"damage":7.0,"enemies":"Looter","floor":11.0,"turns":4.0},{"damage":25.0,"enemies":"Slime Boss","floor":16.0,"turns":7.0},{"damage":1.0,"enemies":"3 Byrds","floor":18.0,"turns":5.0},{"damage":45.0,"enemies":"Gremlin Leader","floor":24.0,"turns":7.0},{"damage":0.0,"enemies":"Masked Bandits","floor":27.0,"turns":1.0},{"damage":4.0,"enemies":"Shell Parasite","floor":28.0,"turns":4.0},{"damage":0.0,"enemies":"Centurion and Healer","floor":29.0,"turns":5.0},{"damage":20.0,"enemies":"Slavers","floor":31.0,"turns":5.0},{"damage":43.0,"enemies":"Collector","floor":33.0,"turns":8.0},{"damage":41.0,"enemies":"3 Darklings","floor":35.0,"turns":4.0},{"damage":0.0,"enemies":"Orb Walker","floor":36.0,"turns":3.0},{"damage":16.0,"enemies":"Transient","floor":38.0,"turns":5.0},{"damage":11,"enemies":"4 Shapes","floor":39,"turns":1},{"damage":29,"enemies":"Nemesis","floor":40,"turns":5},{"damage":9,"enemies":"Sphere and 2 Shapes","floor":42,"turns":6},{"damage":5,"enemies":"3 Darklings","floor":45,"turns":4},{"damage":27,"enemies":"Giant Head","floor":46,"turns":6},{"damage":0,"enemies":"Mind Bloom Boss Battle","floor":47,"turns":5},{"damage":0,"enemies":"Writhing Mass","floor":48,"turns":5},{"damage":41,"enemies":"Time Eater","floor":50,"turns":5}],"seed_played":"4843906442630833570","potions_obtained":[{"floor":4.0,"key":"SneckoOil"},{"floor":8.0,"key":"Fire Potion"}],"is_trial":false,"path_per_floor":["M","?","M","M","$","R","E","M","T","R","M","?","R","?","R","B",null,"M","?","?","?","?","R","E","R","T","?","M","M","?","E","R","B",null,"M","M","$","M","M","E","R","M","T","R","M","E","?","M","R","B",null],"character_chosen":"IRONCLAD","items_purchased":["Inflame","PowerPotion","Bottled Lightning"],"campfire_rested":6,"item_purchase_floors":[5,5,37],"current_hp_per_floor":[58,58,60,46,46,46,35,33,33,55,54,54,54,54,54,35,65,70,70,70,70,70,70,31,53,53,59,61,67,67,53,75,50,69,46,52,52,54,49,38,60,57,57,75,75,54,60,66,75,52],"gold":427,"neow_bonus":"THREE_CARDS","is_prod":false,"is_daily":false,"chose_seed":false,"campfire_upgraded":4,"win_rate":0,"timestamp":1545408863,"path_taken":["M","?","M","M","$","R","E","?","T","R","M","?","R","?","R","BOSS","M","?","?","?","?","R","E","R","T","?","?","M","?","E","R","BOSS","M","M","$","M","M","E","R","M","T","R","M","E","?","M","R","BOSS"],"build_version":"2018-12-20","purchased_purges":1,"victory":true,"max_hp_per_floor":[75,75,75,75,75,75,75,75,75,75,75,75,75,75,75,75,75,75,75,75,75,75,75,75,75,75,75,75,75,75,75,75,75,75,75,75,75,75,75,75,75,75,75,75,75,75,75,75,75,75],"card_choices":[{"not_picked":["Iron Wave","Anger"],"picked":"Thunderclap","floor":0.0},{"not_picked":["Headbutt","Power Through"],"picked":"Clothesline","floor":1.0},{"not_picked":["Iron Wave","Perfected Strike","Warcry"],"picked":"SKIP","floor":3.0},{"not_picked":["Whirlwind","Iron Wave"],"picked":"Armaments","floor":4.0},{"not_picked":["Juggernaut","Intimidate"],"picked":"Pommel Strike","floor":7.0},{"not_picked":["Wild Strike","Pommel Strike","Body Slam"],"picked":"SKIP","floor":8.0},{"not_picked":["Heavy Blade","Evolve"],"picked":"Flame Barrier","floor":11.0},{"not_picked":["Offering","Feed"],"picked":"Immolate","floor":16.0},{"not_picked":["Twin Strike","Blood for Blood"],"picked":"Sword Boomerang","floor":18.0},{"not_picked":["Bloodletting","Pommel Strike","Infernal Blade+1"],"picked":"SKIP","floor":24.0},{"not_picked":["Armaments","Cleave+1","Infernal Blade"],"picked":"SKIP","floor":28.0},{"not_picked":["Berserk","Perfected Strike","Clash+1"],"picked":"SKIP","floor":29.0},{"not_picked":["Searing Blow","Iron Wave","Rampage"],"picked":"SKIP","floor":31.0},{"not_picked":["Immolate","Bludgeon"],"picked":"Double Tap","floor":33.0},{"not_picked":["Anger","Whirlwind"],"picked":"Burning Pact+1","floor":35.0},{"not_picked":["Clothesline","Flex","Warcry+1"],"picked":"SKIP","floor":36.0},{"not_picked":["Searing Blow","Bloodletting+1","Sword Boomerang"],"picked":"SKIP","floor":38.0},{"not_picked":["Reckless Charge+1","Body Slam"],"picked":"Shockwave+1","floor":39},{"not_picked":["Sword Boomerang+1","Flex","Inflame"],"picked":"SKIP","floor":40},{"not_picked":["Flex","Inflame"],"picked":"Sword Boomerang+1","floor":40},{"not_picked":["Combust","True Grit","Evolve"],"picked":"SKIP","floor":42},{"not_picked":["Sever Soul","Intimidate"],"picked":"Burning Pact","floor":45},{"not_picked":["Clash","Thunderclap"],"picked":"Impervious","floor":46},{"not_picked":["Iron Wave+1","Inflame"],"picked":"Entrench","floor":48}],"player_experience":598737,"relics_obtained":[{"floor":7.0,"key":"Art of War"},{"floor":9.0,"key":"Paper Frog"},{"floor":24.0,"key":"Meat on the Bone"},{"floor":26.0,"key":"Matryoshka"},{"floor":27.0,"key":"Red Mask"},{"floor":31.0,"key":"Bronze Scales"},{"floor":40,"key":"Pen Nib"},{"floor":43,"key":"Bag of Marbles"},{"floor":43,"key":"Bottled Flame"},{"floor":46,"key":"Thread and Needle"},{"floor":47,"key":"Ginger"}],"event_choices":[{"damage_healed":0.0,"max_hp_gain":0.0,"max_hp_loss":0.0,"gold_gain":0.0,"event_name":"Match and Keep!","player_choice":"2 cards matched","floor":2.0,"gold_loss":0.0,"damage_taken":0.0,"cards_obtained":["Ghostly Armor","Demon Form"]},{"damage_healed":0.0,"max_hp_gain":0.0,"max_hp_loss":0.0,"gold_gain":0.0,"event_name":"Living Wall","player_choice":"Grow","floor":12.0,"gold_loss":0.0,"damage_taken":0.0,"cards_upgraded":["Demon Form"]},{"damage_healed":0.0,"max_hp_gain":0.0,"max_hp_loss":0.0,"gold_gain":0.0,"event_name":"Dead Adventurer","player_choice":"Searched \u00271\u0027 times","floor":14.0,"gold_loss":0.0,"damage_taken":0.0,"relics_obtained":["Ice Cream"]},{"damage_healed":0.0,"max_hp_gain":0.0,"max_hp_loss":0.0,"gold_gain":50.0,"event_name":"Nest","player_choice":"Stole From Cult","floor":19.0,"gold_loss":0.0,"damage_taken":0.0},{"damage_healed":0.0,"max_hp_gain":0.0,"max_hp_loss":0.0,"gold_gain":0.0,"event_name":"The Library","player_choice":"Read","floor":20.0,"gold_loss":0.0,"damage_taken":0.0,"cards_obtained":["Battle Trance"]},{"damage_healed":0.0,"max_hp_gain":0.0,"max_hp_loss":0.0,"gold_gain":0.0,"event_name":"Back to Basics","player_choice":"Simplicity","floor":21.0,"gold_loss":0.0,"damage_taken":0.0,"cards_upgraded":["Strike_R","Strike_R","Strike_R","Strike_R","Strike_R","Defend_R","Defend_R","Defend_R","Defend_R"]},{"damage_healed":0.0,"max_hp_gain":0.0,"max_hp_loss":0.0,"gold_gain":0.0,"event_name":"Ghosts","player_choice":"Ignored","floor":22.0,"gold_loss":0.0,"damage_taken":0.0},{"damage_healed":0.0,"max_hp_gain":0.0,"max_hp_loss":0.0,"gold_gain":0.0,"event_name":"Masked Bandits","player_choice":"Fought Bandits","floor":27.0,"gold_loss":0.0,"damage_taken":0.0},{"damage_healed":0.0,"max_hp_gain":0.0,"max_hp_loss":0.0,"gold_gain":0.0,"event_name":"Vampires","player_choice":"Ignored","floor":30.0,"gold_loss":0.0,"damage_taken":0.0},{"damage_healed":0,"gold_gain":0,"player_choice":"Fight","damage_taken":0,"max_hp_gain":0,"max_hp_loss":0,"event_name":"MindBloom","floor":47,"gold_loss":0}],"is_beta":false,"boss_relics":[{"not_picked":["Runic Dome","Tiny House"],"picked":"Sozu"},{"not_picked":["Black Star","Busted Crown"],"picked":"Fusion Hammer"}],"items_purged_floors":[37],"is_endless":false,"potions_floor_spawned":[4,8,11,16,18,24,33,35,36,39,46,48],"ascension_level":15}