{"gold_per_floor":[119,137,154,154,170,202,214,214,240,273,273,289,4,21,21,120,120,137,137,337,353,365,365],"floor_reached":23,"playtime":2221,"items_purged":[],"score":267,"play_id":"6ca57c79-974d-4f15-ab87-a2b1fe66d22b","local_time":"20190714201451","is_ascension_mode":true,"campfire_choices":[{"floor":8,"key":"REST"},{"floor":11,"key":"REST"},{"data":"Glass Knife","floor":15,"key":"SMITH"}],"neow_cost":"NONE","seed_source_timestamp":174227624710200,"circlet_count":0,"master_deck":["Strike_G","Strike_G","Strike_G","Defend_G","Defend_G","Defend_G","Defend_G","Defend_G","Survivor","Neutralize","Sucker Punch","Catalyst","Dash","All Out Attack","Glass Knife+1","Backflip","Backstab","Catalyst","Well Laid Plans","Bouncing Flask","Tools of the Trade","Predator","Blade Dance","Deflect+1"],"relics":["Empty Cage","Pantograph","Pen Nib","Bag of Marbles","TheAbacus","Coffee Dripper","Nilry\u0027s Codex"],"potions_floor_usage":[22,23],"damage_taken":[{"damage":1,"enemies":"Cultist","floor":1,"turns":5},{"damage":0,"enemies":"2 Louse","floor":2,"turns":4},{"damage":1,"enemies":"Small Slimes","floor":3,"turns":4},{"damage":0,"enemies":"2 Fungi Beasts","floor":5,"turns":4},{"damage":28,"enemies":"Gremlin Nob","floor":6,"turns":5},{"damage":23,"enemies":"Exordium Thugs","floor":7,"turns":4},{"damage":25,"enemies":"3 Sentries","floor":10,"turns":7},{"damage":5,"enemies":"Large Slime","floor":12,"turns":4},{"damage":0,"enemies":"Looter","floor":14,"turns":1},{"damage":21,"enemies":"The Guardian","floor":16,"turns":7},{"damage":8,"enemies":"3 Byrds","floor":18,"turns":5},{"damage":9,"enemies":"Spheric Guardian","floor":21,"turns":4},{"damage":23,"enemies":"Shelled Parasite and Fungi","floor":22,"turns":5},{"damage":18,"enemies":"Gremlin Leader","floor":23,"turns":9}],"seed_played":"-8486535351330799764","potions_obtained":[{"floor":2,"key":"Ancient Potion"},{"floor":6,"key":"Dexterity Potion"},{"floor":7,"key":"Ancient Potion"},{"floor":10,"key":"Swift Potion"},{"floor":14,"key":"Regen Potion"},{"floor":21,"key":"Weak Potion"}],"is_trial":false,"path_per_floor":["M","M","M","?","M","E","M","R","T","E","R","M","$","M","R","B",null,"M","?","?","M","M","E"],"character_chosen":"THE_SILENT","items_purchased":["Well Laid Plans","TheAbacus"],"campfire_rested":2,"item_purchase_floors":[13,13],"current_hp_per_floor":[62,62,61,61,61,33,10,31,31,6,27,22,22,22,22,26,59,51,35,35,26,18,0],"gold":365,"neow_bonus":"BOSS_RELIC","is_prod":false,"is_daily":false,"chose_seed":false,"campfire_upgraded":1,"win_rate":0,"timestamp":1563149691,"path_taken":["M","M","?","?","M","E","M","R","T","E","R","?","$","M","R","BOSS","M","?","?","M","M","E"],"build_version":"2019-07-05","purchased_purges":0,"victory":false,"max_hp_per_floor":[70,70,70,70,70,70,70,70,70,70,70,70,70,70,70,70,70,70,70,70,70,70,70],"card_choices":[{"not_picked":["Slice","Bane"],"picked":"Sucker Punch","floor":1},{"not_picked":["Caltrops","Blur"],"picked":"Catalyst","floor":2},{"not_picked":["Dodge and Roll","Backflip"],"picked":"Dash","floor":3},{"not_picked":["Dagger Throw","Prepared"],"picked":"All Out Attack","floor":5},{"not_picked":["Deflect","Quick Slash"],"picked":"Glass Knife","floor":6},{"not_picked":["Dodge and Roll","Bane"],"picked":"Backflip","floor":7},{"not_picked":["Setup","Skewer"],"picked":"Backstab","floor":10},{"not_picked":["Underhanded Strike","Caltrops"],"picked":"Catalyst","floor":12},{"not_picked":["Bane","Prepared"],"picked":"Bouncing Flask","floor":14},{"not_picked":["Phantasmal Killer","Doppelganger"],"picked":"Tools of the Trade","floor":16},{"not_picked":["Bane","Prepared"],"picked":"Predator","floor":18},{"not_picked":["Finisher","Caltrops"],"picked":"Blade Dance","floor":21},{"not_picked":["Riddle With Holes","Eviscerate"],"picked":"Deflect+1","floor":22}],"player_experience":476080,"relics_obtained":[{"floor":6,"key":"Pantograph"},{"floor":9,"key":"Pen Nib"},{"floor":10,"key":"Bag of Marbles"},{"floor":19,"key":"Nilry\u0027s Codex"}],"event_choices":[{"damage_healed":0,"gold_gain":0,"player_choice":"Bought 0 Potions","damage_taken":0,"max_hp_gain":0,"max_hp_loss":0,"event_name":"The Woman in Blue","floor":4,"gold_loss":0},{"damage_healed":0,"gold_gain":0,"player_choice":"Obtained Book","damage_taken":16,"max_hp_gain":0,"max_hp_loss":0,"event_name":"Cursed Tome","floor":19,"gold_loss":0},{"damage_healed":0,"gold_gain":200,"player_choice":"Gold","damage_taken":0,"max_hp_gain":0,"max_hp_loss":0,"event_name":"Wheel of Change","floor":20,"gold_loss":0}],"is_beta":false,"boss_relics":[{"not_picked":["WristBlade","HoveringKite"],"picked":"Coffee Dripper"}],"items_purged_floors":[],"is_endless":false,"potions_floor_spawned":[2,6,7,10,14,21],"killed_by":"Gremlin Leader","ascension_level":6}