{"gold_per_floor":[119,119,19,19,32,32,32,73,97,113,113,13,28,28,28,154,154],"floor_reached":17,"playtime":325,"items_purged":["Strike_R","Strike_R"],"score":153,"play_id":"91b5ec55-f7c5-4c2f-8642-57061b09904c","local_time":"20181206032112","is_ascension_mode":false,"campfire_choices":[{"floor":6,"key":"RECALL"},{"floor":11,"key":"REST"},{"floor":15,"key":"REST"}],"neow_cost":"NONE","seed_source_timestamp":56702351344851,"circlet_count":0,"master_deck":["Strike_R","Strike_R","Strike_R","Defend_R","Defend_R","Defend_R","Defend_R","Bash","Armaments+1","Sword Boomerang","Uppercut","Flame Barrier","Flex","Demon Form"],"relics":["Fusion Hammer","Golden Idol","Red Skull","Centennial Puzzle","Philosopher\u0027s Stone"],"potions_floor_usage":[16],"damage_taken":[{"damage":0,"enemies":"2 Louse","floor":1,"turns":2},{"damage":1,"enemies":"Jaw Worm","floor":5,"turns":2},{"damage":18,"enemies":"Lagavulin","floor":8,"turns":6},{"damage":0,"enemies":"Small Slimes","floor":10,"turns":3},{"damage":2,"enemies":"Exordium Wildlife","floor":13,"turns":2},{"damage":38,"enemies":"Slime Boss","floor":16,"turns":12}],"seed_played":"4401027340152815207","potions_obtained":[{"floor":5,"key":"Regen Potion"},{"floor":13,"key":"SkillPotion"}],"is_trial":false,"path_per_floor":["M","?","$","?","M","R","?","E","T","M","R","$","M","$","R","B",null],"character_chosen":"IRONCLAD","items_purchased":["Sword Boomerang"],"campfire_rested":2,"item_purchase_floors":[3],"current_hp_per_floor":[80,80,80,80,79,79,59,41,41,41,65,65,63,63,80,42,42],"gold":154,"neow_bonus":"BOSS_RELIC","is_prod":false,"is_daily":false,"chose_seed":false,"campfire_upgraded":0,"win_rate":0,"timestamp":1544055672,"path_taken":["M","?","$","?","M","R","?","E","T","M","R","$","M","?","R","BOSS"],"build_version":"2018-11-15","purchased_purges":2,"victory":false,"max_hp_per_floor":[80,80,80,80,80,80,80,80,80,80,80,80,80,80,80,80,80],"card_choices":[{"not_picked":["Iron Wave","Thunderclap"],"picked":"Armaments","floor":1},{"not_picked":["Iron Wave","Warcry"],"picked":"Uppercut","floor":5},{"not_picked":["Heavy Blade","Battle Trance"],"picked":"Flame Barrier","floor":8},{"not_picked":["Clothesline","Havoc"],"picked":"Flex","floor":10},{"not_picked":["Shrug It Off","Pummel","Armaments"],"picked":"SKIP","floor":13},{"not_picked":["Dark Embrace","Fiend Fire"],"picked":"Demon Form","floor":16}],"player_experience":569700,"relics_obtained":[{"floor":8,"key":"Red Skull"},{"floor":9,"key":"Centennial Puzzle"}],"event_choices":[{"damage_healed":0,"gold_gain":0,"player_choice":"Grow","damage_taken":0,"max_hp_gain":0,"max_hp_loss":0,"event_name":"Living Wall","floor":2,"gold_loss":0,"cards_upgraded":["Armaments"]},{"damage_healed":0,"gold_gain":0,"player_choice":"Leave","damage_taken":0,"max_hp_gain":0,"max_hp_loss":0,"event_name":"The Cleric","floor":4,"gold_loss":0},{"damage_healed":0,"gold_gain":0,"player_choice":"Take Damage","damage_taken":20,"relics_obtained":["Golden Idol"],"max_hp_gain":0,"max_hp_loss":0,"event_name":"Golden Idol","floor":7,"gold_loss":0}],"is_beta":false,"boss_relics":[{"not_picked":["Eternal Feather","Mark of Pain"],"picked":"Philosopher\u0027s Stone"}],"items_purged_floors":[3,12],"is_endless":false,"potions_floor_spawned":[5,13],"ascension_level":0}