{"gold_per_floor":[213,227,23,23,35,67,22,49,49,63,63,80,80,97,97,97],"floor_reached":16,"playtime":1066,"items_purged":[],"score":118,"play_id":"2cf816ba-86f2-4cb0-8ec7-85b4e7c68231","local_time":"20190714130243","is_ascension_mode":true,"campfire_choices":[{"data":"True Grit","floor":11,"key":"SMITH"},{"floor":15,"key":"REST"}],"neow_cost":"NONE","seed_source_timestamp":7081895928043,"circlet_count":0,"master_deck":["Strike_R","Strike_R","Strike_R","Strike_R","Strike_R","Defend_R","Defend_R","Defend_R","Defend_R","Bash","Wild Strike","Pommel Strike","Reaper","True Grit+1","Shrug It Off","Offering","Shrug It Off","Feel No Pain","Feel No Pain","Armaments+1"],"relics":["Burning Blood","Kunai","Question Card","Toxic Egg 2"],"potions_floor_usage":[10,14],"damage_taken":[{"damage":0,"enemies":"2 Louse","floor":1,"turns":3},{"damage":5,"enemies":"Small Slimes","floor":2,"turns":3},{"damage":5,"enemies":"Cultist","floor":5,"turns":4},{"damage":34,"enemies":"Gremlin Nob","floor":6,"turns":5},{"damage":22,"enemies":"Lagavulin","floor":8,"turns":8},{"damage":34,"enemies":"Exordium Thugs","floor":10,"turns":7},{"damage":6,"enemies":"3 Louse","floor":12,"turns":5},{"damage":6,"enemies":"2 Fungi Beasts","floor":14,"turns":5},{"damage":64,"enemies":"Slime Boss","floor":16,"turns":13}],"seed_played":"-1469733005973283229","potions_obtained":[{"floor":5,"key":"GamblersBrew"},{"floor":6,"key":"Ancient Potion"},{"floor":10,"key":"Swift Potion"}],"is_trial":false,"path_per_floor":["M","M","$","?","M","E","$","E","T","M","R","M","?","M","R","B"],"character_chosen":"IRONCLAD","items_purchased":["Reaper","True Grit","Shrug It Off"],"campfire_rested":1,"item_purchase_floors":[3,3,7],"current_hp_per_floor":[80,80,80,80,80,58,58,42,42,22,22,26,26,34,58,0],"gold":97,"neow_bonus":"HUNDRED_GOLD","is_prod":false,"is_daily":false,"chose_seed":false,"campfire_upgraded":1,"win_rate":0,"timestamp":1563102163,"path_taken":["M","M","$","?","M","E","$","E","T","M","R","M","?","M","R","BOSS"],"build_version":"2019-07-05","purchased_purges":0,"victory":false,"max_hp_per_floor":[80,80,80,80,80,80,80,80,80,80,80,80,80,80,80,80],"card_choices":[{"not_picked":["Sword Boomerang","Twin Strike"],"picked":"Wild Strike","floor":1},{"not_picked":["Armaments","Combust"],"picked":"Pommel Strike","floor":2},{"not_picked":["Warcry","True Grit"],"picked":"Shrug It Off","floor":5},{"not_picked":["Burning Pact","Metallicize"],"picked":"Offering","floor":6},{"not_picked":["Flex","Iron Wave"],"picked":"Feel No Pain","floor":8},{"not_picked":["Reckless Charge","Anger","Flex+1"],"picked":"Feel No Pain","floor":10},{"not_picked":["Wild Strike","Iron Wave","Cleave","Pummel"],"picked":"SKIP","floor":12},{"not_picked":["Fiend Fire","Carnage","Searing Blow"],"picked":"Armaments+1","floor":14}],"player_experience":465195,"relics_obtained":[{"floor":6,"key":"Kunai"},{"floor":8,"key":"Question Card"},{"floor":9,"key":"Toxic Egg 2"}],"event_choices":[{"damage_healed":0,"gold_gain":0,"player_choice":"Ignored","damage_taken":0,"max_hp_gain":0,"max_hp_loss":0,"event_name":"Liars Game","floor":4,"gold_loss":0},{"damage_healed":0,"gold_gain":0,"player_choice":"Leave","damage_taken":0,"max_hp_gain":0,"max_hp_loss":0,"event_name":"FaceTrader","floor":13,"gold_loss":0}],"is_beta":false,"boss_relics":[],"items_purged_floors":[],"is_endless":false,"potions_floor_spawned":[5,6,10],"killed_by":"Slime Boss","ascension_level":1}