{"gold_per_floor":[111,111,111,130,18,18,54,54,54,67,67,67,91,107,107,237,237,261,186,186,186,201,201,241,276,276,289,289,308,308,322,322,446,446,460,460,120,144,144,144,167,185,237,600,624,131,152,177,177,177],"floor_reached":51,"playtime":4138,"items_purged":["Strike_B","Strike_B","Defend_B+1"],"score":794,"play_id":"d3aa871b-f910-441a-b612-1f43e066809c","local_time":"20181012103943","is_ascension_mode":false,"campfire_choices":[{"data":"Defragment","floor":6.0,"key":"SMITH"},{"data":"Zap","floor":8.0,"key":"SMITH"},{"data":"Zap","floor":15.0,"key":"SMITH"},{"data":"Dualcast","floor":23.0,"key":"SMITH"},{"data":"Scrape","floor":30.0,"key":"SMITH"},{"data":"Hologram","floor":32.0,"key":"SMITH"},{"data":"Echo Form","floor":40,"key":"SMITH"},{"data":"Doom and Gloom","floor":49,"key":"SMITH"}],"neow_cost":"","seed_source_timestamp":0,"circlet_count":0,"master_deck":["Defend_B+1","Defend_B+1","Defend_B+1","Zap+1","Dualcast+1","Zap+1","Defragment+1","Scrape+1","Core Surge","FTL","Hologram+1","Consume+1","Echo Form+1","Finesse","Doom and Gloom+1"],"special_seed":0,"relics":["FrozenCore","Golden Idol","Ornamental Fan","Pantograph","War Paint","Red Mask","Singing Bowl","Oddly Smooth Stone","Nuclear Battery","Runic Capacitor","Unceasing Top","Dream Catcher","Old Coin","Blood Vial","Tiny Chest"],"potions_floor_usage":[41,42,50,50,50],"damage_taken":[{"damage":13.0,"enemies":"Jaw Worm","floor":1.0,"turns":3.0},{"damage":1.0,"enemies":"Cultist","floor":4.0,"turns":4.0},{"damage":26.0,"enemies":"Lagavulin","floor":7.0,"turns":5.0},{"damage":1.0,"enemies":"2 Louse","floor":10.0,"turns":2.0},{"damage":0.0,"enemies":"Blue Slaver","floor":13.0,"turns":3.0},{"damage":0.0,"enemies":"Looter","floor":14.0,"turns":2.0},{"damage":22.0,"enemies":"Hexaghost","floor":16.0,"turns":8.0},{"damage":8.0,"enemies":"Shell Parasite","floor":18.0,"turns":6.0},{"damage":8.0,"enemies":"Colosseum Slavers","floor":20.0,"turns":4.0},{"damage":6.0,"enemies":"3 Byrds","floor":22.0,"turns":4.0},{"damage":19.0,"enemies":"Masked Bandits","floor":24.0,"turns":4.0},{"damage":4.0,"enemies":"Book of Stabbing","floor":25.0,"turns":6.0},{"damage":0.0,"enemies":"Centurion and Healer","floor":27.0,"turns":6.0},{"damage":9.0,"enemies":"Snake Plant","floor":29.0,"turns":4.0},{"damage":14.0,"enemies":"Cultist and Chosen","floor":31.0,"turns":5.0},{"damage":2.0,"enemies":"Champ","floor":33.0,"turns":11.0},{"damage":2,"enemies":"Orb Walker","floor":35,"turns":3},{"damage":16,"enemies":"3 Darklings","floor":38,"turns":4},{"damage":0,"enemies":"Mind Bloom Boss Battle","floor":39,"turns":5},{"damage":0,"enemies":"Spire Growth","floor":41,"turns":4},{"damage":0,"enemies":"Reptomancer","floor":42,"turns":3},{"damage":6,"enemies":"Mysterious Sphere","floor":44,"turns":4},{"damage":0,"enemies":"3 Darklings","floor":45,"turns":5},{"damage":0,"enemies":"Sphere and 2 Shapes","floor":47,"turns":4},{"damage":0,"enemies":"Reptomancer","floor":48,"turns":4},{"damage":12,"enemies":"Time Eater","floor":50,"turns":10}],"seed_played":"-1654726464174676454","potions_obtained":[{"floor":4.0,"key":"Energy Potion"},{"floor":7.0,"key":"AttackPotion"},{"floor":16.0,"key":"Ancient Potion"},{"floor":22.0,"key":"EssenceOfSteel"},{"floor":25.0,"key":"FearPotion"},{"floor":35,"key":"Ancient Potion"},{"floor":39,"key":"Weak Potion"},{"floor":44,"key":"Ancient Potion"},{"floor":48,"key":"FocusPotion"}],"is_trial":false,"path_per_floor":["M","?","?","M","$","R","E","R","T","M","?","?","M","M","R","B",null,"M","?","?","?","M","R","?","E","T","M","?","M","R","M","R","B",null,"M","?","$","M","?","R","M","M","T","?","M","$","M","M","R","B"],"character_chosen":"DEFECT","items_purchased":["Defragment","Runic Capacitor","Doom and Gloom","Blood Vial","AttackPotion","Explosive Potion","Tiny Chest"],"campfire_rested":0,"item_purchase_floors":[5,37,37,46,46,46,46],"current_hp_per_floor":[62,62,44,43,43,43,17,17,17,16,16,1,1,1,1,4,75,67,67,59,59,53,53,34,32,32,32,32,23,23,11,11,34,79,79,79,79,65,85,85,87,89,89,85,87,87,91,95,95,85],"gold":177,"neow_bonus":"","is_prod":false,"is_daily":false,"chose_seed":false,"campfire_upgraded":8,"win_rate":0,"timestamp":1539365983,"path_taken":["M","?","?","M","$","R","E","R","T","M","?","?","M","M","R","BOSS","M","?","?","?","M","R","?","E","T","M","?","M","R","?","R","BOSS","M","?","?","M","?","R","M","M","T","?","M","$","M","?","R","BOSS"],"build_version":"2018-10-11","purchased_purges":3,"victory":true,"max_hp_per_floor":[75,75,75,75,75,75,75,75,75,75,75,75,75,75,75,75,75,75,75,75,75,75,75,75,77,77,77,77,77,77,79,79,79,79,81,81,81,83,85,85,87,89,89,91,93,93,95,97,97,97],"card_choices":[{"not_picked":["Barrage","Sweeping Beam","Streamline"],"picked":"SKIP","floor":1.0},{"not_picked":["Loop","Streamline","Stack"],"picked":"SKIP","floor":4.0},{"not_picked":["Coolheaded","Aggregate","Beam Cell"],"picked":"SKIP","floor":7.0},{"not_picked":["FTL","Darkness","Melter"],"picked":"SKIP","floor":10.0},{"not_picked":["Rebound","Cold Snap"],"picked":"Scrape","floor":13.0},{"not_picked":["Sweeping Beam","Coolheaded","Ball Lightning"],"picked":"SKIP","floor":14.0},{"not_picked":["Meteor Strike","Thunder Strike"],"picked":"Core Surge","floor":16.0},{"not_picked":["White Noise","Coolheaded","Stack"],"picked":"SKIP","floor":18.0},{"not_picked":["Glacier+1","Darkness","Beam Cell"],"picked":"SKIP","floor":22.0},{"not_picked":["Force Field","Aggregate"],"picked":"FTL","floor":24.0},{"not_picked":["FTL","Barrage","Glacier+1"],"picked":"Singing Bowl","floor":25.0},{"not_picked":["Scrape","Turbo"],"picked":"Hologram","floor":27.0},{"not_picked":["Heatsinks","Fission"],"picked":"Consume+1","floor":29.0},{"not_picked":["Coolheaded","Double Energy","Streamline"],"picked":"Singing Bowl","floor":31.0},{"not_picked":["Seek","Meteor Strike"],"picked":"Echo Form","floor":33.0},{"not_picked":["Glacier+1","Stack+1","Genetic Algorithm+1"],"picked":"Singing Bowl","floor":35},{"not_picked":["Transmutation","Enlightenment"],"picked":"Finesse","floor":36},{"not_picked":["Auto Shields+1","Leap","Coolheaded"],"picked":"Singing Bowl","floor":38},{"not_picked":["Redo+1","Go for the Eyes","Sunder+1"],"picked":"Singing Bowl","floor":39},{"not_picked":["Heatsinks+1","Leap","Streamline+1"],"picked":"Singing Bowl","floor":41},{"not_picked":["Hologram","Steam","Gash"],"picked":"Singing Bowl","floor":42},{"not_picked":["Ball Lightning","Creative AI","Consume"],"picked":"Singing Bowl","floor":44},{"not_picked":["Hello World","Coolheaded","Turbo+1"],"picked":"Singing Bowl","floor":45},{"not_picked":["Blizzard+1","Force Field+1","Hologram"],"picked":"Singing Bowl","floor":47},{"not_picked":["Lockon","Leap","BootSequence"],"picked":"Singing Bowl","floor":48}],"player_experience":358439,"relics_obtained":[{"floor":7.0,"key":"Ornamental Fan"},{"floor":9.0,"key":"Pantograph"},{"floor":24.0,"key":"Red Mask"},{"floor":25.0,"key":"Singing Bowl"},{"floor":26.0,"key":"Oddly Smooth Stone"},{"floor":39,"key":"Unceasing Top"},{"floor":43,"key":"Dream Catcher"},{"floor":44,"key":"Old Coin"}],"event_choices":[{"event_name":"Match and Keep!","player_choice":"1 cards matched","floor":2.0,"damage_taken":0.0},{"event_name":"Golden Idol","player_choice":"Take Damage","floor":3.0,"damage_taken":0.0},{"event_name":"WeMeetAgain","player_choice":"Potion","floor":11.0,"damage_taken":0.0},{"event_name":"Shining Light","player_choice":"Entered Light","floor":12.0,"damage_taken":0.0},{"event_name":"Beggar","player_choice":"Gave Gold","floor":19.0,"damage_taken":0.0},{"event_name":"Colosseum","player_choice":"Fight","floor":20.0,"damage_taken":0.0},{"event_name":"Colosseum","player_choice":"Fled From Nobs","floor":20.0,"damage_taken":0.0},{"event_name":"Back to Basics","player_choice":"Elegance","floor":21.0,"damage_taken":0.0},{"event_name":"Masked Bandits","player_choice":"Fought Bandits","floor":24.0,"damage_taken":0.0},{"event_name":"Vampires","player_choice":"Ignored","floor":28.0,"damage_taken":0.0},{"event_name":"SensoryStone","player_choice":"Memory 1","floor":36,"damage_taken":0},{"event_name":"MindBloom","player_choice":"Fight","floor":39,"damage_taken":0},{"event_name":"Mysterious Sphere","player_choice":"Fight","floor":44,"damage_taken":0}],"is_beta":false,"boss_relics":[{"not_picked":["Eternal Feather","Fusion Hammer"],"picked":"FrozenCore"},{"not_picked":["Velvet Choker","Philosopher\u0027s Stone"],"picked":"Nuclear Battery"}],"items_purged_floors":[5,37,46],"is_endless":false,"potions_floor_spawned":[4,7,16,20,22,25,35,39,44,48],"ascension_level":0}