{"gold_per_floor":[112,58,76,94,57,57,57,57,112,146,0,0,0,0,0,71,71,91,91,110,110,122,122,151,151,151,204,204,221,47,64,64,141,141,155,171,191,191,210,210,228,228,253,253,11,40,55,55,55,55],"floor_reached":51,"playtime":1505,"items_purged":["Strike_R"],"score":1143,"play_id":"0126cb99-f2c8-439f-a53c-050be00acd2c","local_time":"20181220134307","is_ascension_mode":true,"campfire_choices":[{"data":"Inflame","floor":6.0,"key":"SMITH"},{"data":"Barricade","floor":8.0,"key":"SMITH"},{"floor":13.0,"key":"REST"},{"data":"Inflame","floor":15.0,"key":"SMITH"},{"floor":23.0,"key":"REST"},{"data":"Immolate","floor":25.0,"key":"SMITH"},{"data":"Flame Barrier","floor":28.0,"key":"SMITH"},{"data":"Shrug It Off","floor":32.0,"key":"SMITH"},{"data":"Shockwave","floor":40,"key":"SMITH"},{"data":"Battle Trance","floor":42,"key":"SMITH"},{"floor":44,"key":"REST"},{"data":"Uppercut","floor":49,"key":"SMITH"}],"neow_cost":"TEN_PERCENT_HP_LOSS","seed_source_timestamp":0,"circlet_count":0,"master_deck":["AscendersBane","Strike_R+1","Strike_R","Strike_R","Strike_R","Defend_R","Defend_R","Defend_R","Defend_R","Bash","Shockwave+1","Shrug It Off+1","Inflame+1","Inflame+1","Barricade+1","Uppercut+1","Immolate+1","Flame Barrier+1","Battle Trance+1","Sword Boomerang+1","Shrug It Off+1","Limit Break+1"],"special_seed":0,"relics":["Burning Blood","Ginger","Tiny Chest","Mummified Hand","Lantern","Kunai","Busted Crown","Bag of Preparation","Self Forming Clay","Red Skull","Philosopher\u0027s Stone","Bronze Scales","Potion Belt","Toxic Egg 2"],"potions_floor_usage":[37,50,50,50],"damage_taken":[{"damage":7.0,"enemies":"Jaw Worm","floor":1.0,"turns":3.0},{"damage":13.0,"enemies":"Cultist","floor":3.0,"turns":5.0},{"damage":1.0,"enemies":"Small Slimes","floor":4.0,"turns":5.0},{"damage":42.0,"enemies":"Lagavulin","floor":10.0,"turns":8.0},{"damage":22.0,"enemies":"Slime Boss","floor":16.0,"turns":9.0},{"damage":15.0,"enemies":"Shell Parasite","floor":18.0,"turns":3.0},{"damage":2.0,"enemies":"Chosen","floor":20.0,"turns":6.0},{"damage":8.0,"enemies":"Snecko","floor":22.0,"turns":4.0},{"damage":29.0,"enemies":"Book of Stabbing","floor":24.0,"turns":5.0},{"damage":0.0,"enemies":"Cultist and Chosen","floor":29.0,"turns":5.0},{"damage":7.0,"enemies":"Snake Plant","floor":31.0,"turns":4.0},{"damage":32.0,"enemies":"Automaton","floor":33.0,"turns":9.0},{"damage":0,"enemies":"3 Darklings","floor":35,"turns":4},{"damage":0,"enemies":"Orb Walker","floor":36,"turns":2},{"damage":25,"enemies":"Writhing Mass","floor":37,"turns":4},{"damage":14,"enemies":"Sphere and 2 Shapes","floor":39,"turns":4},{"damage":0,"enemies":"Spire Growth","floor":41,"turns":4},{"damage":4,"enemies":"Reptomancer","floor":46,"turns":5},{"damage":21,"enemies":"Transient","floor":47,"turns":5},{"damage":23,"enemies":"Time Eater","floor":50,"turns":5}],"seed_played":"-8195817140283176609","potions_obtained":[{"floor":1.0,"key":"FearPotion"},{"floor":3.0,"key":"SpeedPotion"},{"floor":16.0,"key":"SkillPotion"},{"floor":33.0,"key":"PowerPotion"},{"floor":39,"key":"Energy Potion"}],"is_trial":false,"path_per_floor":["M","$","M","M","$","R","?","R","T","E","$","T","R","?","R","B",null,"M","?","M","?","M","R","E","R","T","T","R","M","$","M","R","B",null,"M","M","M","?","M","R","M","R","T","R","$","E","M","?","R","B",null],"character_chosen":"IRONCLAD","items_purchased":["Shrug It Off","Inflame","Lantern","Sword Boomerang","Shrug It Off","Potion Belt","PowerPotion","PowerPotion"],"campfire_rested":3,"item_purchase_floors":[2,5,11,30,30,45,45,45],"current_hp_per_floor":[67,67,60,65,65,65,65,65,65,29,29,29,49,35,35,19,56,47,47,51,51,49,68,45,45,45,45,45,51,51,50,50,24,57,63,68,49,49,41,41,47,47,47,67,67,68,53,53,53,36],"gold":55,"neow_bonus":"ONE_RARE_RELIC","is_prod":false,"is_daily":false,"chose_seed":false,"campfire_upgraded":9,"win_rate":0,"timestamp":1545302587,"path_taken":["M","$","M","M","$","R","?","R","T","E","$","?","R","?","R","BOSS","M","?","M","?","M","R","E","R","T","?","R","M","?","M","R","BOSS","M","M","M","?","M","R","M","R","T","R","$","E","?","?","R","BOSS"],"build_version":"2018-12-13","purchased_purges":1,"victory":true,"max_hp_per_floor":[68,68,68,68,68,68,68,68,68,68,68,68,68,68,68,68,68,68,68,68,68,68,68,68,68,68,68,68,68,68,68,68,68,68,68,68,68,68,68,68,68,68,68,68,68,68,68,65,65,65],"card_choices":[{"not_picked":["Rupture","Armaments"],"picked":"Shockwave","floor":1.0},{"not_picked":["Second Wind","Wild Strike","Warcry"],"picked":"SKIP","floor":3.0},{"not_picked":["Dual Wield","Anger","Blood for Blood"],"picked":"SKIP","floor":4.0},{"not_picked":["Headbutt","Feel No Pain"],"picked":"Uppercut","floor":10.0},{"not_picked":["Berserk","Reaper"],"picked":"Immolate","floor":16.0},{"not_picked":[],"picked":"Flame Barrier","floor":18.0},{"not_picked":[],"picked":"Battle Trance","floor":20.0},{"not_picked":["Blood for Blood"],"picked":"SKIP","floor":22.0},{"not_picked":["Intimidate"],"picked":"SKIP","floor":24.0},{"not_picked":["True Grit"],"picked":"SKIP","floor":29.0},{"not_picked":["Heavy Blade"],"picked":"SKIP","floor":31.0},{"not_picked":["Iron Wave"],"picked":"SKIP","floor":35},{"not_picked":["Flex"],"picked":"SKIP","floor":36},{"not_picked":["Headbutt+1"],"picked":"SKIP","floor":37},{"not_picked":["Shrug It Off"],"picked":"SKIP","floor":39},{"not_picked":["Flex"],"picked":"SKIP","floor":41},{"not_picked":[],"picked":"Limit Break","floor":46},{"not_picked":["Thunderclap+1"],"picked":"SKIP","floor":47}],"player_experience":596664,"relics_obtained":[{"floor":9.0,"key":"Tiny Chest"},{"floor":10.0,"key":"Mummified Hand"},{"floor":12.0,"key":"Kunai"},{"floor":24.0,"key":"Bag of Preparation"},{"floor":26.0,"key":"Self Forming Clay"},{"floor":27.0,"key":"Red Skull"},{"floor":43,"key":"Bronze Scales"},{"floor":46,"key":"Toxic Egg 2"}],"event_choices":[{"damage_healed":0.0,"max_hp_gain":0.0,"max_hp_loss":0.0,"gold_gain":0.0,"event_name":"Match and Keep!","player_choice":"2 cards matched","floor":7.0,"gold_loss":0.0,"damage_taken":0.0,"cards_obtained":["Inflame","Barricade"]},{"damage_healed":0.0,"max_hp_gain":0.0,"max_hp_loss":0.0,"gold_gain":0.0,"event_name":"Shining Light","player_choice":"Entered Light","floor":14.0,"gold_loss":0.0,"damage_taken":14.0,"cards_upgraded":["Strike_R","Shrug It Off"]},{"damage_healed":0.0,"max_hp_gain":0.0,"max_hp_loss":0.0,"gold_gain":0.0,"event_name":"Vampires","player_choice":"Ignored","floor":19.0,"gold_loss":0.0,"damage_taken":0.0},{"damage_healed":0.0,"max_hp_gain":0.0,"max_hp_loss":0.0,"gold_gain":0.0,"event_name":"Ghosts","player_choice":"Ignored","floor":21.0,"gold_loss":0.0,"damage_taken":0.0},{"damage_healed":0,"gold_gain":0,"player_choice":"Forge","damage_taken":0,"max_hp_gain":0,"max_hp_loss":0,"event_name":"Accursed Blacksmith","floor":38,"gold_loss":0,"cards_upgraded":["Sword Boomerang"]},{"damage_healed":0,"gold_gain":0,"player_choice":"Max HP","damage_taken":0,"max_hp_gain":0,"max_hp_loss":3,"event_name":"Winding Halls","floor":48,"gold_loss":0}],"is_beta":false,"boss_relics":[{"not_picked":["Runic Pyramid","White Beast Statue"],"picked":"Busted Crown"},{"not_picked":["Velvet Choker","Tiny House"],"picked":"Philosopher\u0027s Stone"}],"items_purged_floors":[30],"is_endless":false,"potions_floor_spawned":[1,3,16,20,24,31,33,35,39,41,46],"ascension_level":14}