{"gold_per_floor":[115,115,133,87,87,118,132,161,237,262,276,287,307,57,57,156,156,175,175,192,117,42,42,42,42],"floor_reached":25,"playtime":1399,"items_purged":["Strike_R"],"score":362,"play_id":"9a426c08-6f01-4056-b76f-ee21a1786ca3","local_time":"20190805113342","is_ascension_mode":true,"campfire_choices":[{"floor":15,"key":"REST"},{"floor":24,"key":"REST"}],"neow_cost":"NONE","seed_source_timestamp":80618598573900,"circlet_count":0,"master_deck":["Strike_R+1","Strike_R","Strike_R+1","Defend_R","Defend_R","Defend_R","Defend_R","Bash","Iron Wave","Carnage","True Grit","Demon Form","Shrug It Off","Feel No Pain","Clothesline","Heavy Blade","Exhume","Body Slam+1"],"relics":["Burning Blood","FossilizedHelix","Strawberry","Bottled Flame","Mango","Mummified Hand","Philosopher\u0027s Stone","MutagenicStrength"],"potions_floor_usage":[6,6,8,10,13,16,23],"damage_taken":[{"damage":5,"enemies":"2 Louse","floor":1,"turns":4},{"damage":10,"enemies":"Small Slimes","floor":3,"turns":4},{"damage":24,"enemies":"Lagavulin","floor":6,"turns":5},{"damage":0,"enemies":"Cultist","floor":7,"turns":4},{"damage":19,"enemies":"Gremlin Nob","floor":8,"turns":5},{"damage":27,"enemies":"Lagavulin","floor":10,"turns":7},{"damage":0,"enemies":"2 Fungi Beasts","floor":11,"turns":4},{"damage":0,"enemies":"Looter","floor":12,"turns":3},{"damage":1,"enemies":"Large Slime","floor":13,"turns":6},{"damage":40,"enemies":"Hexaghost","floor":16,"turns":10},{"damage":12,"enemies":"Chosen","floor":18,"turns":5},{"damage":16,"enemies":"Shell Parasite","floor":20,"turns":6},{"damage":53,"enemies":"Book of Stabbing","floor":23,"turns":6},{"damage":68,"enemies":"Slavers","floor":25,"turns":4}],"seed_played":"-1034588241270840302","potions_obtained":[{"floor":0,"key":"Dexterity Potion"},{"floor":0,"key":"GamblersBrew"},{"floor":0,"key":"FearPotion"},{"floor":8,"key":"Poison Potion"},{"floor":10,"key":"FairyPotion"},{"floor":11,"key":"GamblersBrew"},{"floor":13,"key":"SteroidPotion"},{"floor":18,"key":"SmokeBomb"}],"is_trial":false,"path_per_floor":["M","?","M","$","?","E","M","E","T","E","M","M","M","$","R","B",null,"M","?","M","?","$","E","R","E"],"character_chosen":"IRONCLAD","items_purchased":["True Grit","Mummified Hand"],"campfire_rested":2,"item_purchase_floors":[4,14],"current_hp_per_floor":[73,57,53,53,53,35,41,35,35,28,34,40,45,45,75,41,86,80,80,70,70,70,23,53,0],"gold":42,"neow_bonus":"THREE_SMALL_POTIONS","is_prod":false,"is_daily":false,"chose_seed":false,"campfire_upgraded":0,"win_rate":0,"timestamp":1565022822,"path_taken":["M","?","M","$","?","E","M","E","T","E","M","M","M","$","R","BOSS","M","?","M","?","$","E","R","E"],"build_version":"2019-07-17","purchased_purges":1,"victory":false,"max_hp_per_floor":[80,80,80,80,80,80,80,87,87,101,101,101,101,101,101,101,101,101,101,101,101,101,101,101,101],"card_choices":[{"not_picked":["Combust","Thunderclap"],"picked":"Iron Wave","floor":1},{"not_picked":["Clash","Wild Strike"],"picked":"Carnage","floor":3},{"not_picked":["Dual Wield","Sever Soul"],"picked":"Demon Form","floor":6},{"not_picked":["Havoc","Iron Wave","Warcry"],"picked":"SKIP","floor":7},{"not_picked":["Warcry","Clash","Wild Strike"],"picked":"SKIP","floor":8},{"not_picked":["Havoc","Infernal Blade"],"picked":"Shrug It Off","floor":10},{"not_picked":["Perfected Strike","Anger"],"picked":"Feel No Pain","floor":11},{"not_picked":["Iron Wave","Pommel Strike"],"picked":"Clothesline","floor":12},{"not_picked":["Armaments","Double Tap"],"picked":"Heavy Blade","floor":13},{"not_picked":["Bludgeon","Immolate"],"picked":"Exhume","floor":16},{"not_picked":["Clothesline+1","Havoc","Shrug It Off"],"picked":"SKIP","floor":18},{"not_picked":["Feel No Pain","Warcry+1"],"picked":"Body Slam+1","floor":20}],"player_experience":631907,"relics_obtained":[{"floor":6,"key":"FossilizedHelix"},{"floor":8,"key":"Strawberry"},{"floor":9,"key":"Bottled Flame"},{"floor":10,"key":"Mango"}],"event_choices":[{"damage_healed":0,"gold_gain":0,"player_choice":"Entered Light","damage_taken":16,"max_hp_gain":0,"max_hp_loss":0,"event_name":"Shining Light","floor":2,"gold_loss":0,"cards_upgraded":["Strike_R","Strike_R"]},{"damage_healed":0,"gold_gain":0,"player_choice":"Bought 0 Potions","damage_taken":0,"max_hp_gain":0,"max_hp_loss":0,"event_name":"The Woman in Blue","floor":5,"gold_loss":0},{"damage_healed":0,"gold_gain":0,"player_choice":"Inject Mutagens","damage_taken":0,"relics_obtained":["MutagenicStrength"],"max_hp_gain":0,"max_hp_loss":0,"event_name":"Drug Dealer","floor":19,"gold_loss":0},{"cards_removed":["Strike_R"],"damage_healed":0,"gold_gain":0,"player_choice":"Gave Gold","damage_taken":0,"max_hp_gain":0,"max_hp_loss":0,"event_name":"Beggar","floor":21,"gold_loss":75}],"is_beta":false,"boss_relics":[{"not_picked":["Pandora\u0027s Box","Ectoplasm"],"picked":"Philosopher\u0027s Stone"}],"items_purged_floors":[22],"is_endless":false,"potions_floor_spawned":[3,8,10,11,13,18],"killed_by":"Slavers","ascension_level":8}