{"gold_per_floor":[113,125,144,63,79,404,404,439,439,439,449,461,473,499,499,600,600,613,24,24,24,40,71,89,89,142,158,169,169,169,181,181,282,282,301,0,17,29,29,29,29,29,106,106,121,133,15,49,49,49],"floor_reached":51,"playtime":3505,"items_purged":[],"score":1168,"play_id":"6fa9efb7-dd61-447b-a5ac-871779531160","local_time":"20190529214852","is_ascension_mode":true,"campfire_choices":[{"data":"Shockwave","floor":7.0,"key":"SMITH"},{"data":"Immolate","floor":10.0,"key":"SMITH"},{"data":"Bludgeon","floor":15.0,"key":"SMITH"},{"data":"True Grit","floor":25.0,"key":"SMITH"},{"data":"Limit Break","floor":29.0,"key":"SMITH"},{"floor":32.0,"key":"REST"},{"data":"Barricade","floor":40,"key":"SMITH"},{"data":"Metallicize","floor":42,"key":"SMITH"},{"floor":44,"key":"DIG"},{"floor":49,"key":"REST"}],"neow_cost":"TEN_PERCENT_HP_LOSS","seed_source_timestamp":150578219529802,"circlet_count":0,"master_deck":["AscendersBane","Defend_R","Defend_R","Defend_R","Bash","Offering","Uppercut","Cleave","Power Through","Headbutt","Shockwave+1","Immolate+1","Power Through","Bludgeon+1","Body Slam","Metallicize+1","Impervious","Shrug It Off","Shrug It Off","True Grit+1","Intimidate","Pummel","Disarm","Limit Break+1","Barricade+1","Sword Boomerang+1","Berserk+1","Inflame+1","Armaments+1","Heavy Blade+1","Blind","Master of Strategy","Feel No Pain+1","Fire Breathing"],"special_seed":0,"relics":["Burning Blood","Old Coin","Bronze Scales","The Courier","Mango","Black Star","MealTicket","PreservedInsect","Strawberry","Red Skull","Bag of Marbles","Shovel","Self Forming Clay","Tiny Chest","Astrolabe","Red Mask","Sundial","Pantograph","Bottled Tornado","Vajra","Centennial Puzzle","Juzu Bracelet"],"potions_floor_usage":[50,50],"damage_taken":[{"damage":11.0,"enemies":"Small Slimes","floor":1.0,"turns":4.0},{"damage":8.0,"enemies":"Jaw Worm","floor":2.0,"turns":2.0},{"damage":6.0,"enemies":"2 Louse","floor":3.0,"turns":3.0},{"damage":9.0,"enemies":"2 Fungi Beasts","floor":5.0,"turns":4.0},{"damage":12.0,"enemies":"Gremlin Nob","floor":6.0,"turns":3.0},{"damage":18.0,"enemies":"3 Sentries","floor":8.0,"turns":2.0},{"damage":8.0,"enemies":"Blue Slaver","floor":11.0,"turns":3.0},{"damage":0.0,"enemies":"Gremlin Gang","floor":12.0,"turns":1.0},{"damage":1.0,"enemies":"Exordium Wildlife","floor":13.0,"turns":4.0},{"damage":6.0,"enemies":"Gremlin Nob","floor":14.0,"turns":3.0},{"damage":33.0,"enemies":"The Guardian","floor":16.0,"turns":9.0},{"damage":8.0,"enemies":"3 Byrds","floor":18.0,"turns":3.0},{"damage":9.0,"enemies":"Chosen","floor":22.0,"turns":7.0},{"damage":29.0,"enemies":"Gremlin Leader","floor":23.0,"turns":5.0},{"damage":12.0,"enemies":"Snake Plant","floor":24.0,"turns":5.0},{"damage":16.0,"enemies":"Snecko","floor":27.0,"turns":4.0},{"damage":13.0,"enemies":"Sentry and Sphere","floor":28.0,"turns":5.0},{"damage":18.0,"enemies":"Snake Plant","floor":31.0,"turns":3.0},{"damage":55.0,"enemies":"Champ","floor":33.0,"turns":15.0},{"damage":28,"enemies":"Orb Walker","floor":35,"turns":7},{"damage":0,"enemies":"3 Shapes","floor":37,"turns":9},{"damage":0,"enemies":"Maw","floor":38,"turns":9},{"damage":17,"enemies":"Writhing Mass","floor":45,"turns":9},{"damage":11,"enemies":"Spire Growth","floor":46,"turns":6},{"damage":18,"enemies":"Giant Head","floor":48,"turns":9},{"damage":51,"enemies":"Time Eater","floor":50,"turns":15}],"seed_played":"-8045610804300868501","potions_obtained":[{"floor":1.0,"key":"Explosive Potion"},{"floor":5.0,"key":"Weak Potion"},{"floor":8.0,"key":"EssenceOfSteel"},{"floor":13.0,"key":"Regen Potion"},{"floor":14.0,"key":"Block Potion"},{"floor":22.0,"key":"BloodPotion"},{"floor":28.0,"key":"BloodPotion"},{"floor":31.0,"key":"Block Potion"},{"floor":35,"key":"Dexterity Potion"},{"floor":38,"key":"Weak Potion"},{"floor":46,"key":"EssenceOfSteel"}],"is_trial":false,"path_per_floor":["M","M","M","$","M","E","R","E","T","R","M","M","M","E","R","B",null,"M","$","?","T","M","E","M","R","T","M","M","R","?","M","R","B",null,"M","?","M","M","?","R","T","R","T","R","M","M","$","E","R","B",null],"character_chosen":"IRONCLAD","items_purchased":["Power Through","MealTicket","PreservedInsect","Shrug It Off","True Grit","Strawberry","Red Skull","Vajra"],"campfire_rested":2,"item_purchase_floors":[4,19,19,19,19,19,19,47],"current_hp_per_floor":[67,65,65,65,62,56,56,44,44,44,42,48,53,76,76,49,77,75,82,82,82,79,65,59,59,59,49,42,42,42,39,66,17,74,52,52,58,64,59,59,59,59,59,59,48,43,58,46,73,48],"gold":49,"neow_bonus":"TRANSFORM_TWO_CARDS","is_prod":false,"is_daily":false,"chose_seed":false,"campfire_upgraded":7,"win_rate":0,"timestamp":1559159332,"path_taken":["M","M","M","$","M","E","R","E","T","R","M","M","M","E","R","BOSS","M","$","?","?","M","E","M","R","T","M","M","R","?","M","R","BOSS","M","?","M","M","?","R","?","R","T","R","M","?","$","E","R","BOSS"],"build_version":"2019-01-23","purchased_purges":0,"victory":true,"max_hp_per_floor":[72,72,72,72,72,72,72,72,72,72,72,72,72,86,86,86,86,86,93,93,93,93,93,93,93,93,93,93,93,93,93,93,93,93,93,93,93,93,93,93,93,93,93,93,93,93,93,93,93,93],"card_choices":[{"not_picked":["Anger","Burning Pact"],"picked":"Uppercut","floor":1.0},{"not_picked":["Bloodletting","Rampage"],"picked":"Cleave","floor":2.0},{"not_picked":["Cleave","Clothesline","Second Wind"],"picked":"SKIP","floor":3.0},{"not_picked":["Cleave","Armaments"],"picked":"Headbutt","floor":5.0},{"not_picked":["Clothesline","Iron Wave"],"picked":"Shockwave","floor":6.0},{"not_picked":["Hemokinesis","Clash"],"picked":"Immolate","floor":8.0},{"not_picked":["Anger","Twin Strike"],"picked":"Power Through","floor":11.0},{"not_picked":["Havoc","Burning Pact"],"picked":"Bludgeon","floor":12.0},{"not_picked":["Perfected Strike","Clash"],"picked":"Body Slam","floor":13.0},{"not_picked":["Entrench","Warcry"],"picked":"Metallicize","floor":14.0},{"not_picked":["Immolate","Bludgeon"],"picked":"Impervious","floor":16.0},{"not_picked":["Armaments","Warcry"],"picked":"Shrug It Off","floor":18.0},{"not_picked":["True Grit","Clothesline+1","Searing Blow"],"picked":"SKIP","floor":22.0},{"not_picked":["Infernal Blade","Brutality"],"picked":"Disarm","floor":23.0},{"not_picked":["Headbutt","Wild Strike+1","Clash"],"picked":"SKIP","floor":24.0},{"not_picked":["Perfected Strike+1","Headbutt","Iron Wave"],"picked":"SKIP","floor":27.0},{"not_picked":["Disarm","Wild Strike"],"picked":"Limit Break","floor":28.0},{"not_picked":["Pommel Strike+1","True Grit","Sword Boomerang"],"picked":"SKIP","floor":31.0},{"not_picked":["Bludgeon","Impervious"],"picked":"Barricade","floor":33.0},{"not_picked":["Sever Soul+1","Clash+1"],"picked":"Armaments+1","floor":35},{"not_picked":["Flex","Anger+1","Searing Blow"],"picked":"SKIP","floor":37},{"not_picked":["Wild Strike+1","Shrug It Off"],"picked":"Heavy Blade+1","floor":38},{"not_picked":["Bandage Up","Swift Strike"],"picked":"Blind","floor":39},{"not_picked":["Bandage Up","Trip"],"picked":"Master of Strategy","floor":39},{"not_picked":["Perfected Strike+1","Havoc","Body Slam+1"],"picked":"SKIP","floor":45},{"not_picked":["Pummel","Shockwave+1"],"picked":"Feel No Pain+1","floor":46},{"not_picked":["Shrug It Off","True Grit"],"picked":"Fire Breathing","floor":48}],"player_experience":353559,"relics_obtained":[{"floor":6.0,"key":"Old Coin"},{"floor":8.0,"key":"Bronze Scales"},{"floor":9.0,"key":"The Courier"},{"floor":14.0,"key":"Mango"},{"floor":21.0,"key":"Bag of Marbles"},{"floor":23.0,"key":"Shovel"},{"floor":23.0,"key":"Self Forming Clay"},{"floor":26.0,"key":"Tiny Chest"},{"floor":41,"key":"Sundial"},{"floor":43,"key":"Pantograph"},{"floor":44,"key":"Bottled Tornado"},{"floor":48,"key":"Centennial Puzzle"},{"floor":48,"key":"Juzu Bracelet"}],"event_choices":[{"damage_healed":0.0,"max_hp_gain":0.0,"max_hp_loss":0.0,"gold_gain":0.0,"cards_transformed":["Combust","Strike_R"],"event_name":"Drug Dealer","player_choice":"Became Test Subject","floor":20.0,"gold_loss":0.0,"damage_taken":0.0,"cards_obtained":["Intimidate","Pummel"]},{"damage_healed":0.0,"max_hp_gain":0.0,"max_hp_loss":0.0,"gold_gain":0.0,"event_name":"Cursed Tome","player_choice":"Ignored","floor":30.0,"gold_loss":0.0,"damage_taken":0.0},{"damage_healed":0,"gold_gain":0,"player_choice":"Paid","damage_taken":0,"relics_obtained":["Red Mask"],"max_hp_gain":0,"max_hp_loss":0,"event_name":"Tomb of Lord Red Mask","floor":36,"gold_loss":301},{"damage_healed":0,"gold_gain":0,"player_choice":"Memory 2","damage_taken":5,"max_hp_gain":0,"max_hp_loss":0,"event_name":"SensoryStone","floor":39,"gold_loss":0}],"is_beta":false,"boss_relics":[{"not_picked":["Busted Crown","Tiny House"],"picked":"Black Star"},{"not_picked":["Eternal Feather","Empty Cage"],"picked":"Astrolabe"}],"items_purged_floors":[],"is_endless":false,"potions_floor_spawned":[1,5,8,13,14,18,22,28,31,35,38,45,46],"ascension_level":11}