{"gold_per_floor":[116,134,134,54,54,54,85,108,108,126,145,145,219,169,169,289,289,310,331,364,388,313,313,327,327,373,385],"floor_reached":27,"playtime":1460,"items_purged":[],"score":369,"play_id":"47f75e76-e31e-4956-8f08-d46403b21fea","local_time":"20190529204312","is_ascension_mode":true,"campfire_choices":[{"data":"Shockwave","floor":6.0,"key":"SMITH"},{"data":"Flame Barrier","floor":12.0,"key":"SMITH"},{"data":"Body Slam","floor":15.0,"key":"SMITH"},{"data":"True Grit","floor":23.0,"key":"SMITH"},{"floor":25,"key":"REST"}],"neow_cost":"NONE","seed_source_timestamp":148981479599463,"circlet_count":0,"master_deck":["AscendersBane","Strike_R","Strike_R","Strike_R","Defend_R","Defend_R","Defend_R","Defend_R","Bash","Body Slam+1","Carnage","Shockwave+1","Flame Barrier+1","Headbutt","Feel No Pain","Headbutt","Impervious","True Grit+1","Warcry","Warcry","Reaper","Power Through","Shame"],"special_seed":0,"relics":["Burning Blood","NeowsBlessing","Golden Idol","Question Card","Darkstone Periapt","Gremlin Horn","Cursed Key","Red Mask","MawBank"],"potions_floor_usage":[27],"damage_taken":[{"damage":0.0,"enemies":"Jaw Worm","floor":1.0,"turns":1.0},{"damage":0.0,"enemies":"2 Louse","floor":2.0,"turns":1.0},{"damage":0.0,"enemies":"Lagavulin","floor":7.0,"turns":1.0},{"damage":7.0,"enemies":"Small Slimes","floor":8.0,"turns":4.0},{"damage":0.0,"enemies":"2 Fungi Beasts","floor":10.0,"turns":3.0},{"damage":0.0,"enemies":"Large Slime","floor":11.0,"turns":5.0},{"damage":35.0,"enemies":"Lagavulin Event","floor":13.0,"turns":7.0},{"damage":33.0,"enemies":"The Guardian","floor":16.0,"turns":11.0},{"damage":24.0,"enemies":"2 Thieves","floor":18.0,"turns":4.0},{"damage":18.0,"enemies":"Shell Parasite","floor":19.0,"turns":6.0},{"damage":0.0,"enemies":"Masked Bandits","floor":20.0,"turns":3.0},{"damage":12.0,"enemies":"Centurion and Healer","floor":21.0,"turns":7.0},{"damage":33,"enemies":"Snecko","floor":24,"turns":7},{"damage":58,"enemies":"Gremlin Leader","floor":27,"turns":4}],"seed_played":"-8324898062995794415","potions_obtained":[{"floor":1.0,"key":"EssenceOfSteel"},{"floor":8.0,"key":"Ancient Potion"},{"floor":18.0,"key":"Explosive Potion"},{"floor":21.0,"key":"FairyPotion"},{"floor":24,"key":"EssenceOfSteel"}],"is_trial":false,"path_per_floor":["M","M","?","$","?","R","E","M","T","M","M","R","?","?","R","B",null,"M","M","?","M","?","R","M","R","T","E"],"character_chosen":"IRONCLAD","items_purchased":["Shockwave"],"campfire_rested":1,"item_purchase_floors":[4],"current_hp_per_floor":[78,80,85,85,79,79,79,78,78,79,79,79,50,50,50,23,65,47,35,41,35,35,35,8,31,37,0],"gold":385,"neow_bonus":"THREE_ENEMY_KILL","is_prod":false,"is_daily":false,"chose_seed":false,"campfire_upgraded":4,"win_rate":0,"timestamp":1559155392,"path_taken":["M","M","?","$","?","R","E","M","T","M","M","R","?","?","R","BOSS","M","M","?","M","?","R","M","R","T","E"],"build_version":"2019-01-23","purchased_purges":0,"victory":false,"max_hp_per_floor":[80,80,85,85,79,79,79,79,79,79,79,79,79,79,79,79,79,79,79,79,79,79,79,79,79,85,85],"card_choices":[{"not_picked":["Searing Blow","Iron Wave"],"picked":"Body Slam","floor":1.0},{"not_picked":["Headbutt","Rupture"],"picked":"Carnage","floor":2.0},{"not_picked":["Whirlwind","Sever Soul"],"picked":"Flame Barrier","floor":7.0},{"not_picked":["Iron Wave","Cleave","Thunderclap","Rupture"],"picked":"SKIP","floor":8.0},{"not_picked":["Wild Strike","Rampage","Iron Wave"],"picked":"Headbutt","floor":10.0},{"not_picked":["Headbutt","Pummel","Evolve"],"picked":"Feel No Pain","floor":11.0},{"not_picked":["Twin Strike","Infernal Blade","Pommel Strike"],"picked":"Headbutt","floor":13.0},{"not_picked":["Fiend Fire","Limit Break","Bludgeon"],"picked":"Impervious","floor":16.0},{"not_picked":["Flex+1","Clash","Dual Wield"],"picked":"True Grit","floor":18.0},{"not_picked":["Flex","Havoc","Thunderclap"],"picked":"Warcry","floor":19.0},{"not_picked":["Sword Boomerang","Headbutt+1","Thunderclap+1"],"picked":"Warcry","floor":20.0},{"not_picked":["Infernal Blade","Clash+1","Sword Boomerang"],"picked":"Reaper","floor":21.0},{"not_picked":["Heavy Blade+1","Pommel Strike","Fire Breathing+1"],"picked":"Power Through","floor":24}],"player_experience":352099,"relics_obtained":[{"floor":7.0,"key":"Question Card"},{"floor":9.0,"key":"Darkstone Periapt"},{"floor":13.0,"key":"Gremlin Horn"},{"floor":20.0,"key":"Red Mask"},{"floor":26,"key":"MawBank"}],"event_choices":[{"damage_healed":0.0,"max_hp_gain":5.0,"max_hp_loss":0.0,"gold_gain":0.0,"event_name":"Big Fish","player_choice":"Donut","floor":3.0,"gold_loss":0.0,"damage_taken":0.0},{"damage_healed":0.0,"max_hp_gain":0.0,"max_hp_loss":6.0,"gold_gain":0.0,"event_name":"Golden Idol","player_choice":"Lose Max HP","floor":5.0,"gold_loss":0.0,"damage_taken":0.0,"relics_obtained":["Golden Idol"]},{"damage_healed":0.0,"max_hp_gain":0.0,"max_hp_loss":0.0,"gold_gain":0.0,"event_name":"Dead Adventurer","player_choice":"Searched \u00272\u0027 times","floor":13.0,"gold_loss":0.0,"damage_taken":0.0},{"cards_removed":["Strike_R"],"damage_healed":0.0,"max_hp_gain":0.0,"max_hp_loss":0.0,"gold_gain":0.0,"event_name":"The Cleric","player_choice":"Card Removal","floor":14.0,"gold_loss":50.0,"damage_taken":0.0},{"damage_healed":0.0,"max_hp_gain":0.0,"max_hp_loss":0.0,"gold_gain":0.0,"event_name":"Masked Bandits","player_choice":"Fought Bandits","floor":20.0,"gold_loss":0.0,"damage_taken":0.0},{"cards_removed":["Strike_R"],"damage_healed":0.0,"max_hp_gain":0.0,"max_hp_loss":0.0,"gold_gain":0.0,"event_name":"Beggar","player_choice":"Gave Gold","floor":22.0,"gold_loss":75.0,"damage_taken":0.0}],"is_beta":false,"boss_relics":[{"not_picked":["Pandora\u0027s Box","Runic Dome"],"picked":"Cursed Key"}],"items_purged_floors":[],"is_endless":false,"potions_floor_spawned":[1,8,10,18,21,24],"killed_by":"Gremlin Leader","ascension_level":11}