{"gold_per_floor":[116,135,145,164,164,164,164,197,197,228,228,303,303,319,319,417,417,430,448,448,459,459,489,26,26,26,42,42,58,71,97,97,97],"floor_reached":33,"playtime":2410,"items_purged":["Strike_R"],"score":446,"play_id":"1ebcc26c-e8f5-4320-af0b-51027814cbf6","local_time":"20190524200517","is_ascension_mode":true,"campfire_choices":[{"data":"Armaments","floor":6.0,"key":"SMITH"},{"data":"Metallicize","floor":11.0,"key":"SMITH"},{"data":"Juggernaut","floor":13.0,"key":"SMITH"},{"data":"Body Slam","floor":15.0,"key":"SMITH"},{"floor":25.0,"key":"REST"},{"floor":28.0,"key":"REST"},{"data":"Shrug It Off","floor":32.0,"key":"SMITH"}],"neow_cost":"NONE","seed_source_timestamp":206127855898942,"circlet_count":0,"master_deck":["AscendersBane","Strike_R","Defend_R","Defend_R","Defend_R","Defend_R","Bash","Impatience","Battle Trance","Armaments+1","Metallicize+1","Juggernaut+1","Body Slam+1","Demon Form","Pummel+1","Blood for Blood+1","Demon Form+1","Shrug It Off+1","True Grit+1","Headbutt","Havoc+1","Blind","Headbutt","Sentinel"],"special_seed":0,"relics":["Burning Blood","Bronze Scales","Bird Faced Urn","Mummified Hand","Art of War","Astrolabe","Ornamental Fan","StoneCalendar","Ginger","Peace Pipe"],"potions_floor_usage":[],"damage_taken":[{"damage":1.0,"enemies":"Cultist","floor":1.0,"turns":4.0},{"damage":3.0,"enemies":"2 Louse","floor":2.0,"turns":3.0},{"damage":19.0,"enemies":"Jaw Worm","floor":3.0,"turns":5.0},{"damage":3.0,"enemies":"2 Fungi Beasts","floor":4.0,"turns":5.0},{"damage":27.0,"enemies":"Gremlin Nob","floor":8.0,"turns":4.0},{"damage":4.0,"enemies":"Lagavulin","floor":10.0,"turns":7.0},{"damage":0.0,"enemies":"Blue Slaver","floor":14.0,"turns":3.0},{"damage":16.0,"enemies":"Hexaghost","floor":16.0,"turns":6.0},{"damage":9.0,"enemies":"3 Byrds","floor":18.0,"turns":3.0},{"damage":15.0,"enemies":"Spheric Guardian","floor":19.0,"turns":5.0},{"damage":17.0,"enemies":"Snake Plant","floor":21.0,"turns":4.0},{"damage":53.0,"enemies":"Slavers","floor":23.0,"turns":6.0},{"damage":17.0,"enemies":"Cultist and Chosen","floor":27.0,"turns":4.0},{"damage":17.0,"enemies":"Centurion and Healer","floor":29.0,"turns":5.0},{"damage":11.0,"enemies":"Shelled Parasite and Fungi","floor":30.0,"turns":4.0},{"damage":35.0,"enemies":"Gremlin Leader","floor":31.0,"turns":7.0},{"damage":57,"enemies":"Automaton","floor":33,"turns":6}],"seed_played":"-9170053430427725840","potions_obtained":[{"floor":2.0,"key":"Poison Potion"},{"floor":4.0,"key":"LiquidBronze"},{"floor":16.0,"key":"BloodPotion"},{"floor":19.0,"key":"LiquidBronze"},{"floor":27.0,"key":"EssenceOfSteel"},{"floor":29.0,"key":"Weak Potion"}],"is_trial":false,"path_per_floor":["M","M","M","M","?","R","?","E","T","E","R","?","R","M","R","B",null,"M","M","?","M","?","E","$","R","T","M","R","M","M","E","R","B"],"character_chosen":"IRONCLAD","items_purchased":["Blind","StoneCalendar"],"campfire_rested":2,"item_purchase_floors":[24,24],"current_hp_per_floor":[77,80,67,70,63,63,63,42,42,48,48,37,37,47,47,41,70,71,68,68,61,61,26,26,50,50,47,71,68,69,48,48,0],"gold":97,"neow_bonus":"RANDOM_COLORLESS","is_prod":false,"is_daily":false,"chose_seed":false,"campfire_upgraded":5,"win_rate":0,"timestamp":1558721117,"path_taken":["M","M","?","M","?","R","?","E","T","E","R","?","R","M","R","BOSS","M","M","?","M","?","E","$","R","T","M","R","?","M","E","R","BOSS"],"build_version":"2019-01-23","purchased_purges":1,"victory":false,"max_hp_per_floor":[80,80,80,80,80,80,80,80,80,80,80,80,80,80,80,80,80,80,80,80,80,80,80,80,80,80,80,80,80,80,80,80,80],"card_choices":[{"not_picked":["True Grit","Dual Wield"],"picked":"Battle Trance","floor":1.0},{"not_picked":["Wild Strike","Perfected Strike","Cleave"],"picked":"SKIP","floor":2.0},{"not_picked":["Clothesline","Perfected Strike"],"picked":"Armaments","floor":3.0},{"not_picked":["Clothesline","Heavy Blade"],"picked":"Metallicize","floor":4.0},{"not_picked":["Cleave","Wild Strike"],"picked":"Juggernaut","floor":8.0},{"not_picked":["Heavy Blade","Armaments","Second Wind"],"picked":"SKIP","floor":10.0},{"not_picked":["Dropkick","Wild Strike"],"picked":"Body Slam","floor":14.0},{"not_picked":["Berserk","Juggernaut"],"picked":"Demon Form","floor":16.0},{"not_picked":["Intimidate","Havoc"],"picked":"Shrug It Off","floor":18.0},{"not_picked":["Anger","Thunderclap+1"],"picked":"True Grit","floor":19.0},{"not_picked":["Sword Boomerang","Cleave"],"picked":"Headbutt","floor":21.0},{"not_picked":["Evolve+1","Pommel Strike"],"picked":"Havoc+1","floor":23.0},{"not_picked":["Dual Wield","Hemokinesis","Combust+1"],"picked":"SKIP","floor":27.0},{"not_picked":["Rupture","Clash+1"],"picked":"Headbutt","floor":29.0},{"not_picked":["Dual Wield+1","Whirlwind","Clothesline"],"picked":"SKIP","floor":30.0},{"not_picked":["Armaments+1","Reckless Charge"],"picked":"Sentinel","floor":31.0}],"player_experience":339519,"relics_obtained":[{"floor":8.0,"key":"Bird Faced Urn"},{"floor":9.0,"key":"Mummified Hand"},{"floor":10.0,"key":"Art of War"},{"floor":23.0,"key":"Ornamental Fan"},{"floor":26.0,"key":"Ginger"},{"floor":31.0,"key":"Peace Pipe"}],"event_choices":[{"damage_healed":0.0,"max_hp_gain":0.0,"max_hp_loss":0.0,"gold_gain":0.0,"event_name":"Scrap Ooze","player_choice":"Success","floor":5.0,"gold_loss":0.0,"damage_taken":7.0,"relics_obtained":["Bronze Scales"]},{"damage_healed":0.0,"max_hp_gain":0.0,"max_hp_loss":0.0,"gold_gain":0.0,"event_name":"Liars Game","player_choice":"Ignored","floor":7.0,"gold_loss":0.0,"damage_taken":0.0},{"damage_healed":0.0,"max_hp_gain":0.0,"max_hp_loss":0.0,"gold_gain":75.0,"event_name":"World of Goop","player_choice":"Gather Gold","floor":12.0,"gold_loss":0.0,"damage_taken":11.0},{"damage_healed":0.0,"max_hp_gain":0.0,"max_hp_loss":0.0,"gold_gain":0.0,"event_name":"The Mausoleum","player_choice":"Ignored","floor":20.0,"gold_loss":0.0,"damage_taken":0.0},{"damage_healed":0.0,"max_hp_gain":0.0,"max_hp_loss":0.0,"gold_gain":0.0,"event_name":"Accursed Blacksmith","player_choice":"Forge","floor":22.0,"gold_loss":0.0,"damage_taken":0.0,"cards_upgraded":["True Grit"]}],"is_beta":false,"boss_relics":[{"not_picked":["Black Star","Eternal Feather"],"picked":"Astrolabe"}],"items_purged_floors":[24],"is_endless":false,"potions_floor_spawned":[2,4,16,19,27,29],"killed_by":"Automaton","ascension_level":10}