{"gold_per_floor":[111,125,125,125,137,165,176,66,93,93,93,104,104,130,130,226,226,244,169,169,179,179,196,196,230,230,87,87],"floor_reached":28,"playtime":1141,"items_purged":["Strike_R"],"score":320,"play_id":"ab018b38-7066-4b00-bc22-97b9920c71af","local_time":"20181119200508","is_ascension_mode":true,"campfire_choices":[{"data":"Fire Breathing","floor":11,"key":"SMITH"},{"data":"Corruption","floor":13,"key":"SMITH"},{"floor":15,"key":"REST"},{"floor":24,"key":"REST"}],"neow_cost":"NONE","seed_source_timestamp":21385077547721,"circlet_count":0,"master_deck":["Strike_R","Strike_R+1","Defend_R","Defend_R","Defend_R","Defend_R+1","Bash","Anger","Corruption+1","Brutality","Entrench","Fire Breathing+1","Blood for Blood","Shockwave","Combust","Dropkick","Blood for Blood","Barricade","Rampage","Armaments","Sentinel","Pain","Shrug It Off","Feel No Pain"],"relics":["Burning Blood","Vajra","Ancient Tea Set","Smiling Mask","Runic Pyramid","WarpedTongs","Darkstone Periapt","Sundial"],"potions_floor_usage":[6,6,7,12,12,14,18,23],"damage_taken":[{"damage":7,"enemies":"Small Slimes","floor":1,"turns":4},{"damage":1,"enemies":"Cultist","floor":2,"turns":3},{"damage":6,"enemies":"2 Louse","floor":5,"turns":3},{"damage":38,"enemies":"Lagavulin","floor":6,"turns":8},{"damage":12,"enemies":"Exordium Thugs","floor":7,"turns":3},{"damage":3,"enemies":"Looter","floor":12,"turns":2},{"damage":10,"enemies":"Gremlin Nob","floor":14,"turns":3},{"damage":27,"enemies":"Slime Boss","floor":16,"turns":6},{"damage":19,"enemies":"Spheric Guardian","floor":18,"turns":4},{"damage":31,"enemies":"2 Thieves","floor":21,"turns":4},{"damage":25,"enemies":"Chosen and Byrds","floor":23,"turns":4},{"damage":31,"enemies":"Book of Stabbing","floor":25,"turns":4},{"damage":28,"enemies":"Gremlin Leader","floor":28,"turns":1}],"seed_played":"5122796248092897449","potions_obtained":[{"floor":1,"key":"Poison Potion"},{"floor":5,"key":"SpeedPotion"},{"floor":6,"key":"PowerPotion"},{"floor":10,"key":"AttackPotion"},{"floor":10,"key":"Fruit Juice"},{"floor":10,"key":"EssenceOfSteel"},{"floor":16,"key":"Fire Potion"},{"floor":18,"key":"Ancient Potion"},{"floor":21,"key":"SkillPotion"}],"is_trial":false,"path_per_floor":["M","M","?","?","M","E","M","$","T","?","R","M","R","E","R","B",null,"M","?","?","M","?","M","R","E","T","$","E"],"character_chosen":"IRONCLAD","items_purchased":["Combust","Dropkick","Shrug It Off","Feel No Pain"],"campfire_rested":2,"item_purchase_floors":[8,8,27,27],"current_hp_per_floor":[79,84,66,66,66,34,28,28,28,28,28,36,36,32,59,38,79,66,66,66,41,41,22,49,24,24,24,0],"gold":87,"neow_bonus":"TEN_PERCENT_HP_BONUS","is_prod":false,"is_daily":false,"chose_seed":false,"campfire_upgraded":2,"win_rate":0,"timestamp":1542686708,"path_taken":["M","M","?","?","?","E","M","$","T","?","R","M","R","E","R","BOSS","M","?","?","?","?","M","R","E","T","$","E"],"build_version":"2018-11-15","purchased_purges":1,"victory":false,"max_hp_per_floor":[88,88,88,88,88,88,88,88,88,88,88,93,93,93,93,93,93,93,93,93,93,93,93,93,93,93,93,93],"card_choices":[{"not_picked":["Blood for Blood","Warcry"],"picked":"Anger","floor":1},{"not_picked":["Uppercut","Carnage"],"picked":"Corruption","floor":2},{"not_picked":["Heavy Blade","Flex"],"picked":"Fire Breathing","floor":5},{"not_picked":["Body Slam","Cleave"],"picked":"Blood for Blood","floor":6},{"not_picked":["Thunderclap","Armaments"],"picked":"Shockwave","floor":7},{"not_picked":["Wild Strike","Fire Breathing","Perfected Strike"],"picked":"SKIP","floor":12},{"not_picked":["Brutality","Iron Wave"],"picked":"Blood for Blood","floor":14},{"not_picked":["Fiend Fire","Exhume"],"picked":"Barricade","floor":16},{"not_picked":["True Grit","Flex"],"picked":"Rampage","floor":18},{"not_picked":["Sword Boomerang+1","Thunderclap"],"picked":"Sentinel","floor":21},{"not_picked":["Havoc","Cleave","Perfected Strike+1"],"picked":"SKIP","floor":23},{"not_picked":["Shockwave","Bludgeon","Havoc"],"picked":"SKIP","floor":25}],"player_experience":445866,"relics_obtained":[{"floor":6,"key":"Vajra"},{"floor":9,"key":"Ancient Tea Set"},{"floor":14,"key":"Smiling Mask"},{"floor":25,"key":"Darkstone Periapt"},{"floor":26,"key":"Sundial"}],"event_choices":[{"damage_healed":0,"gold_gain":0,"player_choice":"Entered Light","damage_taken":18,"max_hp_gain":0,"max_hp_loss":0,"event_name":"Shining Light","floor":3,"gold_loss":0,"cards_upgraded":["Defend_R","Strike_R"]},{"damage_healed":0,"gold_gain":0,"player_choice":"2 cards matched","damage_taken":0,"max_hp_gain":0,"max_hp_loss":0,"event_name":"Match and Keep!","floor":4,"gold_loss":0,"cards_obtained":["Brutality","Entrench"]},{"damage_healed":0,"gold_gain":0,"player_choice":"Got Potions","damage_taken":0,"max_hp_gain":0,"max_hp_loss":0,"event_name":"Lab","floor":10,"gold_loss":0},{"cards_removed":["Strike_R"],"damage_healed":0,"gold_gain":0,"player_choice":"Gave Gold","damage_taken":0,"max_hp_gain":0,"max_hp_loss":0,"event_name":"Beggar","floor":19,"gold_loss":75},{"damage_healed":0,"gold_gain":0,"cards_transformed":["Strike_R"],"player_choice":"Transformed","damage_taken":0,"max_hp_gain":0,"max_hp_loss":0,"event_name":"Transmorgrifier","floor":20,"gold_loss":0,"cards_obtained":["Armaments"]},{"damage_healed":0,"gold_gain":0,"player_choice":"Rummage","damage_taken":0,"relics_obtained":["WarpedTongs"],"max_hp_gain":0,"max_hp_loss":0,"event_name":"Accursed Blacksmith","floor":22,"gold_loss":0,"cards_obtained":["Pain"]}],"is_beta":false,"boss_relics":[{"not_picked":["Pandora\u0027s Box","Black Star"],"picked":"Runic Pyramid"}],"items_purged_floors":[27],"is_endless":false,"potions_floor_spawned":[1,5,6,16,18,21],"killed_by":"Gremlin Leader","ascension_level":6}