{"gold_per_floor":[115,135,148,148,27,27,45,59,59,59,59,59,74,92,92,163,163,180,193,209,209,229,229,229],"floor_reached":24,"playtime":1855,"items_purged":[],"score":317,"play_id":"e9d373f3-29e0-4384-ba3d-57bf2041abb9","local_time":"20190726124612","is_ascension_mode":true,"campfire_choices":[{"data":"Finesse","floor":6.0,"key":"SMITH"},{"data":"Rage","floor":11.0,"key":"SMITH"},{"data":"Disarm","floor":15.0,"key":"SMITH"},{"data":"Barricade","floor":23.0,"key":"SMITH"}],"neow_cost":"NONE","seed_source_timestamp":13663173121257,"circlet_count":0,"master_deck":["AscendersBane","Strike_R","Strike_R","Defend_R","Defend_R","Defend_R","Defend_R","Bash+1","Headbutt","Shrug It Off","Finesse+1","Pummel","Rage+1","Disarm+1","Flame Barrier","Barricade+1","Dropkick+1","Demon Form+1","Flame Barrier+1","Flame Barrier","Entrench"],"special_seed":0,"relics":["Burning Blood","Oddly Smooth Stone","Meat on the Bone","Astrolabe","Kunai"],"potions_floor_usage":[24,24],"damage_taken":[{"damage":11.0,"enemies":"Jaw Worm","floor":1.0,"turns":4.0},{"damage":1.0,"enemies":"Cultist","floor":2.0,"turns":3.0},{"damage":13.0,"enemies":"Small Slimes","floor":3.0,"turns":4.0},{"damage":0.0,"enemies":"2 Fungi Beasts","floor":7.0,"turns":4.0},{"damage":8.0,"enemies":"Red Slaver","floor":8.0,"turns":5.0},{"damage":41.0,"enemies":"Gremlin Gang","floor":13.0,"turns":7.0},{"damage":0.0,"enemies":"Large Slime","floor":14.0,"turns":7.0},{"damage":49.0,"enemies":"Hexaghost","floor":16.0,"turns":18.0},{"damage":21.0,"enemies":"Spheric Guardian","floor":18.0,"turns":14.0},{"damage":20.0,"enemies":"Shell Parasite","floor":19.0,"turns":8.0},{"damage":25.0,"enemies":"Sentry and Sphere","floor":20.0,"turns":6.0},{"damage":25.0,"enemies":"Centurion and Healer","floor":22.0,"turns":9.0},{"damage":37,"enemies":"Gremlin Leader","floor":24,"turns":4}],"seed_played":"8324077795453923000","potions_obtained":[{"floor":2.0,"key":"Dexterity Potion"},{"floor":3.0,"key":"Swift Potion"},{"floor":8.0,"key":"FearPotion"},{"floor":19.0,"key":"Block Potion"},{"floor":22.0,"key":"Fire Potion"}],"is_trial":false,"path_per_floor":["M","M","M","?","$","R","M","M","T","?","R","$","M","M","R","B",null,"M","M","M","T","M","R","E"],"character_chosen":"IRONCLAD","items_purchased":["Shrug It Off","Finesse"],"campfire_rested":0,"item_purchase_floors":[5,5],"current_hp_per_floor":[67,72,65,53,53,53,59,57,57,57,57,57,34,52,52,21,65,50,48,41,41,34,34,0],"gold":229,"neow_bonus":"UPGRADE_CARD","is_prod":false,"is_daily":false,"chose_seed":false,"campfire_upgraded":4,"win_rate":0,"timestamp":1564137972,"path_taken":["M","M","M","?","$","R","M","M","T","?","R","$","M","M","R","BOSS","M","?","M","?","M","R","E"],"build_version":"2019-07-05","purchased_purges":0,"victory":false,"max_hp_per_floor":[80,80,80,80,80,80,80,80,80,80,80,80,80,80,80,80,80,80,80,80,80,80,80,80],"card_choices":[{"not_picked":["Spot Weakness","Rupture"],"picked":"Headbutt","floor":1.0},{"not_picked":["Bloodletting","Anger","Headbutt"],"picked":"SKIP","floor":2.0},{"not_picked":["Warcry","Clash","Anger"],"picked":"SKIP","floor":3.0},{"not_picked":["Heavy Blade","Corruption"],"picked":"Pummel","floor":7.0},{"not_picked":["Cleave","Blood for Blood"],"picked":"Rage","floor":8.0},{"not_picked":["Ghostly Armor","True Grit"],"picked":"Disarm","floor":13.0},{"not_picked":["Pommel Strike","Havoc"],"picked":"Flame Barrier","floor":14.0},{"not_picked":["Offering","Impervious"],"picked":"Barricade","floor":16.0},{"not_picked":["Havoc+1","Clash","Sever Soul"],"picked":"SKIP","floor":18.0},{"not_picked":["Perfected Strike+1","Pummel","Clash"],"picked":"SKIP","floor":19.0},{"not_picked":["Power Through","Havoc+1"],"picked":"Flame Barrier","floor":20.0},{"not_picked":["Perfected Strike","Sever Soul"],"picked":"Entrench","floor":22.0}],"player_experience":367476,"relics_obtained":[{"floor":9.0,"key":"Meat on the Bone"},{"floor":21.0,"key":"Kunai"}],"event_choices":[{"damage_healed":0.0,"max_hp_gain":0.0,"max_hp_loss":0.0,"gold_gain":0.0,"event_name":"Scrap Ooze","player_choice":"Success","floor":4.0,"gold_loss":0.0,"damage_taken":12.0,"relics_obtained":["Oddly Smooth Stone"]},{"damage_healed":0.0,"max_hp_gain":0.0,"max_hp_loss":0.0,"gold_gain":0.0,"event_name":"Match and Keep!","player_choice":"0 cards matched","floor":10.0,"gold_loss":0.0,"damage_taken":0.0,"cards_obtained":[]}],"is_beta":false,"boss_relics":[{"not_picked":["White Beast Statue","Eternal Feather"],"picked":"Astrolabe"}],"items_purged_floors":[],"is_endless":false,"potions_floor_spawned":[2,3,8,14,19,22],"killed_by":"Gremlin Leader","ascension_level":13}