{"gold_per_floor":[115,115,47,21,21,21,55,55,55,71,71,104,114,147,147,147],"floor_reached":16,"playtime":520,"items_purged":[],"score":145,"play_id":"a939daba-9be9-43f2-8385-cee1e8aeab49","local_time":"20190713114810","is_ascension_mode":true,"campfire_choices":[{"data":"Bash","floor":6,"key":"SMITH"},{"data":"Metallicize","floor":8,"key":"SMITH"},{"data":"Clothesline","floor":11,"key":"SMITH"},{"data":"Warcry","floor":15,"key":"SMITH"}],"neow_cost":"NONE","seed_source_timestamp":4620473941471,"circlet_count":0,"master_deck":["Strike_R","Strike_R","Strike_R","Defend_R","Defend_R","Defend_R","Defend_R","Bash+1","Clothesline+1","Warcry+1","Metallicize+1","Shrug It Off","Battle Trance","Shrug It Off","Pommel Strike"],"relics":["Burning Blood","Unceasing Top","Bronze Scales","Peace Pipe","Turnip"],"potions_floor_usage":[14,16,16,16,16],"damage_taken":[{"damage":5,"enemies":"2 Louse","floor":1,"turns":3},{"damage":17,"enemies":"Gremlin Nob","floor":7,"turns":5},{"damage":1,"enemies":"Cultist","floor":10,"turns":4},{"damage":27,"enemies":"3 Sentries","floor":12,"turns":9},{"damage":0,"enemies":"Jaw Worm","floor":13,"turns":3},{"damage":21,"enemies":"Lagavulin","floor":14,"turns":8},{"damage":50,"enemies":"Slime Boss","floor":16,"turns":13}],"seed_played":"4085346235108598822","potions_obtained":[{"floor":10,"key":"Strength Potion"},{"floor":12,"key":"SpeedPotion"},{"floor":13,"key":"EntropicBrew"}],"is_trial":false,"path_per_floor":["M","?","$","$","?","R","E","R","T","M","R","E","M","E","R","B"],"character_chosen":"IRONCLAD","items_purchased":["Metallicize","Shrug It Off"],"campfire_rested":0,"item_purchase_floors":[3,4],"current_hp_per_floor":[80,80,80,80,73,73,62,62,62,67,67,46,52,37,37,0],"gold":147,"neow_bonus":"TRANSFORM_CARD","is_prod":false,"is_daily":false,"chose_seed":false,"campfire_upgraded":4,"win_rate":0,"timestamp":1563007690,"path_taken":["M","?","?","$","?","R","E","R","T","M","R","E","M","E","R","BOSS"],"build_version":"2019-07-05","purchased_purges":0,"victory":false,"max_hp_per_floor":[80,80,80,80,80,80,80,80,80,80,80,80,80,80,80,80],"card_choices":[{"not_picked":["Pommel Strike","Clash"],"picked":"Warcry","floor":1},{"not_picked":["Rampage","Thunderclap","Intimidate"],"picked":"SKIP","floor":7},{"not_picked":["Rampage","Intimidate"],"picked":"Battle Trance","floor":10},{"not_picked":["Clothesline","Cleave"],"picked":"Shrug It Off","floor":12},{"not_picked":["Sword Boomerang","Body Slam","Pommel Strike"],"picked":"SKIP","floor":13},{"not_picked":["Intimidate","Heavy Blade","Pommel Strike"],"picked":"SKIP","floor":14},{"not_picked":["Intimidate","Heavy Blade"],"picked":"Pommel Strike","floor":14}],"player_experience":1055619,"relics_obtained":[{"floor":7,"key":"Unceasing Top"},{"floor":9,"key":"Bronze Scales"},{"floor":12,"key":"Peace Pipe"},{"floor":14,"key":"Turnip"}],"event_choices":[{"damage_healed":0,"gold_gain":0,"player_choice":"Full Heal","damage_taken":0,"max_hp_gain":0,"max_hp_loss":0,"event_name":"Wheel of Change","floor":2,"gold_loss":0},{"cards_removed":["Strike_R"],"damage_healed":0,"gold_gain":0,"player_choice":"Card Removal","damage_taken":7,"max_hp_gain":0,"max_hp_loss":0,"event_name":"Golden Wing","floor":5,"gold_loss":0}],"is_beta":false,"boss_relics":[],"items_purged_floors":[],"is_endless":false,"potions_floor_spawned":[10,12,13],"killed_by":"Slime Boss","ascension_level":5}