{"gold_per_floor":[15,25,25,100,111,111,111,111,111,111,111,143,143,143,143,143],"floor_reached":16,"playtime":601,"items_purged":[],"score":236,"play_id":"ba38960c-aa46-4163-9ac7-57fa84656da5","local_time":"20190709200709","is_ascension_mode":true,"campfire_choices":[{"data":"Searing Blow","floor":6,"key":"SMITH"},{"data":"Searing Blow+1","floor":7,"key":"SMITH"},{"data":"Searing Blow+2","floor":8,"key":"SMITH"},{"data":"Searing Blow+3","floor":10,"key":"SMITH"},{"data":"Searing Blow+4","floor":11,"key":"SMITH"},{"data":"Searing Blow+5","floor":15,"key":"SMITH"}],"neow_cost":"NO_GOLD","seed_source_timestamp":427777584447295,"circlet_count":0,"master_deck":["AscendersBane","Strike_R","Strike_R","Strike_R","Strike_R","Strike_R","Defend_R","Defend_R","Defend_R","Defend_R","Bash+1","Flame Barrier","Searing Blow+6","Corruption"],"special_seed":0,"relics":["Burning Blood","WingedGreaves","FossilizedHelix","Toxic Egg 2","The Courier","Golden Idol"],"potions_floor_usage":[12],"damage_taken":[{"damage":5,"enemies":"2 Louse","floor":1,"turns":3},{"damage":11,"enemies":"Small Slimes","floor":2,"turns":6},{"damage":0,"enemies":"Jaw Worm","floor":5,"turns":7},{"damage":0,"enemies":"Lagavulin","floor":12,"turns":4},{"damage":40,"enemies":"Hexaghost","floor":16,"turns":7}],"seed_played":"-7766650258458667883","potions_obtained":[{"floor":1,"key":"SkillPotion"}],"is_trial":false,"path_per_floor":["M","M","?","?","M","R","R","R","T","R","R","E","?","?","R","B"],"character_chosen":"IRONCLAD","items_purchased":[],"campfire_rested":0,"item_purchase_floors":[],"current_hp_per_floor":[69,64,64,53,59,59,59,59,59,59,59,65,39,39,39,0],"gold":143,"neow_bonus":"ONE_RARE_RELIC","is_prod":false,"is_daily":false,"chose_seed":false,"campfire_upgraded":6,"win_rate":0,"timestamp":1562717229,"path_taken":["M","M","?","?","M","R","R","R","T","R","R","E","?","?","R","BOSS"],"build_version":"2019-07-05","purchased_purges":0,"victory":false,"max_hp_per_floor":[75,75,75,75,75,75,75,75,75,75,75,75,75,68,68,68],"card_choices":[{"not_picked":["Cleave","Headbutt"],"picked":"Flame Barrier","floor":1},{"not_picked":["Whirlwind","Iron Wave"],"picked":"Searing Blow","floor":2},{"not_picked":["Spot Weakness","Whirlwind","Power Through"],"picked":"SKIP","floor":5},{"not_picked":["Blood for Blood","Shockwave"],"picked":"Corruption","floor":12}],"player_experience":2431085,"relics_obtained":[{"floor":9,"key":"FossilizedHelix"},{"floor":12,"key":"Toxic Egg 2"}],"event_choices":[{"damage_healed":0,"gold_gain":0,"player_choice":"Grow","damage_taken":0,"max_hp_gain":0,"max_hp_loss":0,"event_name":"Living Wall","floor":3,"gold_loss":0,"cards_upgraded":["Bash"]},{"damage_healed":0,"gold_gain":75,"player_choice":"Gather Gold","damage_taken":11,"max_hp_gain":0,"max_hp_loss":0,"event_name":"World of Goop","floor":4,"gold_loss":0},{"damage_healed":0,"gold_gain":0,"player_choice":"Success","damage_taken":26,"relics_obtained":["The Courier"],"max_hp_gain":0,"max_hp_loss":0,"event_name":"Scrap Ooze","floor":13,"gold_loss":0},{"damage_healed":0,"gold_gain":0,"player_choice":"Lose Max HP","damage_taken":0,"relics_obtained":["Golden Idol"],"max_hp_gain":0,"max_hp_loss":7,"event_name":"Golden Idol","floor":14,"gold_loss":0}],"is_beta":false,"boss_relics":[],"items_purged_floors":[],"is_endless":false,"potions_floor_spawned":[1],"killed_by":"Hexaghost","ascension_level":19}