{"gold_per_floor":[119,119,119,129,141,141,171,171,171,181,181,209,226,191,191,287,287,298,310,409,26,36,62,74,74,74,74,107,124,0,0],"floor_reached":31,"playtime":8128,"items_purged":[],"score":428,"play_id":"2402535c-6a40-4040-b740-201650fd2646","local_time":"20190801231219","is_ascension_mode":true,"campfire_choices":[{"data":"Blade Dance","floor":6,"key":"SMITH"},{"data":"Neutralize","floor":8,"key":"SMITH"},{"floor":11,"key":"REST"},{"data":"Skewer","floor":15,"key":"SMITH"},{"data":"Malaise","floor":25,"key":"SMITH"},{"floor":27,"key":"REST"}],"neow_cost":"NONE","seed_source_timestamp":23251479806799,"circlet_count":0,"master_deck":["AscendersBane","Strike_G","Strike_G","Strike_G","Strike_G","Strike_G","Defend_G","Defend_G","Defend_G","Defend_G","Defend_G","Survivor","Neutralize+1","Forethought","Deadly Poison","Skewer+1","Blade Dance+1","Slice","All Out Attack","Poisoned Stab","Adrenaline","Dodge and Roll","Deflect+1","Caltrops","Malaise+1","Crippling Poison+1","Deflect","Dodge and Roll","PiercingWail"],"relics":["Ring of the Serpent","Shuriken","Bag of Marbles","Bottled Lightning","Snake Skull","Chemical X","Lantern","Mango","Oddly Smooth Stone","Pocketwatch"],"potions_floor_usage":[7,16,16,19,28],"damage_taken":[{"damage":2,"enemies":"2 Louse","floor":1,"turns":4},{"damage":13,"enemies":"Small Slimes","floor":4,"turns":4},{"damage":0,"enemies":"Jaw Worm","floor":5,"turns":3},{"damage":12,"enemies":"Gremlin Nob","floor":7,"turns":3},{"damage":4,"enemies":"2 Fungi Beasts","floor":10,"turns":3},{"damage":19,"enemies":"3 Sentries","floor":12,"turns":8},{"damage":5,"enemies":"3 Louse","floor":13,"turns":4},{"damage":26,"enemies":"Slime Boss","floor":16,"turns":10},{"damage":10,"enemies":"3 Byrds","floor":18,"turns":4},{"damage":3,"enemies":"Spheric Guardian","floor":19,"turns":4},{"damage":0,"enemies":"Chosen and Byrds","floor":22,"turns":4},{"damage":17,"enemies":"Book of Stabbing","floor":23,"turns":5},{"damage":3,"enemies":"Snecko","floor":24,"turns":5},{"damage":25,"enemies":"Gremlin Leader","floor":28,"turns":8},{"damage":27,"enemies":"Sentry and Sphere","floor":29,"turns":6},{"damage":10,"enemies":"Centurion and Healer","floor":31,"turns":1}],"seed_played":"-7983948026171104780","potions_obtained":[{"floor":1,"key":"AttackPotion"},{"floor":7,"key":"SteroidPotion"},{"floor":12,"key":"Dexterity Potion"},{"floor":18,"key":"GhostInAJar"},{"floor":23,"key":"Poison Potion"},{"floor":24,"key":"SteroidPotion"},{"floor":29,"key":"GhostInAJar"}],"is_trial":false,"path_per_floor":["M","?","?","M","M","R","E","R","T","M","R","E","M","?","R","B",null,"M","M","?","$","M","E","M","R","T","R","E","M","?","M"],"character_chosen":"THE_SILENT","items_purchased":["Chemical X","Lantern","Caltrops"],"campfire_rested":2,"item_purchase_floors":[21,21,21],"current_hp_per_floor":[61,61,49,36,36,36,24,24,24,20,41,22,17,34,34,8,55,45,42,42,42,42,39,36,36,36,61,36,9,9,0],"gold":0,"neow_bonus":"RANDOM_COLORLESS","is_prod":false,"is_daily":false,"chose_seed":false,"campfire_upgraded":4,"win_rate":0,"timestamp":1564693939,"path_taken":["M","?","?","M","M","R","E","R","T","M","R","E","M","?","R","BOSS","M","M","?","$","M","E","M","R","T","R","E","M","?","M"],"build_version":"2019-07-17","purchased_purges":0,"victory":false,"max_hp_per_floor":[70,70,70,70,70,70,70,70,70,70,70,70,70,70,70,70,70,70,70,70,70,70,84,84,84,84,84,84,84,84,84],"card_choices":[{"not_picked":["Dash","Sucker Punch"],"picked":"Deadly Poison","floor":1},{"not_picked":["Sucker Punch","Choke"],"picked":"Skewer","floor":4},{"not_picked":["Dodge and Roll","Tactician"],"picked":"Blade Dance","floor":5},{"not_picked":["Riddle With Holes","Bullet Time"],"picked":"Slice","floor":7},{"not_picked":["Quick Slash","All Out Attack","Dagger Spray"],"picked":"SKIP","floor":10},{"not_picked":["Sucker Punch","Eviscerate"],"picked":"All Out Attack","floor":12},{"not_picked":["Acrobatics","Prepared"],"picked":"Poisoned Stab","floor":13},{"not_picked":["Night Terror","Storm of Steel"],"picked":"Adrenaline","floor":16},{"not_picked":["Outmaneuver+1","Poisoned Stab"],"picked":"Dodge and Roll","floor":18},{"not_picked":["Acrobatics+1","Sucker Punch+1"],"picked":"Deflect+1","floor":19},{"not_picked":["Quick Slash","Dash"],"picked":"Malaise","floor":22},{"not_picked":["Outmaneuver","Skewer"],"picked":"Crippling Poison+1","floor":23},{"not_picked":["Deadly Poison","Underhanded Strike"],"picked":"Deflect","floor":24},{"not_picked":["Sucker Punch","Calculated Gamble"],"picked":"Dodge and Roll","floor":28},{"not_picked":["Flying Knee","Deflect+1"],"picked":"PiercingWail","floor":29}],"player_experience":685836,"relics_obtained":[{"floor":7,"key":"Bag of Marbles"},{"floor":9,"key":"Bottled Lightning"},{"floor":12,"key":"Snake Skull"},{"floor":23,"key":"Mango"},{"floor":26,"key":"Oddly Smooth Stone"},{"floor":28,"key":"Pocketwatch"}],"event_choices":[{"damage_healed":0,"gold_gain":0,"player_choice":"Ignored","damage_taken":0,"max_hp_gain":0,"max_hp_loss":0,"event_name":"Liars Game","floor":2,"gold_loss":0},{"damage_healed":0,"gold_gain":0,"player_choice":"Success","damage_taken":12,"relics_obtained":["Shuriken"],"max_hp_gain":0,"max_hp_loss":0,"event_name":"Scrap Ooze","floor":3,"gold_loss":0},{"damage_healed":17,"gold_gain":0,"player_choice":"Healed","damage_taken":0,"max_hp_gain":0,"max_hp_loss":0,"event_name":"The Cleric","floor":14,"gold_loss":35},{"damage_healed":0,"gold_gain":99,"player_choice":"Stole From Cult","damage_taken":0,"max_hp_gain":0,"max_hp_loss":0,"event_name":"Nest","floor":20,"gold_loss":0},{"damage_healed":0,"gold_gain":0,"player_choice":"Paid Fearfully","damage_taken":0,"max_hp_gain":0,"max_hp_loss":0,"event_name":"Masked Bandits","floor":30,"gold_loss":124}],"is_beta":false,"boss_relics":[{"not_picked":["Sozu","Cursed Key"],"picked":"Ring of the Serpent"}],"items_purged_floors":[],"is_endless":false,"potions_floor_spawned":[1,7,12,18,23,24,29],"killed_by":"Centurion and Healer","ascension_level":10}