{"gold_per_floor":[112,112,122,122,132,132,161,181,181,199,224,224,259,272,272,272],"floor_reached":16,"playtime":1322,"items_purged":[],"score":159,"play_id":"6628d660-4598-4954-9128-d217100a693a","local_time":"20190807202623","is_ascension_mode":true,"campfire_choices":[{"data":"Glacier","floor":6,"key":"SMITH"},{"data":"Rip and Tear","floor":12,"key":"SMITH"},{"data":"Capacitor","floor":15,"key":"SMITH"}],"neow_cost":"NONE","seed_source_timestamp":1989952188513300,"circlet_count":0,"master_deck":["Strike_B","Strike_B","Strike_B","Strike_B","Defend_B","Defend_B","Defend_B","Defend_B","Zap","Dualcast","Ball Lightning","Ball Lightning","Glacier+1","Hologram","Capacitor+1","Rip and Tear+1","Coolheaded","Genetic Algorithm","Sweeping Beam"],"relics":["Philosopher\u0027s Stone","Shuriken","StoneCalendar","Mango","Anchor"],"potions_floor_usage":[14,16],"damage_taken":[{"damage":9,"enemies":"Small Slimes","floor":1,"turns":3},{"damage":3,"enemies":"Jaw Worm","floor":3,"turns":3},{"damage":0,"enemies":"2 Louse","floor":5,"turns":2},{"damage":10,"enemies":"Gremlin Nob","floor":7,"turns":4},{"damage":10,"enemies":"Blue Slaver","floor":8,"turns":3},{"damage":3,"enemies":"Looter","floor":10,"turns":4},{"damage":18,"enemies":"Lagavulin","floor":11,"turns":4},{"damage":15,"enemies":"3 Sentries","floor":13,"turns":5},{"damage":0,"enemies":"3 Louse","floor":14,"turns":6},{"damage":33,"enemies":"The Guardian","floor":16,"turns":6}],"seed_played":"-6571541737351758922","potions_obtained":[{"floor":3,"key":"Poison Potion"},{"floor":7,"key":"Energy Potion"},{"floor":13,"key":"Regen Potion"},{"floor":14,"key":"EssenceOfSteel"}],"is_trial":false,"path_per_floor":["M","?","M","?","M","R","E","M","T","M","E","R","E","M","R","B"],"character_chosen":"DEFECT","items_purchased":[],"campfire_rested":0,"item_purchase_floors":[],"current_hp_per_floor":[59,59,56,56,56,56,46,36,36,33,29,29,14,28,28,0],"gold":272,"neow_bonus":"BOSS_RELIC","is_prod":false,"is_daily":false,"chose_seed":false,"campfire_upgraded":3,"win_rate":0,"timestamp":1565223983,"path_taken":["M","?","M","?","M","R","E","M","T","M","E","R","E","M","R","BOSS"],"build_version":"2019-07-17","purchased_purges":0,"victory":false,"max_hp_per_floor":[75,75,75,75,75,75,75,75,75,75,89,89,89,89,89,89],"card_choices":[{"not_picked":["Conserve Battery","Barrage"],"picked":"Ball Lightning","floor":1},{"not_picked":["Force Field","Skim"],"picked":"Ball Lightning","floor":3},{"not_picked":["Steam","Streamline"],"picked":"Glacier","floor":5},{"not_picked":["Go for the Eyes","Sweeping Beam"],"picked":"Hologram","floor":7},{"not_picked":["All For One","Ball Lightning"],"picked":"Capacitor","floor":8},{"not_picked":["Steam","Ball Lightning"],"picked":"Rip and Tear","floor":10},{"not_picked":["Steam","Rebound"],"picked":"Coolheaded","floor":11},{"not_picked":["Gash","Blizzard"],"picked":"Genetic Algorithm","floor":13},{"not_picked":["Gash","Coolheaded"],"picked":"Sweeping Beam","floor":14}],"player_experience":541477,"relics_obtained":[{"floor":7,"key":"Shuriken"},{"floor":9,"key":"StoneCalendar"},{"floor":11,"key":"Mango"},{"floor":13,"key":"Anchor"}],"event_choices":[{"damage_healed":0,"gold_gain":0,"player_choice":"Ignored","damage_taken":0,"max_hp_gain":0,"max_hp_loss":0,"event_name":"Shining Light","floor":2,"gold_loss":0},{"damage_healed":0,"gold_gain":0,"player_choice":"Ignored","damage_taken":0,"max_hp_gain":0,"max_hp_loss":0,"event_name":"Liars Game","floor":4,"gold_loss":0}],"is_beta":false,"boss_relics":[],"items_purged_floors":[],"is_endless":false,"potions_floor_spawned":[3,7,13,14],"killed_by":"The Guardian","ascension_level":6}