{"gold_per_floor":[109,129,149,162,162,162,189,189,214,254,254,279,317,340,340,464,464,484,129,129,145,161,205,205,243,297,340,340,340,365,379,379,499,499,523,523,230,230,230,273,334,372,407,442,454,485,535,561,573,585,597,609,226,264,264],"floor_reached":56,"playtime":2640,"items_purged":["Eviscerate+1","Strike_G+1"],"score":1468,"play_id":"34c5c7a2-cec9-450e-bdb7-1ffe74f3c996","local_time":"20190612202037","is_ascension_mode":true,"campfire_choices":[{"data":"Survivor","floor":6.0,"key":"SMITH"},{"data":"Backflip","floor":11.0,"key":"SMITH"},{"data":"Footwork","floor":15.0,"key":"SMITH"},{"data":"Noxious Fumes","floor":24.0,"key":"SMITH"},{"floor":28.0,"key":"REST"},{"data":"Footwork","floor":32.0,"key":"SMITH"},{"data":"Prepared","floor":45,"key":"SMITH"},{"floor":49,"key":"RECALL"},{"data":"After Image","floor":52,"key":"SMITH"}],"neow_cost":"NONE","seed_source_timestamp":123257075571960,"circlet_count":0,"master_deck":["Defend_G","Defend_G+1","Defend_G","Defend_G","Defend_G","Strike_G+1","Survivor+1","Neutralize+1","All Out Attack+1","PiercingWail+1","Flechettes","Backflip+1","Caltrops","Footwork+1","After Image+1","Doppelganger+1","Dagger Throw+1","Noxious Fumes+1","Prepared+1","Bane+1","Footwork+1","Catalyst+1","Adrenaline","Cloak And Dagger+1","Envenom","Escape Plan+1","Madness","Bouncing Flask+1","Corpse Explosion","Clumsy","Dodge and Roll+1","Predator+1","Catalyst","Well Laid Plans","Leg Sweep","Footwork+1"],"special_seed":0,"relics":["Ring of the Snake","Whetstone","Golden Idol","War Paint","Lantern","Centennial Puzzle","Astrolabe","Oddly Smooth Stone","ClockworkSouvenir","MutagenicStrength","Regal Pillow","Blood Vial","Bag of Marbles","Vajra","FaceOfCleric","Cursed Key","Potion Belt","Art of War","Girya","MawBank","Smiling Mask","Pen Nib","Orichalcum"],"potions_floor_usage":[48,54,55,55,55,55],"damage_taken":[{"damage":0.0,"enemies":"Cultist","floor":1.0,"turns":3.0},{"damage":0.0,"enemies":"Small Slimes","floor":2.0,"turns":2.0},{"damage":1.0,"enemies":"2 Louse","floor":3.0,"turns":3.0},{"damage":4.0,"enemies":"Large Slime","floor":4.0,"turns":7.0},{"damage":21.0,"enemies":"3 Sentries","floor":7.0,"turns":6.0},{"damage":16.0,"enemies":"Lagavulin","floor":10.0,"turns":8.0},{"damage":0.0,"enemies":"Blue Slaver","floor":12.0,"turns":3.0},{"damage":7.0,"enemies":"Gremlin Nob","floor":13.0,"turns":4.0},{"damage":0.0,"enemies":"Gremlin Gang","floor":14.0,"turns":1.0},{"damage":8.0,"enemies":"The Guardian","floor":16.0,"turns":13.0},{"damage":0.0,"enemies":"Chosen","floor":18.0,"turns":5.0},{"damage":0.0,"enemies":"Shell Parasite","floor":21.0,"turns":5.0},{"damage":14.0,"enemies":"Centurion and Healer","floor":22.0,"turns":5.0},{"damage":13.0,"enemies":"Slavers","floor":23.0,"turns":6.0},{"damage":13.0,"enemies":"Book of Stabbing","floor":25.0,"turns":6.0},{"damage":16.0,"enemies":"Slavers","floor":27.0,"turns":5.0},{"damage":3.0,"enemies":"Snake Plant","floor":30.0,"turns":5.0},{"damage":1.0,"enemies":"Shelled Parasite and Fungi","floor":31.0,"turns":4.0},{"damage":6.0,"enemies":"Automaton","floor":33.0,"turns":10.0},{"damage":0.0,"enemies":"3 Darklings","floor":35.0,"turns":3.0},{"damage":0,"enemies":"Giant Head","floor":40,"turns":9},{"damage":23,"enemies":"2 Orb Walkers","floor":41,"turns":4},{"damage":0,"enemies":"Reptomancer","floor":42,"turns":7},{"damage":0,"enemies":"Orb Walker","floor":44,"turns":2},{"damage":2,"enemies":"Jaw Worm Horde","floor":46,"turns":3},{"damage":9,"enemies":"Nemesis","floor":47,"turns":7},{"damage":4,"enemies":"Spire Growth","floor":48,"turns":5},{"damage":9,"enemies":"Donu and Deca","floor":50,"turns":7},{"damage":7,"enemies":"Shield and Spear","floor":54,"turns":5},{"damage":26,"enemies":"The Heart","floor":55,"turns":10}],"seed_played":"6094139321037901700","potions_obtained":[{"floor":2.0,"key":"Ancient Potion"},{"floor":4.0,"key":"PowerPotion"},{"floor":13.0,"key":"GhostInAJar"},{"floor":14.0,"key":"Energy Potion"},{"floor":16.0,"key":"GhostInAJar"},{"floor":41,"key":"SteroidPotion"},{"floor":48,"key":"Dexterity Potion"}],"is_trial":false,"path_per_floor":["M","M","M","M","?","R","E","?","T","E","R","M","E","M","R","B",null,"M","$","?","M","M","E","R","E","T","E","R","?","M","M","R","B",null,"M","?","$","?","?","E","?","E","T","M","R","M","E","M","R","B",null,"R","$","E","B",null],"character_chosen":"THE_SILENT","items_purchased":["Oddly Smooth Stone","ClockworkSouvenir","Potion Belt","GhostInAJar","Well Laid Plans","Leg Sweep","Pen Nib","PowerPotion"],"campfire_rested":1,"item_purchase_floors":[19,19,37,37,53,53,53,53],"current_hp_per_floor":[70,70,69,65,65,65,44,44,44,28,28,28,21,21,21,13,65,65,65,65,65,51,38,38,25,25,11,45,45,45,47,47,44,68,69,69,69,59,59,62,42,45,45,48,48,49,43,42,42,36,77,77,77,71,48],"gold":264,"neow_bonus":"UPGRADE_CARD","is_prod":false,"is_daily":false,"chose_seed":false,"campfire_upgraded":7,"win_rate":0,"timestamp":1560360037,"path_taken":["M","M","?","M","?","R","E","?","T","E","R","M","E","M","R","BOSS","M","$","?","M","M","E","R","E","T","E","R","?","M","?","R","BOSS","M","?","$","?","?","E","?","E","T","?","R","M","E","M","R","BOSS","R","$","E","BOSS"],"build_version":"2019-01-23","purchased_purges":2,"victory":true,"max_hp_per_floor":[70,70,70,70,70,70,70,65,65,65,65,65,65,65,65,65,65,65,65,65,65,65,65,65,65,65,65,65,65,66,67,67,68,68,69,69,69,69,69,70,71,72,72,73,73,74,75,76,76,77,77,77,77,78,79],"card_choices":[{"not_picked":["Backflip","Outmaneuver"],"picked":"All Out Attack","floor":1.0},{"not_picked":["Finisher","Dagger Spray"],"picked":"PiercingWail","floor":2.0},{"not_picked":["Blade Dance","Endless Agony","Outmaneuver"],"picked":"SKIP","floor":3.0},{"not_picked":["Prepared","Flying Knee","Masterful Stab"],"picked":"SKIP","floor":4.0},{"not_picked":["Eviscerate","Flying Knee"],"picked":"Flechettes","floor":7.0},{"not_picked":["Bullet Time","All Out Attack"],"picked":"Backflip","floor":10.0},{"not_picked":["Catalyst","Bane"],"picked":"Caltrops","floor":12.0},{"not_picked":["Deadly Poison","Bane","Acrobatics"],"picked":"SKIP","floor":13.0},{"not_picked":["Tactician","Deadly Poison"],"picked":"Footwork","floor":14.0},{"not_picked":["Glass Knife","Unload"],"picked":"After Image","floor":16.0},{"not_picked":["Tactician","Cloak And Dagger+1"],"picked":"Noxious Fumes","floor":18.0},{"not_picked":["Infinite Blades","Heel Hook"],"picked":"Prepared","floor":21.0},{"not_picked":["Quick Slash+1","Poisoned Stab"],"picked":"Bane+1","floor":22.0},{"not_picked":["Deflect","Deadly Poison+1"],"picked":"Footwork","floor":23.0},{"not_picked":["Setup","Backflip+1"],"picked":"Catalyst+1","floor":25.0},{"not_picked":["Cloak And Dagger","Acrobatics","Backflip"],"picked":"SKIP","floor":27.0},{"not_picked":["Blade Dance","Backflip"],"picked":"Adrenaline","floor":30.0},{"not_picked":["Slice","Sucker Punch"],"picked":"Cloak And Dagger+1","floor":31.0},{"not_picked":["Wraith Form v2","Venomology"],"picked":"Envenom","floor":33.0},{"not_picked":["Blade Dance","Endless Agony+1"],"picked":"Escape Plan+1","floor":35.0},{"not_picked":["Dark Shackles","Enlightenment"],"picked":"Madness","floor":38},{"not_picked":["Bandage Up","Flash of Steel"],"picked":"Dark Shackles","floor":38},{"not_picked":["Acrobatics+1","Dagger Spray+1"],"picked":"Bouncing Flask+1","floor":40},{"not_picked":["Sucker Punch","Dagger Spray+1"],"picked":"Corpse Explosion","floor":42},{"not_picked":["Bane+1","Slice","Dagger Throw"],"picked":"SKIP","floor":44},{"not_picked":["Dagger Spray+1","Calculated Gamble"],"picked":"Dodge and Roll+1","floor":46},{"not_picked":["Dodge and Roll","Slice"],"picked":"Predator+1","floor":47},{"not_picked":["Tactician+1","Concentrate+1"],"picked":"Catalyst","floor":48},{"not_picked":["Dodge and Roll+1","Prepared+1"],"picked":"Footwork+1","floor":54}],"player_experience":965694,"relics_obtained":[{"floor":7.0,"key":"Whetstone"},{"floor":9.0,"key":"War Paint"},{"floor":10.0,"key":"Lantern"},{"floor":13.0,"key":"Centennial Puzzle"},{"floor":23.0,"key":"Regal Pillow"},{"floor":25.0,"key":"Blood Vial"},{"floor":26.0,"key":"Bag of Marbles"},{"floor":27.0,"key":"Vajra"},{"floor":40,"key":"Art of War"},{"floor":41,"key":"Girya"},{"floor":42,"key":"MawBank"},{"floor":47,"key":"Smiling Mask"},{"floor":54,"key":"Orichalcum"}],"event_choices":[{"damage_healed":0.0,"max_hp_gain":0.0,"max_hp_loss":0.0,"gold_gain":0.0,"event_name":"Living Wall","player_choice":"Grow","floor":5.0,"gold_loss":0.0,"damage_taken":0.0,"cards_upgraded":["All Out Attack"]},{"damage_healed":0.0,"max_hp_gain":0.0,"max_hp_loss":5.0,"gold_gain":0.0,"event_name":"Golden Idol","player_choice":"Lose Max HP","floor":8.0,"gold_loss":0.0,"damage_taken":0.0,"relics_obtained":["Golden Idol"]},{"damage_healed":0.0,"max_hp_gain":0.0,"max_hp_loss":0.0,"gold_gain":0.0,"event_name":"Drug Dealer","player_choice":"Inject Mutagens","floor":20.0,"gold_loss":0.0,"damage_taken":0.0,"relics_obtained":["MutagenicStrength"]},{"damage_healed":0.0,"max_hp_gain":0.0,"max_hp_loss":0.0,"gold_gain":0.0,"event_name":"FaceTrader","player_choice":"Trade","floor":29.0,"gold_loss":0.0,"damage_taken":0.0,"relics_obtained":["FaceOfCleric"]},{"damage_healed":0.0,"max_hp_gain":0.0,"max_hp_loss":0.0,"gold_gain":0.0,"event_name":"Tomb of Lord Red Mask","player_choice":"Ignored","floor":36.0,"gold_loss":0.0,"damage_taken":0.0},{"damage_healed":0,"gold_gain":0,"player_choice":"Memory 3","damage_taken":10,"max_hp_gain":0,"max_hp_loss":0,"event_name":"SensoryStone","floor":38,"gold_loss":0},{"cards_removed":["Dark Shackles"],"damage_healed":0,"gold_gain":0,"player_choice":"Removed Skill","damage_taken":0,"max_hp_gain":0,"max_hp_loss":0,"event_name":"Falling","floor":39,"gold_loss":0},{"damage_healed":0,"gold_gain":0,"player_choice":"Fight","damage_taken":0,"max_hp_gain":0,"max_hp_loss":0,"event_name":"Mysterious Sphere","floor":41,"gold_loss":0}],"is_beta":false,"boss_relics":[{"not_picked":["Pandora\u0027s Box","Lizard Tail"],"picked":"Astrolabe"},{"not_picked":["Coffee Dripper","Ring of the Serpent"],"picked":"Cursed Key"}],"items_purged_floors":[37,53],"is_endless":false,"potions_floor_spawned":[2,4,13,14,16,18,25,30,33,35,41,42,46,48],"ascension_level":1}