{"gold_per_floor":[114,114,131,150,164,164,193,193,193,210,236,236,263,263,263,366,366,385,300,55,55,74,101,32,32,108,108,134,145,244,271,271,369,369,387,387,180,34,47,74,74,74,152,100,133,133,165,180,180,180,180,180,102,134,134],"floor_reached":55,"playtime":11925,"items_purged":["Impatience"],"score":827,"play_id":"a99ad3ca-784e-4b39-a4eb-341b13ac0d49","local_time":"20190715184904","is_ascension_mode":false,"campfire_choices":[{"floor":6.0,"key":"RECALL"},{"data":"Shockwave","floor":8.0,"key":"SMITH"},{"floor":12.0,"key":"REST"},{"floor":15.0,"key":"REST"},{"data":"Perfected Strike","floor":25.0,"key":"SMITH"},{"floor":27.0,"key":"REST"},{"floor":32,"key":"REST"},{"floor":46,"key":"REST"},{"floor":49,"key":"REST"},{"data":"Juggernaut","floor":52,"key":"SMITH"}],"neow_cost":"NONE","seed_source_timestamp":235619875175555,"circlet_count":0,"master_deck":["Strike_R","Strike_R+1","Strike_R","Strike_R","Strike_R","Defend_R","Defend_R","Defend_R","Defend_R","Bash+1","Evolve","Rage","Infernal Blade","Shockwave+1","Pommel Strike","Perfected Strike+1","Juggernaut+1","Cleave+1","The Bomb+1","Flame Barrier+1","Barricade","Heavy Blade","Juggernaut","Crippling Poison+1","Eviscerate+1","Shrug It Off+1","Reinforced Body+1","Cloak And Dagger+1","Ball Lightning+1","Storm+1"],"special_seed":0,"relics":["Burning Blood","Pear","Oddly Smooth Stone","Gremlin Horn","Toxic Egg 2","Mango","Snecko Eye","Gambling Chip","Strawberry","Prayer Wheel","Magic Flower","Ginger","Empty Cage","PrismaticShard","Art of War","Sundial","Mercury Hourglass","Anchor","Centennial Puzzle"],"potions_floor_usage":[33,40,48,55,55],"damage_taken":[{"damage":11.0,"enemies":"Jaw Worm","floor":1.0,"turns":2.0},{"damage":7.0,"enemies":"2 Louse","floor":3.0,"turns":3.0},{"damage":2.0,"enemies":"Small Slimes","floor":4.0,"turns":3.0},{"damage":7.0,"enemies":"2 Fungi Beasts","floor":5.0,"turns":4.0},{"damage":14.0,"enemies":"Gremlin Nob","floor":7.0,"turns":3.0},{"damage":19.0,"enemies":"Exordium Thugs","floor":10.0,"turns":6.0},{"damage":30.0,"enemies":"3 Sentries","floor":11.0,"turns":6.0},{"damage":20.0,"enemies":"Gremlin Nob","floor":13.0,"turns":4.0},{"damage":63.0,"enemies":"The Guardian","floor":16.0,"turns":10.0},{"damage":1.0,"enemies":"Chosen","floor":18.0,"turns":3.0},{"damage":2.0,"enemies":"2 Thieves","floor":22.0,"turns":3.0},{"damage":69.0,"enemies":"Slavers","floor":23.0,"turns":4.0},{"damage":49.0,"enemies":"Gremlin Leader","floor":28.0,"turns":4.0},{"damage":15.0,"enemies":"Snake Plant","floor":29.0,"turns":3.0},{"damage":11,"enemies":"Slavers","floor":31,"turns":4},{"damage":97,"enemies":"Automaton","floor":33,"turns":7},{"damage":14,"enemies":"Orb Walker","floor":35,"turns":4},{"damage":16,"enemies":"3 Darklings","floor":39,"turns":5},{"damage":39,"enemies":"Nemesis","floor":40,"turns":7},{"damage":22,"enemies":"Reptomancer","floor":45,"turns":5},{"damage":22,"enemies":"Giant Head","floor":47,"turns":10},{"damage":19,"enemies":"Transient","floor":48,"turns":5},{"damage":35,"enemies":"Awakened One","floor":50,"turns":13},{"damage":49,"enemies":"Shield and Spear","floor":54,"turns":6},{"damage":81,"enemies":"The Heart","floor":55,"turns":3}],"seed_played":"476418874197733151","potions_obtained":[{"floor":1.0,"key":"AttackPotion"},{"floor":11.0,"key":"Regen Potion"},{"floor":13.0,"key":"Regen Potion"},{"floor":23.0,"key":"Ancient Potion"},{"floor":29.0,"key":"FearPotion"},{"floor":33,"key":"Weak Potion"},{"floor":35,"key":"Regen Potion"},{"floor":47,"key":"LiquidBronze"}],"is_trial":false,"path_per_floor":["M","?","M","M","M","R","E","R","T","M","E","R","E","?","R","B",null,"M","?","$","?","M","E","$","R","T","R","E","M","?","E","R","B",null,"M","?","$","$","M","E","?","$","T","$","E","R","E","M","R","B",null,"R","$","E","B"],"character_chosen":"IRONCLAD","items_purchased":["The Bomb+1","Flame Barrier+1","PrismaticShard","Juggernaut","Shrug It Off+1","LiquidBronze"],"campfire_rested":6,"item_purchase_floors":[20,24,37,38,44,53],"current_hp_per_floor":[75,78,77,81,80,80,72,72,72,59,35,62,62,41,72,15,104,104,104,104,111,111,48,48,48,48,81,38,73,73,71,104,16,111,106,111,111,111,104,88,88,88,88,88,75,108,95,85,111,85,111,111,111,71,0],"gold":134,"neow_bonus":"RANDOM_COLORLESS","is_prod":false,"is_daily":false,"chose_seed":false,"campfire_upgraded":3,"win_rate":0,"timestamp":1563209344,"path_taken":["M","?","M","M","M","R","E","R","T","M","E","R","E","?","R","BOSS","M","?","$","?","M","E","$","R","T","R","E","M","?","E","R","BOSS","M","?","?","$","?","E","?","$","T","?","E","R","E","M","R","BOSS","R","$","E","BOSS"],"build_version":"2019-07-05","purchased_purges":1,"victory":false,"max_hp_per_floor":[80,90,90,90,90,90,90,90,90,90,90,90,104,104,104,104,104,104,104,104,111,111,111,111,111,111,111,111,111,111,111,111,111,111,111,111,111,111,111,111,111,111,111,111,111,111,111,111,111,111,111,111,111,111,111],"card_choices":[{"not_picked":["Wild Strike","Spot Weakness"],"picked":"Clash","floor":1.0},{"not_picked":["Ghostly Armor","Clothesline"],"picked":"Evolve","floor":3.0},{"not_picked":["Armaments","Heavy Blade"],"picked":"Rage","floor":4.0},{"not_picked":["Anger","Reckless Charge"],"picked":"Infernal Blade","floor":5.0},{"not_picked":["Reckless Charge","Carnage"],"picked":"Shockwave","floor":7.0},{"not_picked":["Body Slam","Sword Boomerang"],"picked":"Pommel Strike","floor":10.0},{"not_picked":["Armaments","Spot Weakness","Inflame"],"picked":"SKIP","floor":11.0},{"not_picked":["Seeing Red+1","Dropkick"],"picked":"Perfected Strike","floor":13.0},{"not_picked":["Brutality","Barricade"],"picked":"Juggernaut","floor":16.0},{"not_picked":["Whirlwind","Twin Strike"],"picked":"Cleave+1","floor":18.0},{"not_picked":["Flex+1","True Grit+1","Sever Soul+1"],"picked":"SKIP","floor":22.0},{"not_picked":["Pommel Strike","True Grit+1","Anger+1"],"picked":"SKIP","floor":23.0},{"not_picked":["Disarm+1","Infernal Blade+1","Double Tap+1"],"picked":"SKIP","floor":28.0},{"not_picked":["Twin Strike","Anger"],"picked":"Shrug It Off+1","floor":29.0},{"not_picked":["Pommel Strike+1","Flex+1","Cleave"],"picked":"SKIP","floor":29.0},{"not_picked":["Immolate","Clash","Body Slam+1"],"picked":"SKIP","floor":31},{"not_picked":["Reaper","Dark Embrace"],"picked":"Barricade","floor":33},{"not_picked":["True Grit+1","Body Slam"],"picked":"Heavy Blade","floor":35},{"not_picked":["Sword Boomerang+1","Twin Strike","Havoc+1"],"picked":"SKIP","floor":35},{"not_picked":["Barrage","Poisoned Stab"],"picked":"Crippling Poison+1","floor":39},{"not_picked":["Slice+1","Twin Strike+1","Ghostly Armor+1"],"picked":"SKIP","floor":39},{"not_picked":["Finisher","Bandage Up+1"],"picked":"Eviscerate+1","floor":40},{"not_picked":["Unload","Enlightenment+1"],"picked":"Reinforced Body+1","floor":45},{"not_picked":["Impatience+1","Entrench+1"],"picked":"Cloak And Dagger+1","floor":47},{"not_picked":["Body Slam+1","Barrage"],"picked":"Ball Lightning+1","floor":48},{"not_picked":["Finesse+1","Panacea+1","Searing Blow"],"picked":"SKIP","floor":48},{"not_picked":["Cleave+1","Tactician+1"],"picked":"Storm+1","floor":54}],"player_experience":173677,"relics_obtained":[{"floor":7.0,"key":"Oddly Smooth Stone"},{"floor":9.0,"key":"Gremlin Horn"},{"floor":11.0,"key":"Toxic Egg 2"},{"floor":13.0,"key":"Mango"},{"floor":23.0,"key":"Prayer Wheel"},{"floor":28.0,"key":"Magic Flower"},{"floor":31,"key":"Ginger"},{"floor":40,"key":"Art of War"},{"floor":43,"key":"Sundial"},{"floor":45,"key":"Mercury Hourglass"},{"floor":47,"key":"Anchor"},{"floor":54,"key":"Centennial Puzzle"}],"event_choices":[{"damage_healed":0.0,"max_hp_gain":0.0,"max_hp_loss":0.0,"gold_gain":0.0,"event_name":"Scrap Ooze","player_choice":"Success","floor":2.0,"gold_loss":0.0,"damage_taken":7.0,"relics_obtained":["Pear"]},{"damage_healed":0.0,"max_hp_gain":0.0,"max_hp_loss":0.0,"gold_gain":0.0,"event_name":"Shining Light","player_choice":"Entered Light","floor":14.0,"gold_loss":0.0,"damage_taken":21.0,"cards_upgraded":["Strike_R","Bash"]},{"damage_healed":0.0,"max_hp_gain":0.0,"max_hp_loss":0.0,"gold_gain":0.0,"event_name":"Addict","player_choice":"Obtained Relic","floor":19.0,"gold_loss":85.0,"damage_taken":0.0,"relics_obtained":["Gambling Chip"]},{"damage_healed":0.0,"max_hp_gain":0.0,"max_hp_loss":0.0,"gold_gain":0.0,"event_name":"The Mausoleum","player_choice":"Opened","floor":21.0,"gold_loss":0.0,"damage_taken":0.0,"relics_obtained":["Strawberry"],"cards_obtained":["Writhe"]},{"damage_healed":0.0,"max_hp_gain":0.0,"max_hp_loss":0.0,"gold_gain":99.0,"event_name":"Nest","player_choice":"Stole From Cult","floor":30.0,"gold_loss":0.0,"damage_taken":0.0},{"damage_healed":5,"gold_gain":0,"player_choice":"Full Heal","damage_taken":0,"max_hp_gain":0,"max_hp_loss":0,"event_name":"Wheel of Change","floor":36,"gold_loss":0},{"cards_removed":["Shrug It Off"],"damage_healed":0,"gold_gain":0,"player_choice":"Removed Skill","damage_taken":0,"max_hp_gain":0,"max_hp_loss":0,"event_name":"Falling","floor":41,"gold_loss":0}],"is_beta":false,"boss_relics":[{"not_picked":["Sozu","Runic Dome"],"picked":"Snecko Eye"},{"not_picked":["Pandora\u0027s Box","Black Blood"],"picked":"Empty Cage"}],"items_purged_floors":[20],"is_endless":false,"potions_floor_spawned":[1,11,13,23,28,29,33,35,39,47],"killed_by":"The Heart","ascension_level":0}