{"gold_per_floor":[117,135,135,37,37,63,63,79,79,113,113,146,146,146,146,246,246,266,266,283,296,306,306,339,44,70,70,70,99,58,108,108,213,213,224,224,243,243,256,256,288,288,334,363,363,382,400,416,416,416],"floor_reached":51,"playtime":1721,"items_purged":["Strike_B","Strike_B"],"score":928,"play_id":"d44232cb-0f60-4d6e-b448-a811a8351259","local_time":"20181204231127","is_ascension_mode":true,"campfire_choices":[{"data":"Zap","floor":7.0,"key":"SMITH"},{"data":"Ball Lightning","floor":11.0,"key":"SMITH"},{"data":"Defend_B","floor":13.0,"key":"PURGE"},{"data":"Defend_B","floor":15.0,"key":"PURGE"},{"data":"Conserve Battery","floor":23.0,"key":"SMITH"},{"data":"Coolheaded","floor":27.0,"key":"SMITH"},{"floor":32.0,"key":"REST"},{"data":"Defend_B","floor":40.0,"key":"PURGE"},{"data":"Strike_B","floor":42.0,"key":"PURGE"},{"floor":45.0,"key":"REST"},{"floor":49,"key":"REST"}],"neow_cost":"NONE","seed_source_timestamp":40404726954254,"circlet_count":0,"master_deck":["Strike_B","Zap+1","Dualcast","White Noise","Ball Lightning+1","Conserve Battery+1","Coolheaded+1","Glacier","Hologram+1","Echo Form","Glacier+1","Defragment+1","Capacitor","Defragment+1","Defragment","Electrodynamics","Consume+1","Rainbow","Thunder Strike","Sweeping Beam+1"],"special_seed":0,"relics":["Cracked Core","NeowsBlessing","Meat on the Bone","Mummified Hand","Matryoshka","Peace Pipe","Philosopher\u0027s Stone","Juzu Bracelet","DollysMirror","Potion Belt","Boot","Blood Vial","Fusion Hammer","Torii","Dodecahedron","Ancient Tea Set","Lantern"],"potions_floor_usage":[50,50,50,50],"damage_taken":[{"damage":0.0,"enemies":"Small Slimes","floor":1.0,"turns":1.0},{"damage":0.0,"enemies":"2 Louse","floor":2.0,"turns":1.0},{"damage":0.0,"enemies":"3 Sentries","floor":6.0,"turns":1.0},{"damage":0.0,"enemies":"Cultist","floor":8.0,"turns":3.0},{"damage":1.0,"enemies":"Lagavulin","floor":10.0,"turns":10.0},{"damage":10.0,"enemies":"Gremlin Nob","floor":12.0,"turns":3.0},{"damage":30.0,"enemies":"Slime Boss","floor":16.0,"turns":8.0},{"damage":2.0,"enemies":"Shell Parasite","floor":18.0,"turns":5.0},{"damage":0.0,"enemies":"Spheric Guardian","floor":20.0,"turns":3.0},{"damage":18.0,"enemies":"Shelled Parasite and Fungi","floor":21.0,"turns":7.0},{"damage":7.0,"enemies":"3 Cultists","floor":22.0,"turns":5.0},{"damage":0.0,"enemies":"Book of Stabbing","floor":24.0,"turns":5.0},{"damage":26.0,"enemies":"Slavers","floor":29.0,"turns":5.0},{"damage":17.0,"enemies":"Champ","floor":33.0,"turns":10.0},{"damage":38.0,"enemies":"3 Shapes","floor":35.0,"turns":4.0},{"damage":0.0,"enemies":"Orb Walker","floor":37.0,"turns":3.0},{"damage":8.0,"enemies":"Transient","floor":39.0,"turns":5.0},{"damage":0.0,"enemies":"Reptomancer","floor":41.0,"turns":5.0},{"damage":39.0,"enemies":"Nemesis","floor":44.0,"turns":5.0},{"damage":1,"enemies":"Spire Growth","floor":46,"turns":4},{"damage":0,"enemies":"Maw","floor":47,"turns":4},{"damage":0,"enemies":"Sphere and 2 Shapes","floor":48,"turns":1},{"damage":0,"enemies":"Donu and Deca","floor":50,"turns":4}],"seed_played":"309064638465894890","potions_obtained":[{"floor":1.0,"key":"AttackPotion"},{"floor":10.0,"key":"Block Potion"},{"floor":12.0,"key":"SteroidPotion"},{"floor":16.0,"key":"FocusPotion"},{"floor":24.0,"key":"PowerPotion"},{"floor":41.0,"key":"Fire Potion"},{"floor":44.0,"key":"PowerPotion"},{"floor":46,"key":"LiquidBronze"}],"is_trial":false,"path_per_floor":["M","M","?","$","?","E","R","M","T","E","R","E","R","?","R","B",null,"M","?","M","M","M","R","E","$","T","R","$","E","$","?","R","B",null,"M","?","M","?","M","R","E","R","T","E","R","M","M","M","R","B",null],"character_chosen":"DEFECT","items_purchased":["Conserve Battery","DollysMirror","Defragment"],"campfire_rested":3,"item_purchase_floors":[4,25,30],"current_hp_per_floor":[75,75,80,80,80,80,80,80,80,79,79,69,69,69,69,51,80,78,78,78,60,53,53,53,53,53,53,53,39,39,39,63,48,80,42,42,44,44,50,50,52,52,52,27,51,52,54,56,80,80],"gold":416,"neow_bonus":"THREE_ENEMY_KILL","is_prod":false,"is_daily":false,"chose_seed":false,"campfire_upgraded":4,"win_rate":0,"timestamp":1543954287,"path_taken":["M","M","?","$","?","E","R","M","T","E","R","E","R","?","R","BOSS","M","?","M","M","M","R","E","$","T","R","?","E","$","?","R","BOSS","M","?","M","?","M","R","E","R","T","E","R","M","M","M","R","BOSS"],"build_version":"2018-11-15","purchased_purges":2,"victory":true,"max_hp_per_floor":[75,75,80,80,80,80,80,80,80,80,80,80,80,80,80,80,80,80,80,80,80,80,80,80,80,80,80,80,80,80,80,80,80,80,80,80,80,80,80,80,80,80,80,80,80,80,80,80,80,80],"card_choices":[{"not_picked":["Blizzard","Coolheaded"],"picked":"White Noise","floor":1.0},{"not_picked":["Turbo","Recycle"],"picked":"Ball Lightning","floor":2.0},{"not_picked":["Ball Lightning","Leap"],"picked":"Coolheaded","floor":6.0},{"not_picked":["Cold Snap","Go for the Eyes"],"picked":"Glacier","floor":8.0},{"not_picked":["Doom and Gloom","Conserve Battery"],"picked":"Hologram","floor":10.0},{"not_picked":["Reboot","Compile Driver","Double Energy"],"picked":"SKIP","floor":12.0},{"not_picked":["Amplify","Electrodynamics"],"picked":"Echo Form","floor":16.0},{"not_picked":["Compile Driver","Stack+1"],"picked":"Glacier+1","floor":18.0},{"not_picked":["Conserve Battery","Steam Power","Redo"],"picked":"SKIP","floor":20.0},{"not_picked":["Glacier","Leap","Streamline"],"picked":"SKIP","floor":21.0},{"not_picked":["Rebound","Cold Snap"],"picked":"Defragment+1","floor":22.0},{"not_picked":["Compile Driver","Barrage"],"picked":"Capacitor","floor":24.0},{"not_picked":["Force Field+1","Undo","Steam+1"],"picked":"SKIP","floor":29.0},{"not_picked":["Seek","Hyperbeam"],"picked":"Electrodynamics","floor":33.0},{"not_picked":["Steam Power+1","Conserve Battery+1","Turbo+1"],"picked":"SKIP","floor":35.0},{"not_picked":["Cold Snap+1","Turbo"],"picked":"Consume+1","floor":37.0},{"not_picked":["Cold Snap","Skim","Recycle"],"picked":"SKIP","floor":39.0},{"not_picked":["Gash+1","Skim+1"],"picked":"Rainbow","floor":41.0},{"not_picked":["Turbo+1","Skim"],"picked":"Thunder Strike","floor":44.0},{"not_picked":["Redo","Glacier","Aggregate+1"],"picked":"SKIP","floor":46},{"not_picked":["Chaos","Ball Lightning+1","Rebound+1"],"picked":"SKIP","floor":47},{"not_picked":["Recycle+1","Doom and Gloom+1"],"picked":"Sweeping Beam+1","floor":48}],"player_experience":562955,"relics_obtained":[{"floor":6.0,"key":"Meat on the Bone"},{"floor":9.0,"key":"Mummified Hand"},{"floor":10.0,"key":"Matryoshka"},{"floor":12.0,"key":"Peace Pipe"},{"floor":24.0,"key":"Juzu Bracelet"},{"floor":26.0,"key":"Potion Belt"},{"floor":26.0,"key":"Boot"},{"floor":29.0,"key":"Blood Vial"},{"floor":41.0,"key":"Torii"},{"floor":43.0,"key":"Dodecahedron"},{"floor":43.0,"key":"Ancient Tea Set"},{"floor":44.0,"key":"Lantern"}],"event_choices":[{"damage_healed":0.0,"max_hp_gain":5.0,"max_hp_loss":0.0,"gold_gain":0.0,"event_name":"Big Fish","player_choice":"Donut","floor":3.0,"gold_loss":0.0,"damage_taken":0.0},{"damage_healed":0.0,"max_hp_gain":0.0,"max_hp_loss":0.0,"gold_gain":0.0,"event_name":"The Cleric","player_choice":"Leave","floor":5.0,"gold_loss":0.0,"damage_taken":0.0},{"damage_healed":0.0,"max_hp_gain":0.0,"max_hp_loss":0.0,"gold_gain":0.0,"event_name":"Upgrade Shrine","player_choice":"Upgraded","floor":14.0,"gold_loss":0.0,"damage_taken":0.0,"cards_upgraded":["Hologram"]},{"cards_removed":["Defend_B"],"damage_healed":0.0,"max_hp_gain":0.0,"max_hp_loss":0.0,"gold_gain":0.0,"event_name":"Bonfire Elementals","player_choice":"Offered Basic","floor":19.0,"gold_loss":0.0,"damage_taken":0.0},{"damage_healed":0.0,"max_hp_gain":0.0,"max_hp_loss":0.0,"gold_gain":100.0,"event_name":"The Joust","player_choice":"Bet on Murderer","floor":31.0,"gold_loss":50.0,"damage_taken":0.0},{"damage_healed":0.0,"max_hp_gain":0.0,"max_hp_loss":0.0,"gold_gain":0.0,"event_name":"Tomb of Lord Red Mask","player_choice":"Ignored","floor":36.0,"gold_loss":0.0,"damage_taken":0.0},{"damage_healed":0.0,"max_hp_gain":0.0,"max_hp_loss":0.0,"gold_gain":0.0,"event_name":"Mysterious Sphere","player_choice":"Ignored","floor":38.0,"gold_loss":0.0,"damage_taken":0.0}],"is_beta":false,"boss_relics":[{"not_picked":["Velvet Choker","Eternal Feather"],"picked":"Philosopher\u0027s Stone"},{"not_picked":["White Beast Statue","Lizard Tail"],"picked":"Fusion Hammer"}],"items_purged_floors":[4,25],"is_endless":false,"potions_floor_spawned":[1,10,12,16,18,20,24,41,44,46],"ascension_level":1}