{"gold_per_floor":[110,122,122,2,21,21,21,21,47,47,47,82,82,82,82,158,158,158,158,158,158,158,158,73,73,73,73,73,73,23,23],"floor_reached":31,"playtime":804,"items_purged":[],"score":420,"play_id":"5f0f29bc-26ff-4629-b628-481ca4763512","local_time":"20180804020125","is_ascension_mode":true,"campfire_choices":[{"data":"Writhe","floor":6.0,"key":"PURGE"},{"floor":8.0,"key":"REST"},{"data":"Metallicize","floor":10.0,"key":"SMITH"},{"data":"Barricade","floor":13.0,"key":"SMITH"},{"data":"Anger","floor":15.0,"key":"SMITH"},{"data":"Shrug It Off","floor":23.0,"key":"SMITH"},{"floor":25.0,"key":"REST"},{"floor":28,"key":"REST"}],"neow_cost":"CURSE","seed_source_timestamp":36858758581656,"circlet_count":0,"master_deck":["Strike_R+1","Strike_R","Strike_R","Strike_R","Strike_R","Defend_R","Defend_R+1","Defend_R","Bash","AscendersBane","Shrug It Off+1","Metallicize+1","Flex","Barricade+1","Anger+1","Shrug It Off"],"special_seed":0,"relics":["Burning Blood","Peace Pipe","Orichalcum","Potion Belt","Self Forming Clay","Singing Bowl","Ectoplasm","Pen Nib","Bottled Tornado"],"potions_floor_usage":[],"damage_taken":[{"damage":7.0,"enemies":"Small Slimes","floor":1.0,"turns":4.0},{"damage":19.0,"enemies":"Jaw Worm","floor":2.0,"turns":4.0},{"damage":9.0,"enemies":"2 Louse","floor":5.0,"turns":3.0},{"damage":8.0,"enemies":"Lagavulin","floor":12.0,"turns":8.0},{"damage":23.0,"enemies":"The Guardian","floor":16.0,"turns":15.0},{"damage":13.0,"enemies":"Shell Parasite","floor":18.0,"turns":7.0},{"damage":12.0,"enemies":"3 Byrds","floor":20.0,"turns":6.0},{"damage":25.0,"enemies":"Snecko","floor":21.0,"turns":8.0},{"damage":54.0,"enemies":"Gremlin Leader","floor":27.0,"turns":8.0},{"damage":0,"enemies":"Cultist and Chosen","floor":31,"turns":1}],"seed_played":"-321149648418148028","potions_obtained":[{"floor":1.0,"key":"Block Potion"},{"floor":16.0,"key":"SmokeBomb"},{"floor":20.0,"key":"LiquidBronze"}],"is_trial":false,"path_per_floor":["M","M","?","$","M","R","?","R","T","R","?","E","R","T","R","B",null,"M","$","M","M","?","R","?","R","T","E","R","?","$"],"character_chosen":"IRONCLAD","items_purchased":["Metallicize","Flex","Shrug It Off"],"campfire_rested":3,"item_purchase_floors":[4,4,30],"current_hp_per_floor":[67,54,39,39,36,36,29,51,51,51,51,49,49,49,49,34,66,61,61,57,40,40,40,40,64,64,16,40,24,24,24],"gold":23,"neow_bonus":"ONE_RARE_RELIC","is_prod":false,"is_daily":false,"chose_seed":false,"campfire_upgraded":4,"win_rate":0,"timestamp":1533337285,"path_taken":["M","M","?","$","M","R","?","R","T","R","?","E","R","?","R","BOSS","M","$","M","M","?","R","?","R","T","E","R","?","$","M"],"build_version":"2018-08-02","purchased_purges":0,"victory":false,"max_hp_per_floor":[75,75,75,75,75,75,75,75,75,75,75,75,75,75,75,77,77,79,79,81,83,83,83,83,83,83,83,83,88,88,88],"card_choices":[{"not_picked":["Headbutt","Combust","Wild Strike"],"picked":"SKIP","floor":1.0},{"not_picked":["Havoc","Cleave"],"picked":"Shrug It Off","floor":2.0},{"not_picked":["Sever Soul","Iron Wave","Flex"],"picked":"SKIP","floor":5.0},{"not_picked":["Pommel Strike","Clothesline"],"picked":"Anger","floor":12.0},{"not_picked":["Offering","Limit Break","Berserk"],"picked":"Singing Bowl","floor":16.0},{"not_picked":["Shrug It Off","Fire Breathing","True Grit"],"picked":"Singing Bowl","floor":18.0},{"not_picked":["Clash","Heavy Blade","Thunderclap"],"picked":"Singing Bowl","floor":20.0},{"not_picked":["Thunderclap","Shockwave+1","Headbutt"],"picked":"Singing Bowl","floor":21.0}],"player_experience":401990,"relics_obtained":[{"floor":9.0,"key":"Potion Belt"},{"floor":12.0,"key":"Self Forming Clay"},{"floor":14.0,"key":"Singing Bowl"},{"floor":26.0,"key":"Bottled Tornado"}],"event_choices":[{"event_name":"Shining Light","player_choice":"Entered Light","floor":3.0,"damage_taken":0.0},{"event_name":"Scrap Ooze","player_choice":"success","floor":7.0,"damage_taken":7.0},{"event_name":"Transmorgrifier","player_choice":"Transform","floor":11.0,"damage_taken":0.0},{"event_name":"Golden Shrine","player_choice":"Pray","floor":22.0,"damage_taken":0.0},{"event_name":"Addict","player_choice":"Obtained Relic","floor":24.0,"damage_taken":0.0},{"event_name":"Forgotten Altar","player_choice":"Shed Blood","floor":29,"damage_taken":0}],"is_beta":false,"boss_relics":[{"not_picked":["Runic Pyramid","Black Star"],"picked":"Ectoplasm"}],"items_purged_floors":[],"is_endless":false,"potions_floor_spawned":[1,16,20],"killed_by":"Cultist and Chosen","ascension_level":14}