{"gold_per_floor":[114,189,189,4,4,37,37,67,113,145,164,164,198,257,257,357,357,371,123,153,172,189,189,215,215,215,246,246,260,260,275,275,375,375,395,405,420,43,43,69,69,96,96,161,176,196,229,276,276,276],"floor_reached":51,"playtime":5726,"items_purged":["Normality"],"score":997,"play_id":"8604dc88-2bee-4c45-a75a-8f977d8ab8c1","local_time":"20180819214701","is_ascension_mode":true,"campfire_choices":[{"floor":12.0,"key":"REST"},{"floor":15.0,"key":"REST"},{"floor":23.0,"key":"REST"},{"floor":32.0,"key":"REST"},{"data":"Buffer","floor":41.0,"key":"SMITH"},{"floor":49.0,"key":"REST"}],"neow_cost":"NONE","seed_source_timestamp":0,"circlet_count":0,"master_deck":["Defend_B","Defend_B","Defend_B","Defend_B","Zap","Dualcast","Recycle","Scrape","Hello World","Doom and Gloom","Streamline","Undo","Double Energy","Electrodynamics","FTL","Gash","Glacier+1","Capacitor","Coolheaded","Ball Lightning","BootSequence+1","White Noise","Electrodynamics","Hello World+1","Bite","Bite","Bite","Bite","Bite","Fusion","Defragment","Buffer+1","Chaos+1","Hello World+1","Coolheaded+1","Fusion","Steam","Core Surge+1","Chaos","Consume","Streamline+1","Darkness+1","Tempest"],"special_seed":0,"relics":["Velvet Choker","Kunai","Anchor","Incense Burner","Regal Pillow","Centennial Puzzle","Boot","Thread and Needle","Inserter","Red Mask","Strawberry","Mercury Hourglass","Bag of Marbles","Black Star","Molten Egg 2","Darkstone Periapt","Question Card","Smiling Mask","Letter Opener","Bottled Tornado","Tiny Chest","Happy Flower","Ornamental Fan","Blue Candle","Bronze Scales"],"potions_floor_usage":[],"damage_taken":[{"damage":7.0,"enemies":"2 Louse","floor":1.0,"turns":2.0},{"damage":16.0,"enemies":"3 Sentries","floor":6.0,"turns":5.0},{"damage":31.0,"enemies":"Gremlin Nob","floor":8.0,"turns":4.0},{"damage":4.0,"enemies":"3 Sentries","floor":10.0,"turns":6.0},{"damage":0.0,"enemies":"Small Slimes","floor":11.0,"turns":3.0},{"damage":17.0,"enemies":"Gremlin Nob","floor":13.0,"turns":4.0},{"damage":12.0,"enemies":"Lagavulin Event","floor":14.0,"turns":5.0},{"damage":0.0,"enemies":"Slime Boss","floor":16.0,"turns":6.0},{"damage":16.0,"enemies":"3 Byrds","floor":18.0,"turns":4.0},{"damage":35.0,"floor":20.0,"turns":5.0},{"damage":2.0,"enemies":"Shell Parasite","floor":21.0,"turns":7.0},{"damage":2.0,"enemies":"Centurion and Healer","floor":22.0,"turns":7.0},{"damage":28.0,"enemies":"Gremlin Leader","floor":24.0,"turns":7.0},{"damage":12.0,"enemies":"Slavers","floor":27.0,"turns":5.0},{"damage":10.0,"enemies":"Snake Plant","floor":29.0,"turns":5.0},{"damage":4.0,"enemies":"Shelled Parasite and Fungi","floor":31.0,"turns":8.0},{"damage":33.0,"enemies":"Collector","floor":33.0,"turns":10.0},{"damage":7.0,"enemies":"3 Shapes","floor":35.0,"turns":3.0},{"damage":27.0,"enemies":"3 Darklings","floor":36.0,"turns":6.0},{"damage":28.0,"enemies":"Spire Growth","floor":37.0,"turns":7.0},{"damage":23.0,"enemies":"2 Orb Walkers","floor":40.0,"turns":5.0},{"damage":0.0,"enemies":"Giant Head","floor":42.0,"turns":11.0},{"damage":2.0,"enemies":"Nemesis","floor":44.0,"turns":9.0},{"damage":8.0,"enemies":"4 Shapes","floor":45.0,"turns":4.0},{"damage":11.0,"enemies":"3 Darklings","floor":46.0,"turns":3.0},{"damage":34.0,"enemies":"2 Orb Walkers","floor":47.0,"turns":4.0},{"damage":30,"enemies":"Awakened One","floor":50,"turns":14}],"seed_played":"2087087924808768019","potions_obtained":[{"floor":5.0,"key":"SpeedPotion"},{"floor":5.0,"key":"Swift Potion"},{"floor":5.0,"key":"GamblersBrew"},{"floor":6.0,"key":"FearPotion"},{"floor":11.0,"key":"SpeedPotion"},{"floor":14.0,"key":"GamblersBrew"},{"floor":14.0,"key":"Explosive Potion"},{"floor":16.0,"key":"AttackPotion"},{"floor":20.0,"key":"Dexterity Potion"},{"floor":22.0,"key":"FearPotion"},{"floor":24.0,"key":"Dexterity Potion"},{"floor":29.0,"key":"SpeedPotion"},{"floor":33.0,"key":"FearPotion"},{"floor":35.0,"key":"Dexterity Potion"},{"floor":40.0,"key":"GamblersBrew"},{"floor":46.0,"key":"Regen Potion"}],"is_trial":false,"path_per_floor":["M","?","?","$","?","E","$","E","T","E","M","R","E","?","R","B",null,"M","$","?","M","M","R","E","?","T","E","?","M","?","M","R","B",null,"M","M","M","$","?","E","R","E","T","E","M","M","E","T","R","B"],"character_chosen":"DEFECT","items_purchased":["Scrape","Hello World","Doom and Gloom","Capacitor","Coolheaded","Ball Lightning","Molten Egg 2","Fusion","Steam"],"campfire_rested":5,"item_purchase_floors":[4,4,4,19,19,19,38,38,38],"current_hp_per_floor":[68,57,57,57,57,41,41,10,10,6,6,43,26,14,51,51,75,59,59,24,22,20,57,43,43,43,31,31,25,16,18,51,32,62,56,35,11,11,72,49,49,61,61,69,61,59,30,30,66,42],"gold":276,"neow_bonus":"BOSS_RELIC","is_prod":false,"is_daily":false,"chose_seed":false,"campfire_upgraded":1,"win_rate":0,"timestamp":1534711621,"path_taken":["M","?","?","$","?","E","$","E","T","E","?","R","E","?","R","BOSS","M","$","?","M","?","R","E","?","T","E","?","M","?","?","R","BOSS","M","M","M","$","?","E","R","E","T","E","M","M","E","?","R","BOSS"],"build_version":"2018-08-16","purchased_purges":1,"victory":true,"max_hp_per_floor":[75,75,75,75,75,75,75,75,75,75,75,75,75,75,75,75,75,75,75,75,75,75,75,82,82,82,82,57,57,62,62,62,62,62,62,62,62,62,72,72,72,72,72,72,72,72,72,72,72,72],"card_choices":[{"not_picked":["Compile Driver","Turbo"],"picked":"Recycle","floor":1.0},{"not_picked":["Compile Driver","Conserve Battery"],"picked":"Streamline","floor":6.0},{"not_picked":["Beam Cell","Chaos"],"picked":"Undo","floor":8.0},{"not_picked":["Redo","Streamline"],"picked":"Double Energy","floor":10.0},{"not_picked":["Scrape","Stack"],"picked":"Electrodynamics","floor":11.0},{"not_picked":["Stack","Auto Shields"],"picked":"FTL","floor":13.0},{"not_picked":["Hologram","Stack"],"picked":"Gash","floor":14.0},{"not_picked":["Rainbow","Multi-Cast"],"picked":"Fission","floor":16.0},{"not_picked":["Rebound","Gash"],"picked":"Glacier+1","floor":18.0},{"not_picked":["Steam","Loop"],"picked":"BootSequence+1","floor":20.0},{"not_picked":["Static Discharge","FTL"],"picked":"White Noise","floor":21.0},{"not_picked":["Turbo","Redo","Leap"],"picked":"SKIP","floor":22.0},{"not_picked":["Sweeping Beam","Redo"],"picked":"Electrodynamics","floor":24.0},{"not_picked":["Turbo+1","Reinforced Body"],"picked":"Hello World+1","floor":27.0},{"not_picked":["Ball Lightning","Darkness"],"picked":"Fusion","floor":29.0},{"not_picked":["Doom and Gloom","Steam Power"],"picked":"Defragment","floor":31.0},{"not_picked":["Rainbow","Hyperbeam"],"picked":"Buffer","floor":33.0},{"not_picked":["Rebound","Stack+1"],"picked":"Chaos+1","floor":35.0},{"not_picked":["Compile Driver+1","Steam Power+1"],"picked":"Hello World+1","floor":36.0},{"not_picked":["Cold Snap","Reprogram"],"picked":"Coolheaded+1","floor":37.0},{"not_picked":["Machine Learning","Sweeping Beam+1"],"picked":"Core Surge+1","floor":40.0},{"not_picked":["Cold Snap+1","Turbo","Go for the Eyes+1"],"picked":"Chaos","floor":42.0},{"not_picked":["Hello World","Gash+1","FTL+1"],"picked":"Consume","floor":44.0},{"not_picked":["Turbo+1","Steam Power+1","Ball Lightning+1"],"picked":"Streamline+1","floor":45.0},{"not_picked":["Redo+1","Skim+1","Glacier+1"],"picked":"Darkness+1","floor":46.0},{"not_picked":["Scrape+1","Conserve Battery","Leap"],"picked":"Tempest","floor":47.0}],"player_experience":116701,"relics_obtained":[{"floor":6.0,"key":"Anchor"},{"floor":8.0,"key":"Incense Burner"},{"floor":9.0,"key":"Regal Pillow"},{"floor":10.0,"key":"Centennial Puzzle"},{"floor":13.0,"key":"Boot"},{"floor":20.0,"key":"Red Mask"},{"floor":24.0,"key":"Strawberry"},{"floor":26.0,"key":"Mercury Hourglass"},{"floor":27.0,"key":"Bag of Marbles"},{"floor":40.0,"key":"Darkstone Periapt"},{"floor":40.0,"key":"Question Card"},{"floor":42.0,"key":"Smiling Mask"},{"floor":42.0,"key":"Letter Opener"},{"floor":43.0,"key":"Bottled Tornado"},{"floor":44.0,"key":"Tiny Chest"},{"floor":44.0,"key":"Happy Flower"},{"floor":47.0,"key":"Ornamental Fan"},{"floor":47.0,"key":"Blue Candle"},{"floor":48.0,"key":"Bronze Scales"}],"event_choices":[{"event_name":"World of Goop","player_choice":"Gather Gold","floor":2.0,"damage_taken":0.0},{"event_name":"Accursed Blacksmith","player_choice":"Rummage","floor":3.0,"damage_taken":0.0},{"event_name":"The Lab","player_choice":"Got Potions","floor":5.0,"damage_taken":0.0},{"event_name":"Dead Adventurer","player_choice":"Searched \u00272\u0027 times","floor":14.0,"damage_taken":0.0},{"event_name":"Masked Bandits","player_choice":"Fought Bandits","floor":20.0,"damage_taken":0.0},{"event_name":"Purifier","player_choice":"One Purge","floor":25.0,"damage_taken":0.0},{"event_name":"Vampires","player_choice":"Became a vampire","floor":28.0,"damage_taken":0.0},{"event_name":"Forgotten Altar","player_choice":"Shed Blood","floor":30.0,"damage_taken":0.0},{"event_name":"Bonfire Elementals","player_choice":"RARE","floor":39.0,"damage_taken":0.0}],"is_beta":false,"boss_relics":[{"not_picked":["Philosopher\u0027s Stone","Coffee Dripper"],"picked":"Inserter"},{"not_picked":["Eternal Feather","Empty Cage"],"picked":"Black Star"}],"items_purged_floors":[19],"is_endless":false,"potions_floor_spawned":[6,11,14,14,16,20,22,24,29,33,35,40,46],"ascension_level":1}