{"gold_per_floor":[111,127,47,47,61,61,93,93,93,112,128,139,139,139,139,242,242,257,347,337,2,22,22,42,42,95,122,141,141,159,159,159,263,263,279,297,81,181,195,295,329,345,392,392,411,438,438,473,473,473],"floor_reached":51,"playtime":5236,"items_purged":["Strike_B","Defend_B"],"score":789,"play_id":"7ebadbed-cd1f-453f-8cd1-4168e34aae69","local_time":"20190717002857","is_ascension_mode":false,"campfire_choices":[{"data":"Go for the Eyes","floor":6,"key":"SMITH"},{"data":"Dualcast","floor":8,"key":"SMITH"},{"data":"Defragment","floor":13,"key":"SMITH"},{"data":"Compile Driver","floor":15,"key":"SMITH"},{"data":"Sweeping Beam","floor":23,"key":"SMITH"},{"data":"Flash of Steel","floor":25,"key":"SMITH"},{"floor":29,"key":"REST"},{"floor":32,"key":"REST"},{"data":"Creative AI","floor":44,"key":"SMITH"},{"data":"Capacitor","floor":47,"key":"SMITH"},{"data":"Static Discharge","floor":49,"key":"SMITH"}],"neow_cost":"NONE","seed_source_timestamp":19296264045617,"circlet_count":0,"master_deck":["Defend_B","Zap+1","Dualcast+1","Capacitor+1","FTL","Defragment+1","Go for the Eyes+1","Compile Driver+1","Reinforced Body+1","Sweeping Beam+1","Steam+1","Fission+1","Hologram+1","Good Instincts+1","Double Energy+1","Flash of Steel+1","Panache","Fusion+1","Melter","Chaos+1","Compile Driver","Static Discharge+1","Coolheaded+1","Creative AI+1","Glacier+1","Coolheaded+1","Self Repair","Chill+1","Redo+1","Conserve Battery+1","Reprogram+1","Sweeping Beam+1","Fission+1","Rebound+1"],"relics":["Cracked Core","NeowsBlessing","Pear","Toxic Egg 2","Philosopher\u0027s Stone","Tiny Chest","Boot","Empty Cage","Bird Faced Urn","Kunai","Orichalcum","Meat on the Bone","Smiling Mask"],"potions_floor_usage":[7,16,16,30,38,38,41,50],"damage_taken":[{"damage":0,"enemies":"Cultist","floor":1,"turns":1},{"damage":0,"enemies":"Jaw Worm","floor":2,"turns":1},{"damage":0,"enemies":"2 Louse","floor":5,"turns":1},{"damage":39,"enemies":"3 Sentries","floor":7,"turns":7},{"damage":0,"enemies":"Lots of Slimes","floor":10,"turns":3},{"damage":9,"enemies":"Gremlin Gang","floor":11,"turns":4},{"damage":8,"enemies":"Exordium Wildlife","floor":12,"turns":4},{"damage":15,"enemies":"The Guardian","floor":16,"turns":11},{"damage":6,"enemies":"Chosen","floor":18,"turns":6},{"damage":10,"enemies":"2 Thieves","floor":20,"turns":4},{"damage":14,"enemies":"3 Cultists","floor":22,"turns":5},{"damage":11,"enemies":"Shelled Parasite and Fungi","floor":24,"turns":7},{"damage":19,"enemies":"Snecko","floor":28,"turns":6},{"damage":0,"enemies":"Snake Plant","floor":30,"turns":2},{"damage":0,"enemies":"Automaton","floor":33,"turns":6},{"damage":19,"enemies":"Orb Walker","floor":35,"turns":4},{"damage":23,"enemies":"3 Darklings","floor":36,"turns":8},{"damage":0,"enemies":"Mind Bloom Boss Battle","floor":38,"turns":5},{"damage":5,"enemies":"Sphere and 2 Shapes","floor":39,"turns":4},{"damage":6,"enemies":"Giant Head","floor":41,"turns":9},{"damage":15,"enemies":"Maw","floor":42,"turns":7},{"damage":27,"enemies":"Spire Growth","floor":45,"turns":4},{"damage":22,"enemies":"Nemesis","floor":46,"turns":5},{"damage":20,"enemies":"Reptomancer","floor":48,"turns":6},{"damage":63,"enemies":"Time Eater","floor":50,"turns":10}],"seed_played":"2777942533528004218","potions_obtained":[{"floor":1,"key":"SneckoOil"},{"floor":2,"key":"Poison Potion"},{"floor":5,"key":"Energy Potion"},{"floor":10,"key":"Explosive Potion"},{"floor":18,"key":"SpeedPotion"},{"floor":22,"key":"Dexterity Potion"},{"floor":28,"key":"Fire Potion"},{"floor":33,"key":"Swift Potion"},{"floor":38,"key":"FocusPotion"},{"floor":45,"key":"LiquidBronze"},{"floor":46,"key":"AttackPotion"},{"floor":48,"key":"Explosive Potion"}],"is_trial":false,"path_per_floor":["M","M","$","?","M","R","E","R","T","M","M","M","R","?","R","B",null,"M","?","M","$","M","R","M","R","T","T","M","R","M","?","R","B",null,"M","M","$","?","M","?","E","M","T","R","M","E","R","E","R","B",null],"character_chosen":"DEFECT","items_purchased":["Defragment","Flash of Steel","Panache","Self Repair","Chill+1"],"campfire_rested":2,"item_purchase_floors":[3,21,21,37,37],"current_hp_per_floor":[75,75,75,75,75,75,46,46,46,46,37,29,29,22,22,7,85,79,55,45,45,31,31,20,20,20,20,1,26,26,26,51,51,85,66,43,43,50,64,64,85,85,85,85,71,78,78,81,81,51],"gold":473,"neow_bonus":"THREE_ENEMY_KILL","is_prod":false,"is_daily":false,"chose_seed":false,"campfire_upgraded":9,"win_rate":0.0,"timestamp":1563337737,"path_taken":["M","?","?","?","M","R","E","R","T","M","M","M","R","?","R","BOSS","M","?","?","?","?","R","M","R","T","?","M","R","M","?","R","BOSS","M","M","$","?","M","?","E","M","T","R","M","E","R","E","R","BOSS"],"build_version":"2019-07-05","purchased_purges":2,"victory":true,"max_hp_per_floor":[75,75,75,75,75,75,85,85,85,85,85,85,85,85,85,85,85,85,85,85,85,85,85,85,85,85,85,85,85,85,85,85,85,85,85,85,85,85,85,85,85,85,85,85,85,85,85,85,85,85],"card_choices":[{"not_picked":["Defragment","Conserve Battery"],"picked":"Capacitor","floor":1},{"not_picked":["Hologram","Streamline"],"picked":"FTL","floor":2},{"not_picked":["Rip and Tear","Streamline"],"picked":"Go for the Eyes","floor":5},{"not_picked":["Redo","Reprogram"],"picked":"Compile Driver","floor":7},{"not_picked":["Go for the Eyes","Double Energy+1"],"picked":"Reinforced Body+1","floor":10},{"not_picked":["Rebound","Leap+1"],"picked":"Sweeping Beam","floor":11},{"not_picked":["Cold Snap","Streamline"],"picked":"Steam+1","floor":12},{"not_picked":["All For One","Amplify+1"],"picked":"Fission+1","floor":16},{"not_picked":["Auto Shields+1","Stack+1"],"picked":"Hologram+1","floor":18},{"not_picked":["Sweeping Beam+1","Rip and Tear"],"picked":"Double Energy+1","floor":20},{"not_picked":["Heatsinks","Stack+1"],"picked":"Fusion+1","floor":22},{"not_picked":["Hologram+1","Steam+1"],"picked":"Melter","floor":24},{"not_picked":["Steam+1","Reprogram+1"],"picked":"Chaos+1","floor":28},{"not_picked":["Gash","Barrage"],"picked":"Compile Driver","floor":30},{"not_picked":["All For One","Seek+1"],"picked":"Creative AI","floor":33},{"not_picked":["Barrage+1","Ball Lightning+1"],"picked":"Glacier+1","floor":35},{"not_picked":["Hologram+1","Stack+1"],"picked":"Coolheaded+1","floor":36},{"not_picked":["Scrape+1","Genetic Algorithm+1"],"picked":"Redo+1","floor":38},{"not_picked":["Coolheaded+1","Leap+1"],"picked":"Conserve Battery+1","floor":39},{"not_picked":["Auto Shields+1","Beam Cell"],"picked":"Reprogram+1","floor":41},{"not_picked":["Gash+1","Conserve Battery+1"],"picked":"Sweeping Beam+1","floor":42},{"not_picked":["Barrage","Compile Driver+1"],"picked":"Fission+1","floor":45},{"not_picked":["Ball Lightning+1","Static Discharge"],"picked":"Rebound+1","floor":46},{"not_picked":["Streamline+1","Leap+1","Go for the Eyes"],"picked":"SKIP","floor":48}],"player_experience":35383,"relics_obtained":[{"floor":7,"key":"Pear"},{"floor":9,"key":"Toxic Egg 2"},{"floor":26,"key":"Tiny Chest"},{"floor":27,"key":"Boot"},{"floor":38,"key":"Bird Faced Urn"},{"floor":41,"key":"Kunai"},{"floor":43,"key":"Orichalcum"},{"floor":46,"key":"Meat on the Bone"},{"floor":48,"key":"Smiling Mask"}],"event_choices":[{"damage_healed":0,"gold_gain":0,"player_choice":"Grow","damage_taken":0,"max_hp_gain":0,"max_hp_loss":0,"event_name":"Living Wall","floor":4,"gold_loss":0,"cards_upgraded":["Zap"]},{"cards_removed":["Strike_B"],"damage_healed":0,"gold_gain":0,"player_choice":"Card Removal","damage_taken":7,"max_hp_gain":0,"max_hp_loss":0,"event_name":"Golden Wing","floor":14,"gold_loss":0},{"damage_healed":0,"gold_gain":90,"player_choice":"CARD GOLD ","damage_taken":24,"max_hp_gain":0,"max_hp_loss":0,"event_name":"Knowing Skull","floor":19,"potions_obtained":[],"gold_loss":0,"cards_obtained":["Good Instincts"]},{"damage_healed":0,"gold_gain":0,"cards_transformed":["Defend_B","Strike_B"],"player_choice":"Became Test Subject","damage_taken":0,"max_hp_gain":0,"max_hp_loss":0,"event_name":"Drug Dealer","floor":31,"gold_loss":0,"cards_obtained":["Static Discharge","Coolheaded"]},{"damage_healed":0,"gold_gain":0,"player_choice":"Fight","damage_taken":0,"max_hp_gain":0,"max_hp_loss":0,"event_name":"MindBloom","floor":38,"gold_loss":0},{"damage_healed":0,"gold_gain":100,"player_choice":"Pray","damage_taken":0,"max_hp_gain":0,"max_hp_loss":0,"event_name":"Golden Shrine","floor":40,"gold_loss":0}],"is_beta":false,"boss_relics":[{"not_picked":["Tiny House","Nuclear Battery"],"picked":"Philosopher\u0027s Stone"},{"not_picked":["Black Star","Cursed Key"],"picked":"Empty Cage"}],"items_purged_floors":[21,37],"is_endless":false,"potions_floor_spawned":[1,2,5,10,18,22,28,33,38,45,46,48],"ascension_level":0}