{"gold_per_floor":[114,129,129,144,33,33,48,78,103,145,172,199,226,49,49,149,149,164,164,179,194,194,224,254,284,339,354,223,223,36,51,51,151,151,166,181,196,0,0,0,15,30,55,85,100,130,130,160,160,160],"floor_reached":51,"playtime":3313,"items_purged":[],"score":1086,"play_id":"1e78f555-8f26-4606-a9aa-1d93dd485f24","local_time":"20190806224026","daily_mods":["Cursed Run","Vintage","Binary"],"is_ascension_mode":false,"campfire_choices":[{"data":"Neutralize","floor":6,"key":"SMITH"},{"data":"Flying Knee","floor":15,"key":"SMITH"},{"floor":29,"key":"REST"},{"floor":32,"key":"REST"},{"data":"Dash","floor":40,"key":"SMITH"},{"floor":49,"key":"REST"}],"neow_cost":"","seed_source_timestamp":0,"circlet_count":0,"master_deck":["Survivor+1","Neutralize+1","Accuracy","Finisher","Dodge and Roll+1","Writhe","Flying Knee+1","Outmaneuver+1","Deflect+1","Caltrops+1","Normality","Burst+1","Distraction+1","Phantasmal Killer+1","All Out Attack","Bullet Time+1","Eviscerate","Malaise+1","Flechettes","Footwork+1","Storm of Steel+1","Pain","Dagger Spray+1","Prepared+1","Cloak And Dagger+1","Dash+1","Flash of Steel+1","Mayhem+1","Tools of the Trade+1","Writhe","Decay","Blur+1","Blade Dance+1","Clumsy","Poisoned Stab","Writhe"],"special_seed":18115,"relics":["Cursed Key","Darkstone Periapt","Du-Vu Doll","Strawberry","Letter Opener","Ninja Scroll","PreservedInsect","Frozen Egg 2","Blood Vial","MawBank","WingedGreaves","Toxic Egg 2","Pear","Question Card","Pandora\u0027s Box","Ancient Tea Set","WarpedTongs","Bottled Lightning","Matryoshka","StoneCalendar","Omamori","Nunchaku","Tiny Chest","Lantern","Mercury Hourglass","Bottled Tornado","Philosopher\u0027s Stone","Boot","Blue Candle","Pen Nib","Red Mask","Whetstone","Sundial","War Paint","Bronze Scales","Vajra","Bottled Flame","Potion Belt","Paper Crane","Kunai"],"potions_floor_usage":[16,41,42],"damage_taken":[{"damage":0,"enemies":"Cultist","floor":1,"turns":5},{"damage":0,"enemies":"2 Louse","floor":2,"turns":4},{"damage":0,"enemies":"Small Slimes","floor":4,"turns":2},{"damage":0,"enemies":"3 Louse","floor":7,"turns":3},{"damage":0,"enemies":"3 Sentries","floor":8,"turns":5},{"damage":6,"enemies":"Lagavulin","floor":10,"turns":5},{"damage":0,"enemies":"Blue Slaver","floor":11,"turns":3},{"damage":0,"enemies":"Exordium Wildlife","floor":12,"turns":1},{"damage":4,"enemies":"Exordium Thugs","floor":13,"turns":5},{"damage":52,"enemies":"Hexaghost","floor":16,"turns":11},{"damage":15,"enemies":"2 Thieves","floor":18,"turns":3},{"damage":11,"enemies":"Chosen","floor":20,"turns":3},{"damage":34,"enemies":"Snake Plant","floor":21,"turns":4},{"damage":9,"enemies":"Book of Stabbing","floor":23,"turns":4},{"damage":10,"enemies":"Gremlin Leader","floor":24,"turns":4},{"damage":25,"enemies":"Book of Stabbing","floor":25,"turns":4},{"damage":2,"enemies":"3 Cultists","floor":27,"turns":3},{"damage":0,"enemies":"Sentry and Sphere","floor":31,"turns":4},{"damage":19,"enemies":"Collector","floor":33,"turns":7},{"damage":24,"enemies":"3 Darklings","floor":35,"turns":3},{"damage":19,"enemies":"3 Shapes","floor":36,"turns":3},{"damage":24,"enemies":"Writhing Mass","floor":37,"turns":5},{"damage":34,"enemies":"Sphere and 2 Shapes","floor":41,"turns":4},{"damage":33,"enemies":"4 Shapes","floor":42,"turns":4},{"damage":7,"enemies":"Giant Head","floor":44,"turns":4},{"damage":9,"enemies":"3 Darklings","floor":45,"turns":3},{"damage":4,"enemies":"Nemesis","floor":46,"turns":3},{"damage":3,"enemies":"Giant Head","floor":48,"turns":5},{"damage":77,"enemies":"Time Eater","floor":50,"turns":8}],"seed_played":"-3482007216513498551","potions_obtained":[{"floor":2,"key":"PowerPotion"},{"floor":11,"key":"PowerPotion"},{"floor":16,"key":"Strength Potion"},{"floor":20,"key":"GamblersBrew"},{"floor":24,"key":"SpeedPotion"},{"floor":27,"key":"FairyPotion"},{"floor":37,"key":"Regen Potion"},{"floor":44,"key":"Energy Potion"},{"floor":48,"key":"Block Potion"}],"is_trial":false,"path_per_floor":["M","M","?","M","$","R","M","E","T","E","M","M","M","$","R","B",null,"M","?","M","M","?","E","E","E","T","M","$","R","$","M","R","B",null,"M","M","M","?","?","R","M","M","T","E","M","E","T","E","R","B",null],"character_chosen":"THE_SILENT","items_purchased":["Accuracy","Finisher","Flying Knee","Outmaneuver+1","Deflect+1","Caltrops+1","Dash","Flash of Steel","Mayhem+1"],"campfire_rested":3,"item_purchase_floors":[5,5,14,14,14,14,28,28,30],"current_hp_per_floor":[77,77,77,77,77,77,77,77,83,77,79,91,89,89,89,45,99,84,90,81,49,54,47,39,16,16,16,16,47,47,49,80,63,105,81,64,42,42,74,74,42,20,26,21,14,12,18,17,53,17],"gold":160,"neow_bonus":"","is_prod":false,"is_daily":true,"chose_seed":false,"campfire_upgraded":3,"win_rate":0,"timestamp":1565145626,"path_taken":["M","M","?","M","$","R","M","E","T","E","M","?","M","$","R","BOSS","M","?","?","M","?","E","E","E","T","?","$","R","?","M","R","BOSS","M","M","M","?","?","R","M","M","T","E","M","E","?","E","R","BOSS"],"build_version":"2019-07-17","purchased_purges":0,"victory":true,"max_hp_per_floor":[77,77,77,77,77,77,77,77,83,83,83,93,93,93,93,99,99,99,105,105,105,105,105,105,105,105,105,105,105,105,105,105,105,105,105,105,105,105,111,111,111,111,117,117,117,117,123,123,123,129],"card_choices":[{"not_picked":["PiercingWail"],"picked":"Dodge and Roll","floor":8},{"not_picked":["Eviscerate","Bane"],"picked":"SKIP","floor":10},{"not_picked":["Doppelganger+1","Grand Finale"],"picked":"Burst+1","floor":16},{"not_picked":["Accuracy+1","Masterful Stab"],"picked":"Dagger Spray","floor":23},{"not_picked":["Noxious Fumes+1","Finisher"],"picked":"Prepared+1","floor":24},{"not_picked":["Dodge and Roll+1","Masterful Stab"],"picked":"Cloak And Dagger+1","floor":25},{"not_picked":["Storm of Steel+1","Malaise+1"],"picked":"Tools of the Trade+1","floor":33},{"not_picked":["Quick Slash","Acrobatics+1"],"picked":"Blur+1","floor":44},{"not_picked":["Reflex+1","Setup+1"],"picked":"Blade Dance+1","floor":46},{"not_picked":["Corpse Explosion+1","Deadly Poison+1"],"picked":"Poisoned Stab","floor":48}],"player_experience":86869,"relics_obtained":[{"floor":1,"key":"Strawberry"},{"floor":2,"key":"Letter Opener"},{"floor":4,"key":"PreservedInsect"},{"floor":7,"key":"Frozen Egg 2"},{"floor":8,"key":"Blood Vial"},{"floor":9,"key":"MawBank"},{"floor":10,"key":"WingedGreaves"},{"floor":11,"key":"Toxic Egg 2"},{"floor":12,"key":"Pear"},{"floor":13,"key":"Question Card"},{"floor":18,"key":"Ancient Tea Set"},{"floor":20,"key":"Bottled Lightning"},{"floor":21,"key":"Matryoshka"},{"floor":23,"key":"StoneCalendar"},{"floor":24,"key":"Omamori"},{"floor":25,"key":"Nunchaku"},{"floor":26,"key":"Tiny Chest"},{"floor":26,"key":"Lantern"},{"floor":27,"key":"Mercury Hourglass"},{"floor":31,"key":"Bottled Tornado"},{"floor":35,"key":"Boot"},{"floor":36,"key":"Blue Candle"},{"floor":37,"key":"Pen Nib"},{"floor":41,"key":"Whetstone"},{"floor":42,"key":"Sundial"},{"floor":43,"key":"War Paint"},{"floor":43,"key":"Bronze Scales"},{"floor":44,"key":"Vajra"},{"floor":45,"key":"Bottled Flame"},{"floor":46,"key":"Potion Belt"},{"floor":47,"key":"Paper Crane"},{"floor":48,"key":"Kunai"}],"event_choices":[{"damage_healed":0,"gold_gain":0,"player_choice":"Gave Potion","damage_taken":0,"relics_obtained":["Ninja Scroll"],"max_hp_gain":0,"max_hp_loss":0,"event_name":"WeMeetAgain","floor":3,"gold_loss":0},{"damage_healed":0,"gold_gain":0,"player_choice":"Rummage","damage_taken":0,"relics_obtained":["WarpedTongs"],"max_hp_gain":0,"max_hp_loss":0,"event_name":"Accursed Blacksmith","floor":19,"gold_loss":0,"cards_obtained":["Pain"]},{"cards_removed":["Outmaneuver"],"damage_healed":5,"gold_gain":0,"player_choice":"Offered Common","damage_taken":0,"max_hp_gain":0,"max_hp_loss":0,"event_name":"Bonfire Elementals","floor":22,"gold_loss":0},{"cards_removed":["Outmaneuver"],"damage_healed":5,"gold_gain":0,"player_choice":"Offered Special","damage_taken":0,"max_hp_gain":0,"max_hp_loss":0,"event_name":"Bonfire Elementals","floor":22,"gold_loss":0},{"damage_healed":0,"gold_gain":0,"player_choice":"Paid","damage_taken":0,"relics_obtained":["Red Mask"],"max_hp_gain":0,"max_hp_loss":0,"event_name":"Tomb of Lord Red Mask","floor":38,"gold_loss":196},{"damage_healed":26,"gold_gain":0,"player_choice":"Writhe","damage_taken":0,"max_hp_gain":0,"max_hp_loss":0,"event_name":"Winding Halls","floor":39,"gold_loss":0,"cards_obtained":["Writhe"]}],"is_beta":false,"boss_relics":[{"not_picked":["Busted Crown","Calling Bell"],"picked":"Pandora\u0027s Box"},{"not_picked":["Velvet Choker","Fusion Hammer"],"picked":"Philosopher\u0027s Stone"}],"items_purged_floors":[],"is_endless":false,"potions_floor_spawned":[2,11,16,20,24,27,31,35,37,44,48],"ascension_level":0}