{"gold_per_floor":[119,133,133,152,132,160,180,180,205,205,240,260,260],"floor_reached":13,"playtime":891,"items_purged":[],"score":124,"play_id":"d77549bd-dfa0-4765-a7d4-4d26b97278e7","local_time":"20190714203000","is_ascension_mode":true,"campfire_choices":[{"floor":8,"key":"REST"},{"data":"Echo Form","floor":10,"key":"SMITH"}],"neow_cost":"NONE","seed_source_timestamp":176472598397100,"circlet_count":0,"master_deck":["Strike_B","Strike_B","Strike_B","Defend_B","Defend_B","Defend_B","Defend_B","Zap","Dualcast","Echo Form+1","Sweeping Beam","Genetic Algorithm","Consume","Heatsinks","Ball Lightning","Conserve Battery","Doom and Gloom"],"relics":["Cracked Core","Potion Belt","Ancient Tea Set","Centennial Puzzle"],"potions_floor_usage":[11,12],"damage_taken":[{"damage":4,"enemies":"2 Louse","floor":1,"turns":2},{"damage":11,"enemies":"Cultist","floor":2,"turns":4},{"damage":2,"enemies":"Jaw Worm","floor":4,"turns":4},{"damage":30,"enemies":"3 Sentries","floor":6,"turns":7},{"damage":14,"enemies":"Looter","floor":7,"turns":4},{"damage":5,"enemies":"Lagavulin","floor":11,"turns":6},{"damage":11,"enemies":"3 Louse","floor":12,"turns":4},{"damage":22,"enemies":"Gremlin Nob","floor":13,"turns":3}],"seed_played":"-6480073076764971828","potions_obtained":[{"floor":4,"key":"Regen Potion"},{"floor":5,"key":"EntropicBrew"},{"floor":6,"key":"PowerPotion"},{"floor":11,"key":"Fire Potion"},{"floor":12,"key":"SpeedPotion"}],"is_trial":false,"path_per_floor":["M","M","?","M","?","E","M","R","T","R","E","M","E"],"character_chosen":"DEFECT","items_purchased":[],"campfire_rested":1,"item_purchase_floors":[],"current_hp_per_floor":[64,53,53,51,51,21,7,29,29,29,24,22,0],"gold":260,"neow_bonus":"ONE_RANDOM_RARE_CARD","is_prod":false,"is_daily":false,"chose_seed":false,"campfire_upgraded":1,"win_rate":0,"timestamp":1563150600,"path_taken":["M","M","?","?","?","E","M","R","T","R","E","M","E"],"build_version":"2019-07-05","purchased_purges":0,"victory":false,"max_hp_per_floor":[75,75,75,75,75,75,75,75,75,75,75,75,75],"card_choices":[{"not_picked":["Compile Driver","Coolheaded"],"picked":"Sweeping Beam","floor":1},{"not_picked":["Fusion","Defragment"],"picked":"Genetic Algorithm","floor":2},{"not_picked":["Chaos","Darkness"],"picked":"Consume","floor":4},{"not_picked":["Tempest","Steam"],"picked":"Heatsinks","floor":6},{"not_picked":["Storm","Tempest"],"picked":"Ball Lightning","floor":7},{"not_picked":["Force Field","Hologram"],"picked":"Conserve Battery","floor":11},{"not_picked":["Leap","Barrage"],"picked":"Doom and Gloom","floor":12}],"player_experience":478301,"relics_obtained":[{"floor":6,"key":"Potion Belt"},{"floor":9,"key":"Ancient Tea Set"},{"floor":11,"key":"Centennial Puzzle"}],"event_choices":[{"cards_removed":["Strike_B"],"damage_healed":0,"gold_gain":0,"player_choice":"Purged","damage_taken":0,"max_hp_gain":0,"max_hp_loss":0,"event_name":"Purifier","floor":3,"gold_loss":0},{"damage_healed":0,"gold_gain":0,"player_choice":"Bought 1 Potion","damage_taken":0,"max_hp_gain":0,"max_hp_loss":0,"event_name":"The Woman in Blue","floor":5,"gold_loss":0}],"is_beta":false,"boss_relics":[],"items_purged_floors":[],"is_endless":false,"potions_floor_spawned":[4,6,11,12],"killed_by":"Gremlin Nob","ascension_level":6}