{"gold_per_floor":[113,113,125,144,154,154,185,185,185,27,45,62,92,110,110,187,187,200,213,213,233,91,91,91],"floor_reached":24,"playtime":1641,"items_purged":["Pain"],"score":420,"play_id":"87832d74-f64d-483d-9ec4-d5d5495974c8","local_time":"20190718214604","is_ascension_mode":true,"campfire_choices":[{"data":"Perfected Strike","floor":6,"key":"SMITH"},{"data":"Impervious","floor":8,"key":"SMITH"},{"data":"Demon Form","floor":15,"key":"SMITH"},{"data":"Evolve","floor":23,"key":"SMITH"}],"neow_cost":"NONE","seed_source_timestamp":8169540357822,"circlet_count":0,"master_deck":["AscendersBane","Strike_R","Strike_R","Strike_R","Strike_R","Strike_R","Defend_R","Defend_R","Defend_R","Defend_R","Bash+1","Perfected Strike+1","Pommel Strike","Thunderclap","Impervious+1","Cleave","Evolve+1","Battle Trance","Perfected Strike","Demon Form+1","Clothesline","Limit Break","Shockwave+1","Shrug It Off","Feed","Perfected Strike"],"relics":["Burning Blood","WarpedTongs","Paper Frog","Gambling Chip","Ice Cream","Mark of Pain"],"potions_floor_usage":[16,24,24],"damage_taken":[{"damage":4,"enemies":"2 Louse","floor":1,"turns":4},{"damage":2,"enemies":"Cultist","floor":3,"turns":3},{"damage":7,"enemies":"Small Slimes","floor":4,"turns":3},{"damage":8,"enemies":"Looter","floor":5,"turns":3},{"damage":30,"enemies":"Gremlin Nob","floor":7,"turns":4},{"damage":0,"enemies":"3 Louse","floor":11,"turns":3},{"damage":0,"enemies":"Exordium Wildlife","floor":12,"turns":4},{"damage":10,"enemies":"Lagavulin","floor":13,"turns":5},{"damage":12,"enemies":"Large Slime","floor":14,"turns":6},{"damage":24,"enemies":"Slime Boss","floor":16,"turns":5},{"damage":0,"enemies":"Chosen","floor":18,"turns":3},{"damage":24,"enemies":"Shell Parasite","floor":19,"turns":4},{"damage":12,"enemies":"Snake Plant","floor":21,"turns":4},{"damage":52,"enemies":"Gremlin Leader","floor":24,"turns":4}],"seed_played":"-2449981411675626066","potions_obtained":[{"floor":5,"key":"LiquidBronze"},{"floor":7,"key":"Swift Potion"},{"floor":14,"key":"FearPotion"},{"floor":18,"key":"FearPotion"},{"floor":20,"key":"Block Potion"}],"is_trial":false,"path_per_floor":["M","?","M","M","M","R","E","R","T","$","M","M","E","M","R","B",null,"M","M","?","M","$","R","E"],"character_chosen":"IRONCLAD","items_purchased":["Evolve","Feed","Perfected Strike"],"campfire_rested":0,"item_purchase_floors":[10,22,22],"current_hp_per_floor":[70,70,74,73,71,71,47,47,47,47,53,59,55,49,49,31,64,70,52,52,46,46,46,0],"gold":91,"neow_bonus":"UPGRADE_CARD","is_prod":false,"is_daily":false,"chose_seed":false,"campfire_upgraded":4,"win_rate":0,"timestamp":1563500764,"path_taken":["M","?","?","M","M","R","E","R","T","$","M","M","E","M","R","BOSS","M","M","?","M","$","R","E"],"build_version":"2019-07-17","purchased_purges":1,"victory":false,"max_hp_per_floor":[75,75,75,75,75,75,75,75,75,75,75,75,75,75,75,75,75,75,75,75,75,75,75,75],"card_choices":[{"not_picked":["Heavy Blade","Cleave"],"picked":"Perfected Strike","floor":1},{"not_picked":["Heavy Blade","Thunderclap"],"picked":"Pommel Strike","floor":3},{"not_picked":["Havoc","Second Wind"],"picked":"Thunderclap","floor":4},{"not_picked":["Power Through","Flex"],"picked":"Impervious","floor":5},{"not_picked":["Dual Wield","Anger"],"picked":"Cleave","floor":7},{"not_picked":["Sword Boomerang","Body Slam"],"picked":"Battle Trance","floor":11},{"not_picked":["Wild Strike","Entrench"],"picked":"Perfected Strike","floor":12},{"not_picked":["Hemokinesis","Heavy Blade"],"picked":"Demon Form","floor":13},{"not_picked":["Flame Barrier","Heavy Blade"],"picked":"Clothesline","floor":14},{"not_picked":["Bludgeon","Demon Form"],"picked":"Limit Break","floor":16},{"not_picked":["Twin Strike","Thunderclap"],"picked":"Shockwave+1","floor":18},{"not_picked":["Cleave","Burning Pact"],"picked":"Shrug It Off","floor":19},{"not_picked":["Armaments","Inflame","Thunderclap"],"picked":"SKIP","floor":21}],"player_experience":2506628,"relics_obtained":[{"floor":7,"key":"Paper Frog"},{"floor":9,"key":"Gambling Chip"},{"floor":13,"key":"Ice Cream"}],"event_choices":[{"damage_healed":0,"gold_gain":0,"player_choice":"Rummage","damage_taken":0,"relics_obtained":["WarpedTongs"],"max_hp_gain":0,"max_hp_loss":0,"event_name":"Accursed Blacksmith","floor":2,"gold_loss":0,"cards_obtained":["Pain"]},{"damage_healed":0,"gold_gain":0,"player_choice":"Got Potions","damage_taken":0,"max_hp_gain":0,"max_hp_loss":0,"event_name":"Lab","floor":20,"gold_loss":0}],"is_beta":false,"boss_relics":[{"not_picked":["Runic Dome","Eternal Feather"],"picked":"Mark of Pain"}],"items_purged_floors":[10],"is_endless":false,"potions_floor_spawned":[5,7,13,14,18],"killed_by":"Gremlin Leader","ascension_level":20}