{"gold_per_floor":[211,211,235,54,75,75,114,114,141,141,182,203,237,261,261,357,357,357,357,3,0,0,0,0,0,0,0,0,0,0,0,0,0,0,0,0,0,0,0,0],"floor_reached":40,"playtime":2436,"items_purged":["Strike_G"],"score":787,"play_id":"9223b314-63c6-442e-8d8b-5be7bb65c59c","local_time":"20190712071447","is_ascension_mode":true,"campfire_choices":[{"data":"Endless Agony","floor":6.0,"key":"SMITH"},{"floor":10.0,"key":"REST"},{"floor":15.0,"key":"REST"},{"floor":23.0,"key":"REST"},{"floor":30.0,"key":"REST"},{"data":"Catalyst","floor":32.0,"key":"SMITH"}],"neow_cost":"NONE","seed_source_timestamp":0,"circlet_count":0,"master_deck":["AscendersBane","Strike_G","Strike_G","Strike_G","Defend_G","Defend_G","Defend_G","Defend_G","Defend_G","Survivor","Neutralize","Endless Agony+1","Deadly Poison","Sucker Punch","Bane","Backflip","Deflect","Dagger Throw","Blur","Neutralize","After Image","Dagger Throw","Poisoned Stab","PiercingWail","After Image","Bouncing Flask","Backstab","Footwork","Dodge and Roll","Well Laid Plans","Backflip","Catalyst+1","Footwork","Footwork","Malaise","PiercingWail"],"special_seed":0,"relics":["Ring of the Snake","Golden Idol","Oddly Smooth Stone","Vajra","Girya","Du-Vu Doll","Ectoplasm","Incense Burner","Boot","Velvet Choker"],"potions_floor_usage":[],"damage_taken":[{"damage":7.0,"enemies":"Jaw Worm","floor":1.0,"turns":6.0},{"damage":0.0,"enemies":"Cultist","floor":3.0,"turns":4.0},{"damage":0.0,"enemies":"2 Louse","floor":5.0,"turns":3.0},{"damage":18.0,"enemies":"Lagavulin","floor":7.0,"turns":6.0},{"damage":13.0,"enemies":"Gremlin Nob","floor":11.0,"turns":4.0},{"damage":3.0,"enemies":"Gremlin Gang","floor":12.0,"turns":4.0},{"damage":13.0,"enemies":"3 Sentries","floor":13.0,"turns":7.0},{"damage":3.0,"enemies":"Exordium Thugs","floor":14.0,"turns":3.0},{"damage":25.0,"enemies":"Slime Boss","floor":16.0,"turns":12.0},{"damage":8.0,"enemies":"Spheric Guardian","floor":18.0,"turns":5.0},{"damage":14.0,"enemies":"2 Thieves","floor":21.0,"turns":4.0},{"damage":0.0,"enemies":"Centurion and Healer","floor":22.0,"turns":6.0},{"damage":2.0,"enemies":"3 Cultists","floor":24.0,"turns":6.0},{"damage":11.0,"enemies":"Shelled Parasite and Fungi","floor":25.0,"turns":7.0},{"damage":0.0,"enemies":"Centurion and Healer","floor":27.0,"turns":7.0},{"damage":13.0,"enemies":"3 Cultists","floor":28.0,"turns":6.0},{"damage":2.0,"enemies":"Snake Plant","floor":29.0,"turns":4.0},{"damage":0.0,"enemies":"Centurion and Healer","floor":31.0,"turns":7.0},{"damage":21.0,"enemies":"Collector","floor":33.0,"turns":13.0},{"damage":16.0,"enemies":"3 Shapes","floor":35.0,"turns":6.0},{"damage":6.0,"enemies":"3 Darklings","floor":39.0,"turns":12.0},{"damage":34,"enemies":"Reptomancer","floor":40,"turns":5}],"seed_played":"4552949941397596468","potions_obtained":[{"floor":1.0,"key":"Block Potion"},{"floor":5.0,"key":"EssenceOfSteel"},{"floor":13.0,"key":"GamblersBrew"},{"floor":14.0,"key":"GamblersBrew"},{"floor":21.0,"key":"EssenceOfSteel"},{"floor":24.0,"key":"Swift Potion"}],"is_trial":false,"path_per_floor":["M","?","M","$","M","R","E","?","T","R","E","M","E","M","R","B",null,"M","?","$","M","M","R","M","M","T","M","M","M","R","M","R","B",null,"M","?","?","?","M","E"],"character_chosen":"THE_SILENT","items_purchased":["Sucker Punch","Bane","Incense Burner","Footwork"],"campfire_rested":4,"item_purchase_floors":[4,4,20,20],"current_hp_per_floor":[52,52,52,52,52,52,34,34,34,52,39,36,23,20,38,13,48,40,40,40,26,26,44,42,31,31,31,18,16,34,34,34,13,48,32,32,32,32,26,0],"gold":0,"neow_bonus":"HUNDRED_GOLD","is_prod":false,"is_daily":false,"chose_seed":false,"campfire_upgraded":2,"win_rate":0,"timestamp":1562933687,"path_taken":["M","?","M","$","M","R","E","?","T","R","E","?","E","M","R","BOSS","M","?","$","M","M","R","M","M","T","M","?","M","R","M","R","BOSS","M","?","?","?","M","E"],"build_version":"2019-07-05","purchased_purges":1,"victory":false,"max_hp_per_floor":[66,60,60,60,60,60,60,60,60,60,60,60,60,60,60,60,60,60,60,60,60,60,60,60,60,60,60,60,60,60,60,60,60,60,60,60,60,60,60,60],"card_choices":[{"not_picked":["Dagger Throw","Escape Plan"],"picked":"Endless Agony","floor":1.0},{"not_picked":["All Out Attack","Outmaneuver"],"picked":"Deadly Poison","floor":3.0},{"not_picked":["Cloak And Dagger","Noxious Fumes"],"picked":"Backflip","floor":5.0},{"not_picked":["Acrobatics","Slice"],"picked":"Deflect","floor":7.0},{"not_picked":["Accuracy","Crippling Poison"],"picked":"After Image","floor":11.0},{"not_picked":["Skewer","Finisher"],"picked":"Dagger Throw","floor":12.0},{"not_picked":["Dash","Tools of the Trade"],"picked":"Poisoned Stab","floor":13.0},{"not_picked":["Blade Dance","Finisher"],"picked":"PiercingWail","floor":14.0},{"not_picked":["Venomology","Phantasmal Killer"],"picked":"After Image","floor":16.0},{"not_picked":["Riddle With Holes","Poisoned Stab"],"picked":"Bouncing Flask","floor":18.0},{"not_picked":["Accuracy","Choke"],"picked":"Dodge and Roll","floor":21.0},{"not_picked":["Skewer","Dagger Spray"],"picked":"Well Laid Plans","floor":22.0},{"not_picked":["Heel Hook","Accuracy+1"],"picked":"Backflip","floor":24.0},{"not_picked":["Bane","Concentrate","Expertise"],"picked":"SKIP","floor":25.0},{"not_picked":["Dagger Spray+1","Deadly Poison"],"picked":"Catalyst","floor":27.0},{"not_picked":["Outmaneuver","Dagger Throw"],"picked":"Footwork","floor":28.0},{"not_picked":["Bane","Eviscerate"],"picked":"Footwork","floor":29.0},{"not_picked":["Quick Slash","Sucker Punch"],"picked":"Caltrops","floor":31.0},{"not_picked":["Envenom","Unload"],"picked":"Malaise","floor":33.0},{"not_picked":["Distraction","Dagger Spray"],"picked":"PiercingWail","floor":35.0},{"not_picked":["Dagger Spray","Quick Slash+1","Poisoned Stab"],"picked":"SKIP","floor":39.0}],"player_experience":168602,"relics_obtained":[{"floor":7.0,"key":"Oddly Smooth Stone"},{"floor":9.0,"key":"Vajra"},{"floor":11.0,"key":"Girya"},{"floor":13.0,"key":"Du-Vu Doll"},{"floor":26.0,"key":"Boot"}],"event_choices":[{"damage_healed":0.0,"max_hp_gain":0.0,"max_hp_loss":6.0,"gold_gain":0.0,"event_name":"Golden Idol","player_choice":"Lose Max HP","floor":2.0,"gold_loss":0.0,"damage_taken":0.0,"relics_obtained":["Golden Idol"]},{"damage_healed":0.0,"max_hp_gain":0.0,"max_hp_loss":0.0,"gold_gain":0.0,"event_name":"Match and Keep!","player_choice":"3 cards matched","floor":8.0,"gold_loss":0.0,"damage_taken":0.0,"cards_obtained":["Dagger Throw","Blur","Neutralize"]},{"damage_healed":0.0,"max_hp_gain":0.0,"max_hp_loss":0.0,"gold_gain":0.0,"cards_transformed":["Strike_G"],"event_name":"Transmorgrifier","player_choice":"Transformed","floor":19.0,"gold_loss":0.0,"damage_taken":0.0,"cards_obtained":["Backstab"]},{"damage_healed":0.0,"max_hp_gain":0.0,"max_hp_loss":0.0,"gold_gain":0.0,"event_name":"The Moai Head","player_choice":"Ignored","floor":36.0,"gold_loss":0.0,"damage_taken":0.0},{"cards_removed":["Caltrops"],"damage_healed":0.0,"max_hp_gain":0.0,"max_hp_loss":0.0,"gold_gain":0.0,"event_name":"Falling","player_choice":"Removed Power","floor":37.0,"gold_loss":0.0,"damage_taken":0.0},{"damage_healed":0.0,"max_hp_gain":0.0,"max_hp_loss":0.0,"gold_gain":0.0,"event_name":"Mysterious Sphere","player_choice":"Ignored","floor":38.0,"gold_loss":0.0,"damage_taken":0.0}],"is_beta":false,"boss_relics":[{"not_picked":["Ring of the Serpent","Fusion Hammer"],"picked":"Ectoplasm"},{"not_picked":["Pandora\u0027s Box","Coffee Dripper"],"picked":"Velvet Choker"}],"items_purged_floors":[4],"is_endless":false,"potions_floor_spawned":[1,5,13,14,21,22,24,25,29],"killed_by":"Reptomancer","ascension_level":17}