{"gold_per_floor":[113,127,52,62,72,72,88,88,88,88,107,107,107,118,118,118],"floor_reached":16,"playtime":1311,"items_purged":["Defend_R"],"score":94,"play_id":"e892263d-f221-4409-9f9d-f01c66178c44","local_time":"20190412174504","is_ascension_mode":false,"campfire_choices":[{"data":"Shrug It Off","floor":6,"key":"SMITH"},{"data":"Iron Wave","floor":8,"key":"SMITH"},{"data":"Warcry","floor":13,"key":"SMITH"},{"data":"Bash","floor":15,"key":"SMITH"}],"neow_cost":"PERCENT_DAMAGE","seed_source_timestamp":31474693935611,"circlet_count":0,"master_deck":["Strike_R","Strike_R","Strike_R","Defend_R","Defend_R","Defend_R","Bash+1","Flex","Iron Wave+1","Shrug It Off+1","Warcry+1","Feed+1"],"relics":["Burning Blood","Molten Egg 2"],"potions_floor_usage":[7],"damage_taken":[{"damage":0,"enemies":"2 Louse","floor":1,"turns":4},{"damage":0,"enemies":"Small Slimes","floor":2,"turns":3},{"damage":0,"enemies":"Jaw Worm","floor":4,"turns":5},{"damage":3,"enemies":"Red Slaver","floor":5,"turns":4},{"damage":20,"enemies":"Gremlin Gang","floor":7,"turns":5},{"damage":11,"enemies":"Exordium Wildlife","floor":11,"turns":7},{"damage":8,"enemies":"Exordium Thugs","floor":14,"turns":9},{"damage":67,"enemies":"Slime Boss","floor":16,"turns":13}],"seed_played":"9169076424833645990","potions_obtained":[{"floor":2,"key":"AttackPotion"},{"floor":5,"key":"Ancient Potion"}],"is_trial":false,"path_per_floor":["M","M","$","M","M","R","M","R","T","$","M","?","R","M","R","B"],"character_chosen":"IRONCLAD","items_purchased":[],"campfire_rested":0,"item_purchase_floors":[],"current_hp_per_floor":[62,68,68,74,77,77,63,63,63,63,58,63,63,61,61,0],"gold":118,"neow_bonus":"TRANSFORM_TWO_CARDS","is_prod":false,"is_daily":false,"chose_seed":false,"campfire_upgraded":4,"win_rate":0.0,"timestamp":1555083904,"path_taken":["M","M","$","M","M","R","M","R","T","$","M","?","R","M","R","BOSS"],"build_version":"2019-01-23","purchased_purges":1,"victory":false,"max_hp_per_floor":[80,80,80,80,80,80,80,80,80,80,80,85,85,85,85,85],"card_choices":[{"not_picked":["Cleave","Pommel Strike","Shrug It Off"],"picked":"SKIP","floor":1},{"not_picked":["Twin Strike","Hemokinesis"],"picked":"Shrug It Off","floor":2},{"not_picked":["Cleave","Infernal Blade","Clothesline"],"picked":"SKIP","floor":4},{"not_picked":["True Grit","Sword Boomerang","Combust"],"picked":"SKIP","floor":5},{"not_picked":["Ghostly Armor","Reckless Charge"],"picked":"Warcry","floor":7},{"not_picked":["Rage","Sword Boomerang+1","Anger+1"],"picked":"SKIP","floor":11},{"not_picked":["Burning Pact","Fire Breathing"],"picked":"Feed+1","floor":14}],"player_experience":100723,"relics_obtained":[{"floor":9,"key":"Molten Egg 2"}],"event_choices":[{"damage_healed":0,"gold_gain":0,"player_choice":"Donut","damage_taken":0,"max_hp_gain":5,"max_hp_loss":0,"event_name":"Big Fish","floor":12,"gold_loss":0}],"is_beta":false,"boss_relics":[],"items_purged_floors":[3],"is_endless":false,"potions_floor_spawned":[2,5],"killed_by":"Slime Boss","ascension_level":0}