{"gold_per_floor":[110,129,147,167,167,167,199,164,164,164,164,10,41,58,58,156,156,167,167,181,192,209,209,225,239,292,311,327,327,337,436,436,534,534,553,566,566,566,4,34,46,62,88,102,127,127,127,138,138,138],"floor_reached":50,"playtime":4585,"items_purged":[],"score":645,"play_id":"41905637-5b2d-4518-b3a1-de09c50ccbbf","local_time":"20180723113607","is_ascension_mode":false,"campfire_choices":[{"data":"Bouncing Flask","floor":6.0,"key":"SMITH"},{"data":"Poisoned Stab","floor":11.0,"key":"SMITH"},{"floor":15.0,"key":"REST"},{"data":"Wraith Form v2","floor":23.0,"key":"SMITH"},{"data":"Survivor","floor":32.0,"key":"SMITH"},{"data":"Tactician","floor":46,"key":"SMITH"},{"data":"Mind Blast","floor":49,"key":"SMITH"}],"neow_cost":"","seed_source_timestamp":0,"circlet_count":0,"master_deck":["Defend_G","Defend_G","Defend_G","Defend_G","Defend_G","Strike_G","Strike_G","Strike_G","Survivor+1","Neutralize","Bouncing Flask+1","PiercingWail","Tactician+1","Underhanded Strike","Poisoned Stab+1","Wraith Form v2+1","Crippling Poison+1","Noxious Fumes","Bouncing Flask+1","Dodge and Roll+1","Corpse Explosion+1","Bane+1","Prepared+1","Poisoned Stab","Catalyst+1","Eviscerate+1","Backflip+1","Outmaneuver+1","Bullet Time+1","Backstab+1","Doppelganger+1","Crippling Poison+1","Prepared+1","Infinite Blades+1","Reflex+1","PiercingWail+1","Eviscerate","After Image+1","Masterful Stab+1","Calculated Gamble+1","Catalyst+1","Magnetism+1","Deep Breath+1","Mind Blast+1","Skewer+1"],"special_seed":0,"relics":["Ring of the Snake","The Specimen","Toxic Egg 2","Question Card","Mummified Hand","Coffee Dripper","Blood Vial","Snake Skull","Runic Pyramid","Frozen Egg 2","Pen Nib","Letter Opener","Orichalcum","Boot"],"potions_floor_usage":[40,45,50,50],"damage_taken":[{"damage":0.0,"enemies":"Cultist","floor":1.0,"turns":4.0},{"damage":12.0,"enemies":"2 Louse","floor":2.0,"turns":2.0},{"damage":9.0,"enemies":"Small Slimes","floor":3.0,"turns":4.0},{"damage":6.0,"enemies":"Looter","floor":4.0,"turns":4.0},{"damage":29.0,"enemies":"Gremlin Nob","floor":7.0,"turns":4.0},{"damage":13.0,"enemies":"Lagavulin","floor":13.0,"turns":5.0},{"damage":0.0,"enemies":"2 Fungi Beasts","floor":14.0,"turns":4.0},{"damage":21.0,"enemies":"The Guardian","floor":16.0,"turns":9.0},{"damage":8.0,"enemies":"2 Thieves","floor":18.0,"turns":3.0},{"damage":1.0,"enemies":"Shell Parasite","floor":20.0,"turns":4.0},{"damage":27.0,"enemies":"Snake Plant","floor":21.0,"turns":3.0},{"damage":20.0,"enemies":"Centurion and Healer","floor":22.0,"turns":3.0},{"damage":4.0,"enemies":"Sentry and Sphere","floor":24.0,"turns":5.0},{"damage":2.0,"enemies":"Slaver and Parasite","floor":25.0,"turns":5.0},{"damage":0.0,"enemies":"3 Cultists","floor":27.0,"turns":2.0},{"damage":6.0,"enemies":"Centurion and Healer","floor":28.0,"turns":3.0},{"damage":15.0,"enemies":"Snake Plant","floor":30.0,"turns":2.0},{"damage":0.0,"enemies":"Champ","floor":33.0,"turns":8.0},{"damage":0,"enemies":"3 Shapes","floor":35,"turns":2},{"damage":35,"enemies":"3 Darklings","floor":36,"turns":4},{"damage":1,"enemies":"Nemesis","floor":40,"turns":3},{"damage":9,"enemies":"Sphere and 2 Shapes","floor":41,"turns":3},{"damage":6,"enemies":"Flame Bruiser 2 Orb","floor":42,"turns":3},{"damage":7,"enemies":"4 Shapes","floor":44,"turns":3},{"damage":0,"enemies":"Giant Head","floor":45,"turns":5},{"damage":25,"enemies":"Spire Growth","floor":48,"turns":4},{"damage":26,"enemies":"Time Eater","floor":50,"turns":3}],"seed_played":"-5633313056474246207","potions_obtained":[{"floor":1.0,"key":"Swift Potion"},{"floor":2.0,"key":"AttackPotion"},{"floor":16.0,"key":"SteroidPotion"},{"floor":22.0,"key":"Block Potion"},{"floor":25.0,"key":"EssenceOfSteel"},{"floor":27.0,"key":"Energy Potion"},{"floor":33.0,"key":"PowerPotion"},{"floor":41,"key":"EssenceOfSteel"}],"is_trial":false,"path_per_floor":["M","M","M","M","?","R","E","?","T","?","R","$","E","M","R","B",null,"M","?","M","M","M","R","M","M","T","M","M","?","M","?","R","B",null,"M","M","?","?","$","E","M","M","T","M","E","R","?","M","R"],"character_chosen":"THE_SILENT","items_purchased":["Crippling Poison+1","Noxious Fumes","Frozen Egg 2","Pen Nib","Infinite Blades+1","Reflex+1","PiercingWail+1"],"campfire_rested":1,"item_purchase_floors":[12,12,39,39,39,39,39],"current_hp_per_floor":[70,58,49,43,43,43,14,31,31,24,24,24,11,11,32,11,70,62,62,63,38,20,20,18,18,18,20,16,16,3,3,3,5,70,70,35,70,70,70,69,61,57,57,52,54,54,44,21,21,0],"gold":138,"neow_bonus":"","is_prod":false,"is_daily":false,"chose_seed":false,"campfire_upgraded":6,"win_rate":0.0,"timestamp":1532342167,"path_taken":["M","M","?","M","?","R","E","?","T","?","R","$","E","M","R","BOSS","M","?","M","M","?","R","M","?","T","M","M","?","M","?","R","BOSS","M","M","?","?","$","E","M","M","T","M","E","R","?","M","R","BOSS"],"build_version":"2018-07-19v2","purchased_purges":0,"victory":false,"max_hp_per_floor":[70,70,70,70,70,70,70,70,70,70,70,70,70,70,70,70,70,70,70,70,70,70,70,70,70,70,70,70,70,70,70,70,70,70,70,70,70,70,70,70,70,70,70,70,70,70,70,70,70,70],"card_choices":[{"not_picked":["Escape Plan","Bane"],"picked":"Bouncing Flask","floor":1.0},{"not_picked":["Sucker Punch","Bane"],"picked":"PiercingWail","floor":2.0},{"not_picked":["Sucker Punch","Crippling Poison"],"picked":"Tactician","floor":3.0},{"not_picked":["Blur","Flying Knee"],"picked":"Underhanded Strike","floor":4.0},{"not_picked":["Terror","Expertise"],"picked":"Wraith Form v2","floor":7.0},{"not_picked":["Sucker Punch","Calculated Gamble+1","Reflex+1"],"picked":"Bouncing Flask+1","floor":13.0},{"not_picked":["Bane","Well Laid Plans","Dagger Spray"],"picked":"Dodge and Roll+1","floor":14.0},{"not_picked":["Venomology+1","Doppelganger+1","Malaise+1"],"picked":"Corpse Explosion+1","floor":16.0},{"not_picked":["Noxious Fumes","Quick Slash","Riddle With Holes"],"picked":"Bane+1","floor":18.0},{"not_picked":["Terror+1","Blur+1","Blade Dance+1"],"picked":"Prepared+1","floor":20.0},{"not_picked":["Quick Slash","Flying Knee","Prepared+1"],"picked":"Poisoned Stab","floor":21.0},{"not_picked":["After Image","Flechettes","Predator+1"],"picked":"Catalyst+1","floor":22.0},{"not_picked":["Deflect+1","Endless Agony","Prepared+1"],"picked":"Eviscerate+1","floor":24.0},{"not_picked":["All Out Attack","Masterful Stab","Dagger Spray"],"picked":"Terror+1","floor":25.0},{"not_picked":["Bane+1","Deflect+1","Flying Knee+1"],"picked":"Backflip+1","floor":27.0},{"not_picked":["Heel Hook","Dagger Throw","Poisoned Stab"],"picked":"Outmaneuver+1","floor":28.0},{"not_picked":["Acrobatics+1","Outmaneuver+1","Dagger Spray"],"picked":"Backstab+1","floor":30.0},{"not_picked":["Phantasmal Killer+1","Burst+1","After Image"],"picked":"Doppelganger+1","floor":33.0},{"not_picked":["Dodge and Roll+1","Prepared+1","Distraction+1"],"picked":"Crippling Poison+1","floor":35},{"not_picked":["Sucker Punch+1","Escape Plan+1","Backstab"],"picked":"Prepared+1","floor":36},{"not_picked":["Well Laid Plans+1","Bane+1","Deadly Poison+1"],"picked":"Eviscerate","floor":40},{"not_picked":["PiercingWail+1","Acrobatics+1","Well Laid Plans+1"],"picked":"After Image+1","floor":41},{"not_picked":["Acrobatics+1","Dodge and Roll+1","Bane+1"],"picked":"Masterful Stab+1","floor":42},{"not_picked":["Dodge and Roll+1","Deadly Poison+1","Bane"],"picked":"Calculated Gamble+1","floor":44},{"not_picked":["After Image+1","Prepared+1","Reflex+1"],"picked":"Catalyst+1","floor":45},{"not_picked":["Purity+1","Jack Of All Trades+1","Dark Shackles+1"],"picked":"Magnetism+1","floor":47},{"not_picked":["Madness+1","Purity+1","Trip+1"],"picked":"Deep Breath+1","floor":47},{"not_picked":["Transmutation+1","Sadistic Nature+1","Deep Breath+1"],"picked":"Mind Blast","floor":47},{"not_picked":["Slice","Poisoned Stab","PiercingWail+1"],"picked":"Skewer+1","floor":48}],"player_experience":38880,"relics_obtained":[{"floor":7.0,"key":"The Specimen"},{"floor":9.0,"key":"Toxic Egg 2"},{"floor":13.0,"key":"Mummified Hand"},{"floor":26.0,"key":"Snake Skull"},{"floor":40,"key":"Letter Opener"},{"floor":43,"key":"Orichalcum"},{"floor":45,"key":"Boot"}],"event_choices":[{"event_name":"Living Wall","player_choice":"Change","floor":5.0,"damage_taken":0.0},{"event_name":"The Cleric","player_choice":"Healed","floor":8.0,"damage_taken":0.0},{"event_name":"Scrap Ooze","player_choice":"success","floor":10.0,"damage_taken":7.0},{"event_name":"The Mausoleum","player_choice":"Yes","floor":19.0,"damage_taken":0.0},{"event_name":"The Library","player_choice":"Read","floor":29.0,"damage_taken":0.0},{"event_name":"Nest","player_choice":"Stole From Cult","floor":31.0,"damage_taken":0.0},{"event_name":"Bonfire Elementals","player_choice":"UNCOMMON","floor":37,"damage_taken":0},{"event_name":"Falling","player_choice":"Removed Attack","floor":38,"damage_taken":0},{"event_name":"SensoryStone","player_choice":"Memory 3","floor":47,"damage_taken":0}],"is_beta":false,"boss_relics":[{"not_picked":["Lizard Tail","Cursed Key"],"picked":"Coffee Dripper"},{"not_picked":["Ring of the Serpent","Sozu"],"picked":"Runic Pyramid"}],"items_purged_floors":[],"is_endless":false,"potions_floor_spawned":[1,2,16,22,25,27,33,36,41,42],"killed_by":"Time Eater","ascension_level":0}