{"gold_per_floor":[20,20,20,37,57,88,88,105,105,132,11,11,27,39,39,39],"floor_reached":16,"playtime":898,"items_purged":["Defend_B"],"score":151,"play_id":"9fcb5fd0-5226-43fb-827e-e804d9a43a2b","local_time":"20180913211738","is_ascension_mode":true,"campfire_choices":[{"data":"Dualcast","floor":7.0,"key":"SMITH"},{"floor":15,"key":"REST"}],"neow_cost":"NO_GOLD","seed_source_timestamp":0,"circlet_count":0,"master_deck":["Strike_B","Defend_B","Defend_B","Defend_B","Zap","Dualcast+1","Coolheaded","Conserve Battery","White Noise","Defragment+1","Fusion"],"special_seed":0,"relics":["Cracked Core","Centennial Puzzle","Orichalcum","Bottled Flame","Smiling Mask"],"potions_floor_usage":[],"damage_taken":[{"damage":2.0,"enemies":"Jaw Worm","floor":1.0,"turns":3.0},{"damage":0.0,"enemies":"2 Louse","floor":4.0,"turns":3.0},{"damage":0.0,"enemies":"Cultist","floor":5.0,"turns":4.0},{"damage":25.0,"enemies":"3 Sentries","floor":6.0,"turns":10.0},{"damage":6.0,"enemies":"Red Slaver","floor":8.0,"turns":6.0},{"damage":10.0,"enemies":"Lagavulin","floor":10.0,"turns":8.0},{"damage":5,"enemies":"2 Fungi Beasts","floor":13,"turns":5},{"damage":2,"enemies":"Exordium Wildlife","floor":14,"turns":4},{"damage":49,"enemies":"Hexaghost","floor":16,"turns":12}],"seed_played":"626630844306334311","potions_obtained":[{"floor":4.0,"key":"SteroidPotion"},{"floor":5.0,"key":"AttackPotion"},{"floor":8.0,"key":"Regen Potion"}],"is_trial":false,"path_per_floor":["M","?","T","M","M","E","R","M","T","E","$","?","M","M","R"],"character_chosen":"DEFECT","items_purchased":["Defragment"],"campfire_rested":1,"item_purchase_floors":[11],"current_hp_per_floor":[66,59,59,59,59,34,34,28,28,33,33,33,28,26,48,0],"gold":39,"neow_bonus":"REMOVE_TWO","is_prod":false,"is_daily":false,"chose_seed":false,"campfire_upgraded":1,"win_rate":0,"timestamp":1536898658,"path_taken":["M","?","?","?","M","E","R","M","T","E","?","?","?","M","R","BOSS"],"build_version":"2018-09-06","purchased_purges":1,"victory":false,"max_hp_per_floor":[75,75,75,75,75,75,75,75,75,75,75,75,75,75,75,75],"card_choices":[{"not_picked":["Turbo","Sweeping Beam"],"picked":"Coolheaded","floor":1.0},{"not_picked":["Steam Power","Steam"],"picked":"Conserve Battery","floor":4.0},{"not_picked":["Compile Driver","Redo","Skim"],"picked":"SKIP","floor":5.0},{"not_picked":["Scrape","Rebound","Double Energy"],"picked":"SKIP","floor":6.0},{"not_picked":["Sunder","Go for the Eyes","Barrage"],"picked":"SKIP","floor":8.0},{"not_picked":["Recycle","Blizzard"],"picked":"White Noise","floor":10.0},{"not_picked":["Rebound","Sweeping Beam","Reinforced Body"],"picked":"SKIP","floor":13},{"not_picked":["Sunder","Capacitor"],"picked":"Fusion","floor":14}],"player_experience":296120,"relics_obtained":[{"floor":3.0,"key":"Centennial Puzzle"},{"floor":6.0,"key":"Orichalcum"},{"floor":9.0,"key":"Bottled Flame"},{"floor":10.0,"key":"Smiling Mask"}],"event_choices":[{"event_name":"Golden Wing","player_choice":"Card Removal","floor":2.0,"damage_taken":0.0},{"event_name":"Living Wall","player_choice":"Grow","floor":12,"damage_taken":0}],"is_beta":false,"boss_relics":[],"items_purged_floors":[11],"is_endless":false,"potions_floor_spawned":[4,5,8],"killed_by":"Hexaghost","ascension_level":7}