{"gold_per_floor":[110,130,37,55,130,130,142,142,142,157,168,168,182,192,192,290,290,308,327,25,35,35,35,48,48,102,17,30,65,75,95,95,196,196,207,207,207,207,307,307,0,31,31,50,68,68,82,97,97,97],"floor_reached":51,"playtime":2319,"items_purged":["Strike_G"],"score":988,"play_id":"92561543-a7bd-4b53-a24f-7120fda752cd","local_time":"20181101204253","is_ascension_mode":true,"campfire_choices":[{"data":"Crippling Poison","floor":6.0,"key":"SMITH"},{"data":"Noxious Fumes","floor":8.0,"key":"SMITH"},{"floor":12.0,"key":"REST"},{"data":"Catalyst","floor":15.0,"key":"SMITH"},{"floor":23.0,"key":"REST"},{"floor":25.0,"key":"REST"},{"floor":32.0,"key":"REST"},{"floor":40.0,"key":"REST"},{"floor":46.0,"key":"REST"},{"floor":49,"key":"REST"}],"neow_cost":"NONE","seed_source_timestamp":30475363054475,"circlet_count":0,"master_deck":["Defend_G","Defend_G","Defend_G","Defend_G","Strike_G+1","Strike_G","Strike_G","Survivor","Neutralize","Underhanded Strike+1","Crippling Poison+1","Deflect","Crippling Poison+1","Noxious Fumes+1","Backflip","Deadly Poison+1","Catalyst+1","Dodge and Roll+1","Caltrops","Apotheosis","Noxious Fumes","Noxious Fumes","Blur","Leg Sweep+1","Dash","Burst","Footwork","Madness","Madness","Acrobatics"],"special_seed":0,"relics":["Ring of the Snake","Pen Nib","Dodecahedron","Velvet Choker","War Paint","Regal Pillow","Whetstone","Thread and Needle","Red Mask","Happy Flower","Ice Cream"],"potions_floor_usage":[50],"damage_taken":[{"damage":8.0,"enemies":"2 Louse","floor":1.0,"turns":3.0},{"damage":0.0,"enemies":"Jaw Worm","floor":2.0,"turns":3.0},{"damage":2.0,"enemies":"Cultist","floor":4.0,"turns":4.0},{"damage":7.0,"enemies":"Exordium Thugs","floor":7.0,"turns":4.0},{"damage":3.0,"enemies":"Exordium Wildlife","floor":10.0,"turns":3.0},{"damage":10.0,"enemies":"Blue Slaver","floor":11.0,"turns":4.0},{"damage":1.0,"enemies":"Large Slime","floor":13.0,"turns":6.0},{"damage":4.0,"enemies":"Red Slaver","floor":14.0,"turns":4.0},{"damage":31.0,"enemies":"The Guardian","floor":16.0,"turns":11.0},{"damage":17.0,"enemies":"2 Thieves","floor":18.0,"turns":4.0},{"damage":4.0,"enemies":"Shell Parasite","floor":19.0,"turns":5.0},{"damage":4.0,"enemies":"Centurion and Healer","floor":21.0,"turns":6.0},{"damage":10.0,"enemies":"Snake Plant","floor":24.0,"turns":5.0},{"damage":4.0,"enemies":"Sentry and Sphere","floor":28.0,"turns":5.0},{"damage":23.0,"enemies":"Book of Stabbing","floor":29.0,"turns":5.0},{"damage":12.0,"enemies":"Snecko","floor":30.0,"turns":4.0},{"damage":14.0,"enemies":"Snake Plant","floor":31.0,"turns":4.0},{"damage":16.0,"enemies":"Automaton","floor":33.0,"turns":8.0},{"damage":12.0,"enemies":"Orb Walker","floor":35.0,"turns":5.0},{"damage":0.0,"enemies":"Mind Bloom Boss Battle","floor":39.0,"turns":7.0},{"damage":41.0,"enemies":"Reptomancer","floor":42.0,"turns":9.0},{"damage":21.0,"enemies":"3 Darklings","floor":44.0,"turns":5.0},{"damage":0.0,"enemies":"Jaw Worm Horde","floor":45.0,"turns":5.0},{"damage":34.0,"enemies":"4 Shapes","floor":47.0,"turns":5.0},{"damage":2,"enemies":"Maw","floor":48,"turns":7},{"damage":42,"enemies":"Awakened One","floor":50,"turns":25}],"seed_played":"-4966859467671183582","potions_obtained":[{"floor":2.0,"key":"Explosive Potion"},{"floor":4.0,"key":"Poison Potion"},{"floor":13.0,"key":"Explosive Potion"},{"floor":16.0,"key":"Block Potion"},{"floor":29.0,"key":"SpeedPotion"},{"floor":33.0,"key":"EssenceOfSteel"},{"floor":35.0,"key":"FairyPotion"},{"floor":44.0,"key":"SpeedPotion"},{"floor":48,"key":"SpeedPotion"}],"is_trial":false,"path_per_floor":["M","M","$","M","?","R","M","R","T","M","M","R","M","M","R","B",null,"M","M","$","M","?","R","M","R","T","?","M","E","M","M","R","B",null,"M","?","?","?","?","R","?","E","T","M","M","R","M","M","R","B"],"character_chosen":"THE_SILENT","items_purchased":["Deflect","Crippling Poison","Caltrops","Apotheosis"],"campfire_rested":7,"item_purchase_floors":[3,3,20,20],"current_hp_per_floor":[55,55,55,53,42,42,35,35,35,32,22,43,42,38,38,7,54,37,33,33,29,29,50,40,61,61,61,57,34,22,8,44,28,60,48,48,39,39,39,70,70,29,29,8,8,44,10,8,44,2],"gold":97,"neow_bonus":"RANDOM_COMMON_RELIC","is_prod":false,"is_daily":false,"chose_seed":false,"campfire_upgraded":3,"win_rate":0,"timestamp":1541094173,"path_taken":["M","M","$","M","?","R","M","R","T","M","M","R","M","M","R","BOSS","M","M","$","M","?","R","M","R","T","?","M","E","?","M","R","BOSS","M","?","?","?","?","R","?","E","T","M","M","R","M","?","R","BOSS"],"build_version":"2018-10-25v2","purchased_purges":1,"victory":true,"max_hp_per_floor":[70,70,70,70,70,70,70,70,70,70,70,70,70,70,70,70,70,70,70,70,70,70,70,70,70,70,70,70,70,70,70,70,70,70,70,70,70,70,70,70,70,70,70,70,70,70,70,70,70,70],"card_choices":[{"not_picked":["Bane","Outmaneuver"],"picked":"Underhanded Strike","floor":1.0},{"not_picked":["Setup","Bane"],"picked":"Crippling Poison","floor":2.0},{"not_picked":["Dagger Throw","Dagger Spray"],"picked":"Noxious Fumes","floor":4.0},{"not_picked":["Infinite Blades","Underhanded Strike"],"picked":"Backflip","floor":7.0},{"not_picked":["PiercingWail","Skewer"],"picked":"Deadly Poison","floor":10.0},{"not_picked":["Outmaneuver","Dodge and Roll","Cloak And Dagger"],"picked":"SKIP","floor":11.0},{"not_picked":["Dodge and Roll","Slice","Dagger Throw"],"picked":"SKIP","floor":13.0},{"not_picked":["Grand Finale","Dagger Spray"],"picked":"Catalyst","floor":14.0},{"not_picked":["Poisoned Stab+1","Acrobatics"],"picked":"Dodge and Roll+1","floor":18.0},{"not_picked":["Finisher","Slice","Dagger Spray"],"picked":"SKIP","floor":19.0},{"not_picked":["Masterful Stab","Dodge and Roll+1","Finisher"],"picked":"SKIP","floor":21.0},{"not_picked":["Quick Slash","PiercingWail"],"picked":"Noxious Fumes","floor":24.0},{"not_picked":["Infinite Blades","Bouncing Flask"],"picked":"Noxious Fumes","floor":28.0},{"not_picked":["Flying Knee","Quick Slash"],"picked":"Blur","floor":29.0},{"not_picked":["Setup","Eviscerate"],"picked":"Leg Sweep+1","floor":30.0},{"not_picked":["Cloak And Dagger+1","Dagger Spray+1"],"picked":"Dash","floor":31.0},{"not_picked":["Bullet Time","A Thousand Cuts"],"picked":"Burst","floor":33.0},{"not_picked":["Deflect+1","Prepared+1"],"picked":"Footwork","floor":35.0},{"not_picked":["Setup","Masterful Stab+1"],"picked":"Acrobatics","floor":42.0},{"not_picked":["Masterful Stab","Choke+1","Bane"],"picked":"SKIP","floor":44.0},{"not_picked":["Blade Dance+1","Crippling Poison","Acrobatics+1"],"picked":"SKIP","floor":45.0},{"not_picked":["Burst","Dagger Throw","Cloak And Dagger"],"picked":"SKIP","floor":47.0},{"not_picked":["Dodge and Roll","Cloak And Dagger+1","Escape Plan"],"picked":"SKIP","floor":48}],"player_experience":490601,"relics_obtained":[{"floor":9.0,"key":"Dodecahedron"},{"floor":26.0,"key":"War Paint"},{"floor":29.0,"key":"Whetstone"},{"floor":39.0,"key":"Thread and Needle"},{"floor":42.0,"key":"Happy Flower"},{"floor":43.0,"key":"Ice Cream"}],"event_choices":[{"damage_healed":0.0,"max_hp_gain":0.0,"max_hp_loss":0.0,"gold_gain":75.0,"event_name":"World of Goop","player_choice":"Gather Gold","floor":5.0,"gold_loss":0.0,"damage_taken":11.0},{"cards_removed":["Defend_G"],"damage_healed":0.0,"max_hp_gain":0.0,"max_hp_loss":0.0,"gold_gain":0.0,"event_name":"Back to Basics","player_choice":"Elegance","floor":22.0,"gold_loss":0.0,"damage_taken":0.0},{"damage_healed":0.0,"max_hp_gain":0.0,"max_hp_loss":0.0,"gold_gain":0.0,"event_name":"Addict","player_choice":"Obtained Relic","floor":27.0,"gold_loss":85.0,"damage_taken":0.0,"relics_obtained":["Regal Pillow"]},{"damage_healed":0.0,"max_hp_gain":0.0,"max_hp_loss":0.0,"gold_gain":0.0,"event_name":"The Woman in Blue","player_choice":"Bought 0 Potions","floor":36.0,"gold_loss":0.0,"damage_taken":0.0},{"damage_healed":0.0,"max_hp_gain":0.0,"max_hp_loss":0.0,"gold_gain":0.0,"event_name":"Winding Halls","player_choice":"Embrace Madness","floor":37.0,"gold_loss":0.0,"damage_taken":9.0,"cards_obtained":["Madness","Madness"]},{"cards_removed":["Strike_G"],"damage_healed":0.0,"max_hp_gain":0.0,"max_hp_loss":0.0,"gold_gain":0.0,"event_name":"Bonfire Elementals","player_choice":"Offered Basic","floor":38.0,"gold_loss":0.0,"damage_taken":0.0},{"damage_healed":0.0,"max_hp_gain":0.0,"max_hp_loss":0.0,"gold_gain":0.0,"event_name":"MindBloom","player_choice":"Fight","floor":39.0,"gold_loss":0.0,"damage_taken":0.0},{"damage_healed":0.0,"max_hp_gain":0.0,"max_hp_loss":0.0,"gold_gain":0.0,"event_name":"Tomb of Lord Red Mask","player_choice":"Paid","floor":41.0,"gold_loss":307.0,"damage_taken":0.0,"relics_obtained":["Red Mask"]}],"is_beta":false,"boss_relics":[{"not_picked":["Eternal Feather","Busted Crown"],"picked":"Velvet Choker"},{"not_picked":["Coffee Dripper","Runic Dome","Runic Pyramid"]}],"items_purged_floors":[20],"is_endless":false,"potions_floor_spawned":[2,4,13,16,21,24,29,33,35,42,44,48],"ascension_level":8}