{"gold_per_floor":[20,20,31,47,77,77,252,252,252,286,286,309,323,6,6,6],"floor_reached":16,"playtime":299,"items_purged":["Doubt"],"score":98,"play_id":"44469d51-50ff-4510-8e6d-4e46ea0e0db7","local_time":"20180805043832","is_ascension_mode":false,"campfire_choices":[{"data":"Shrug It Off","floor":6.0,"key":"SMITH"},{"data":"Reaper","floor":8.0,"key":"SMITH"},{"data":"Twin Strike","floor":11,"key":"SMITH"},{"floor":15,"key":"REST"}],"neow_cost":"NO_GOLD","seed_source_timestamp":44556715490178,"circlet_count":0,"master_deck":["Strike_R","Strike_R","Strike_R","Strike_R","Strike_R","Defend_R","Defend_R","Defend_R","Defend_R","Bash","Reaper+1","Shrug It Off+1","Battle Trance","Twin Strike+1"],"special_seed":0,"relics":["Burning Blood","Tiny Chest","Potion Belt","Boot","Omamori","Mercury Hourglass"],"potions_floor_usage":[10],"damage_taken":[{"damage":3.0,"enemies":"Jaw Worm","floor":1.0,"turns":4.0},{"damage":7.0,"enemies":"2 Louse","floor":3.0,"turns":4.0},{"damage":5.0,"enemies":"Small Slimes","floor":4.0,"turns":5.0},{"damage":50,"enemies":"Gremlin Nob","floor":10,"turns":6},{"damage":5,"enemies":"Looter","floor":13,"turns":3},{"damage":67,"enemies":"Hexaghost","floor":16,"turns":9}],"seed_played":"-3616812058098868746","potions_obtained":[{"floor":1.0,"key":"Swift Potion"},{"floor":3.0,"key":"Ancient Potion"},{"floor":13,"key":"Ancient Potion"}],"is_trial":false,"path_per_floor":["M","$","M","M","?","R","?","R","T","E","R","T","M","$","R"],"character_chosen":"IRONCLAD","items_purchased":["Mercury Hourglass"],"campfire_rested":1,"item_purchase_floors":[14],"current_hp_per_floor":[80,80,79,80,73,73,73,73,73,34,34,34,35,35,59,0],"gold":6,"neow_bonus":"THREE_RARE_CARDS","is_prod":false,"is_daily":false,"chose_seed":false,"campfire_upgraded":3,"win_rate":0,"timestamp":1533433112,"path_taken":["M","$","M","M","?","R","?","R","T","E","R","?","M","?","R","BOSS"],"build_version":"2018-08-02","purchased_purges":1,"victory":false,"max_hp_per_floor":[80,80,80,80,80,80,80,80,80,80,80,80,80,80,80,80],"card_choices":[{"not_picked":["Juggernaut","Dark Embrace"],"picked":"Reaper","floor":0.0},{"not_picked":["Reckless Charge","True Grit"],"picked":"Shrug It Off","floor":1.0},{"not_picked":["Twin Strike","Burning Pact"],"picked":"Battle Trance","floor":3.0},{"not_picked":["Sever Soul","Combust","Clash"],"picked":"SKIP","floor":4.0},{"not_picked":["Anger","Perfected Strike"],"picked":"Twin Strike","floor":10},{"not_picked":["Twin Strike","Clash","Offering"],"picked":"SKIP","floor":13}],"player_experience":408934,"relics_obtained":[{"floor":9.0,"key":"Potion Belt"},{"floor":10,"key":"Boot"},{"floor":12,"key":"Omamori"}],"event_choices":[{"event_name":"Scrap Ooze","player_choice":"success","floor":5.0,"damage_taken":7.0},{"event_name":"Liars Game","player_choice":"agreed","floor":7.0,"damage_taken":0.0}],"is_beta":false,"boss_relics":[],"items_purged_floors":[14],"is_endless":false,"potions_floor_spawned":[1,3,13],"killed_by":"Hexaghost","ascension_level":0}