{"gold_per_floor":[363,383,400,88,88,118,118,149,174,186,227,239,351,383,395,485,497,529,541,563,575,587,599,636,648,660,672,713,735,776,71,71,71],"floor_reached":33,"playtime":1591,"items_purged":["Doubt"],"score":663,"play_id":"a7f8843f-1d65-4c7c-a56a-5e2eb7f3d79a","local_time":"20190806004325","is_ascension_mode":true,"campfire_choices":[{"data":"Noxious Fumes","floor":7.0,"key":"SMITH"},{"floor":10.0,"key":"REST"},{"floor":15.0,"key":"REST"},{"data":"Malaise","floor":23.0,"key":"SMITH"},{"data":"Tools of the Trade","floor":25.0,"key":"SMITH"},{"floor":27.0,"key":"REST"},{"floor":32,"key":"REST"}],"neow_cost":"CURSE","seed_source_timestamp":3377117732846,"circlet_count":0,"master_deck":["AscendersBane","Strike_G","Strike_G","Strike_G","Defend_G","Defend_G","Defend_G","Defend_G","Defend_G","Survivor","Neutralize","Calculated Gamble","All Out Attack","Envenom","Corpse Explosion","Noxious Fumes+1","Noxious Fumes","PiercingWail","Malaise+1","Envenom","Backstab+1","PiercingWail","Tools of the Trade+1","Grand Finale","Reflex","Bullet Time","Footwork+1","Caltrops+1","Setup+1","Noxious Fumes+1"],"special_seed":0,"relics":["Ring of the Snake","Omamori","Centennial Puzzle","Pen Nib","MawBank","Juzu Bracelet","Runic Pyramid","Darkstone Periapt","Vajra","Frozen Egg 2","Meat on the Bone","Toxic Egg 2","Peace Pipe","Toolbox"],"potions_floor_usage":[],"damage_taken":[{"damage":0.0,"enemies":"Cultist","floor":1.0,"turns":3.0},{"damage":4.0,"enemies":"Small Slimes","floor":2.0,"turns":4.0},{"damage":4.0,"enemies":"Jaw Worm","floor":3.0,"turns":5.0},{"damage":12.0,"enemies":"3 Sentries","floor":6.0,"turns":3.0},{"damage":15.0,"enemies":"Lagavulin","floor":8.0,"turns":5.0},{"damage":54.0,"enemies":"Gremlin Nob","floor":11.0,"turns":5.0},{"damage":2.0,"enemies":"Red Slaver","floor":14.0,"turns":5.0},{"damage":7.0,"enemies":"Hexaghost","floor":16.0,"turns":11.0},{"damage":6.0,"enemies":"3 Byrds","floor":18.0,"turns":4.0},{"damage":9.0,"enemies":"Spheric Guardian","floor":20.0,"turns":5.0},{"damage":23.0,"enemies":"Gremlin Leader","floor":24.0,"turns":9.0},{"damage":22.0,"enemies":"Slavers","floor":28.0,"turns":3.0},{"damage":33.0,"enemies":"Cultist and Chosen","floor":29.0,"turns":7.0},{"damage":17,"enemies":"Book of Stabbing","floor":30,"turns":7},{"damage":42,"enemies":"Champ","floor":33,"turns":10}],"seed_played":"40811124337099085","potions_obtained":[{"floor":1.0,"key":"Strength Potion"},{"floor":5.0,"key":"FairyPotion"},{"floor":8.0,"key":"Dexterity Potion"},{"floor":11.0,"key":"Block Potion"},{"floor":16.0,"key":"FairyPotion"},{"floor":24.0,"key":"Weak Potion"}],"is_trial":false,"path_per_floor":["M","M","M","$","?","E","R","E","T","R","E","?","?","M","R","B",null,"M","T","M","?","?","R","E","R","T","R","E","M","E","$","R","B"],"character_chosen":"THE_SILENT","items_purchased":["Corpse Explosion","Omamori","Setup+1","Peace Pipe","Toolbox","Noxious Fumes+1"],"campfire_rested":4,"item_purchase_floors":[4,4,31,31,31,31],"current_hp_per_floor":[59,55,51,51,51,39,39,24,24,43,6,6,6,4,23,16,54,48,48,39,39,39,39,16,16,16,35,13,18,13,13,32,0],"gold":71,"neow_bonus":"TWO_FIFTY_GOLD","is_prod":false,"is_daily":false,"chose_seed":false,"campfire_upgraded":3,"win_rate":0,"timestamp":1565077405,"path_taken":["M","?","M","$","?","E","R","E","T","R","E","?","?","M","R","BOSS","M","?","M","?","?","R","E","R","T","R","E","M","E","?","R","BOSS"],"build_version":"2019-07-17","purchased_purges":1,"victory":false,"max_hp_per_floor":[66,66,66,66,66,66,66,66,66,66,66,66,66,66,66,66,66,66,66,66,66,66,66,66,66,66,66,66,66,66,66,66,66],"card_choices":[{"not_picked":["Dagger Throw","Deadly Poison"],"picked":"Calculated Gamble","floor":1.0},{"not_picked":["Deadly Poison","Outmaneuver"],"picked":"All Out Attack","floor":2.0},{"not_picked":["Prepared","PiercingWail"],"picked":"Envenom","floor":3.0},{"not_picked":["Calculated Gamble","Masterful Stab"],"picked":"Noxious Fumes","floor":6.0},{"not_picked":["Underhanded Strike","Expertise"],"picked":"Noxious Fumes","floor":8.0},{"not_picked":["Flying Knee","Prepared"],"picked":"PiercingWail","floor":11.0},{"not_picked":["Dagger Throw","Quick Slash"],"picked":"Malaise","floor":14.0},{"not_picked":["Wraith Form v2","Storm of Steel"],"picked":"Envenom","floor":16.0},{"not_picked":["Cloak And Dagger","Backflip"],"picked":"Backstab+1","floor":18.0},{"not_picked":["Underhanded Strike","Deadly Poison"],"picked":"PiercingWail","floor":20.0},{"not_picked":["Setup","Outmaneuver","Backflip"],"picked":"SKIP","floor":24.0},{"not_picked":["Well Laid Plans+1","Heel Hook"],"picked":"Bullet Time","floor":28.0},{"not_picked":["PiercingWail+1","Leg Sweep"],"picked":"Footwork+1","floor":29.0},{"not_picked":["Dagger Throw+1","Expertise"],"picked":"Caltrops+1","floor":30}],"player_experience":749695,"relics_obtained":[{"floor":6.0,"key":"Centennial Puzzle"},{"floor":8.0,"key":"Pen Nib"},{"floor":9.0,"key":"MawBank"},{"floor":11.0,"key":"Juzu Bracelet"},{"floor":19.0,"key":"Darkstone Periapt"},{"floor":24.0,"key":"Vajra"},{"floor":26.0,"key":"Frozen Egg 2"},{"floor":28.0,"key":"Meat on the Bone"},{"floor":30,"key":"Toxic Egg 2"}],"event_choices":[{"damage_healed":0.0,"max_hp_gain":0.0,"max_hp_loss":0.0,"gold_gain":0.0,"event_name":"Lab","player_choice":"Got Potions","floor":5.0,"gold_loss":0.0,"damage_taken":0.0},{"damage_healed":0.0,"max_hp_gain":0.0,"max_hp_loss":0.0,"gold_gain":0.0,"event_name":"Liars Game","player_choice":"Ignored","floor":12.0,"gold_loss":0.0,"damage_taken":0.0},{"damage_healed":0.0,"max_hp_gain":0.0,"max_hp_loss":0.0,"gold_gain":100.0,"event_name":"Wheel of Change","player_choice":"Gold","floor":13.0,"gold_loss":0.0,"damage_taken":0.0},{"damage_healed":0.0,"max_hp_gain":0.0,"max_hp_loss":0.0,"gold_gain":0.0,"event_name":"The Library","player_choice":"Read","floor":21.0,"gold_loss":0.0,"damage_taken":0.0,"cards_obtained":["Tools of the Trade"]},{"damage_healed":0.0,"max_hp_gain":0.0,"max_hp_loss":0.0,"gold_gain":0.0,"cards_transformed":["Strike_G","Strike_G"],"event_name":"Drug Dealer","player_choice":"Became Test Subject","floor":22.0,"gold_loss":0.0,"damage_taken":0.0,"cards_obtained":["Grand Finale","Reflex"]}],"is_beta":false,"boss_relics":[{"not_picked":["Runic Dome","Orrery"],"picked":"Runic Pyramid"}],"items_purged_floors":[4],"is_endless":false,"potions_floor_spawned":[1,8,11,16,24],"killed_by":"Champ","ascension_level":20}