{"gold_per_floor":[110,185,185,204,220,220,238,238,264,296,296,309,321,0,0,73,73,90,90,102,132,47,47,73,73,73,98,98,112,128,53,53,129,129,143,154,5,16,32,32,66,66,93,93,111,125,125,79,79,79],"floor_reached":50,"playtime":1774,"items_purged":["Defend_R","Strike_R"],"score":861,"play_id":"e12928f1-45cc-4805-ac34-61f4502f3e7f","local_time":"20180821040642","is_ascension_mode":true,"campfire_choices":[{"data":"Carnage","floor":6.0,"key":"SMITH"},{"data":"Strike_R","floor":8.0,"key":"SMITH"},{"data":"1","floor":15.0,"key":"LIFT"},{"data":"2","floor":23.0,"key":"LIFT"},{"floor":25.0,"key":"REST"},{"floor":28.0,"key":"REST"},{"data":"3","floor":32.0,"key":"LIFT"},{"data":"Shrug It Off","floor":40.0,"key":"SMITH"},{"data":"Double Tap","floor":44.0,"key":"SMITH"},{"data":"Sword Boomerang","floor":47.0,"key":"SMITH"},{"data":"Body Slam","floor":49.0,"key":"SMITH"}],"neow_cost":"NONE","seed_source_timestamp":39997760753791,"circlet_count":0,"master_deck":["Strike_R+1","Strike_R","Strike_R","Strike_R","Defend_R","Defend_R","Defend_R","Bash+1","AscendersBane","Armaments+1","Carnage+1","Ghostly Armor","Flex","Shrug It Off+1","True Grit+1","Sword Boomerang+1","Dropkick+1","Clothesline","Double Tap+1","Body Slam+1"],"special_seed":0,"relics":["Burning Blood","Bag of Marbles","Lantern","Regal Pillow","Girya","Busted Crown","Red Mask","Art of War","Centennial Puzzle","Magic Flower","Thread and Needle","Sozu","Orichalcum","Oddly Smooth Stone"],"potions_floor_usage":[50],"damage_taken":[{"damage":7.0,"enemies":"2 Louse","floor":1.0,"turns":3.0},{"damage":3.0,"enemies":"Small Slimes","floor":4.0,"turns":4.0},{"damage":1.0,"enemies":"Cultist","floor":5.0,"turns":3.0},{"damage":6.0,"enemies":"Blue Slaver","floor":7.0,"turns":3.0},{"damage":16.0,"enemies":"Gremlin Nob","floor":10.0,"turns":3.0},{"damage":8.0,"enemies":"Large Slime","floor":12.0,"turns":3.0},{"damage":7.0,"enemies":"3 Louse","floor":13.0,"turns":4.0},{"damage":56.0,"enemies":"Hexaghost","floor":16.0,"turns":13.0},{"damage":0.0,"enemies":"Chosen","floor":18.0,"turns":3.0},{"damage":5.0,"enemies":"2 Thieves","floor":20.0,"turns":4.0},{"damage":22.0,"floor":21.0,"turns":5.0},{"damage":45.0,"enemies":"Gremlin Leader","floor":27.0,"turns":4.0},{"damage":30.0,"enemies":"Cultist and Chosen","floor":29.0,"turns":8.0},{"damage":2.0,"enemies":"Centurion and Healer","floor":30.0,"turns":5.0},{"damage":56.0,"enemies":"Automaton","floor":33.0,"turns":12.0},{"damage":22.0,"enemies":"3 Darklings","floor":35.0,"turns":5.0},{"damage":0.0,"enemies":"3 Shapes","floor":36.0,"turns":3.0},{"damage":14.0,"enemies":"Transient","floor":38.0,"turns":5.0},{"damage":2.0,"enemies":"4 Shapes","floor":39.0,"turns":6.0},{"damage":2.0,"enemies":"Nemesis","floor":41.0,"turns":5.0},{"damage":0.0,"enemies":"Spire Growth","floor":45.0,"turns":2.0},{"damage":0.0,"enemies":"Transient","floor":46.0,"turns":5.0},{"damage":84,"enemies":"Awakened One","floor":50,"turns":11}],"seed_played":"2891067291893722008","potions_obtained":[{"floor":4.0,"key":"SkillPotion"},{"floor":5.0,"key":"Block Potion"},{"floor":12.0,"key":"BloodPotion"},{"floor":16.0,"key":"Explosive Potion"},{"floor":21.0,"key":"Dexterity Potion"},{"floor":27.0,"key":"Poison Potion"},{"floor":29.0,"key":"Dexterity Potion"},{"floor":33.0,"key":"Poison Potion"}],"is_trial":false,"path_per_floor":["M","?","?","M","M","R","M","R","T","E","?","M","M","$","R","B",null,"M","?","M","?","?","R","T","R","T","E","R","M","M","$","R","B",null,"M","M","$","M","M","R","E","$","T","R","M","M","R","$","R"],"character_chosen":"IRONCLAD","items_purchased":["Girya","Shrug It Off","Clothesline","Body Slam"],"campfire_rested":2,"item_purchase_floors":[14,14,37,48],"current_hp_per_floor":[67,56,56,59,64,64,64,64,64,54,54,52,51,51,51,8,58,64,64,65,49,49,49,49,75,75,39,75,54,61,61,61,14,60,47,56,56,51,58,58,65,65,65,65,74,75,75,75,75,0],"gold":79,"neow_bonus":"UPGRADE_CARD","is_prod":false,"is_daily":false,"chose_seed":false,"campfire_upgraded":6,"win_rate":0,"timestamp":1534813602,"path_taken":["M","?","?","M","M","R","M","R","T","E","?","?","M","$","R","BOSS","M","?","M","?","?","R","?","R","T","E","R","M","?","?","R","BOSS","M","M","$","M","M","R","E","$","T","R","?","M","R","$","R","BOSS"],"build_version":"2018-08-16","purchased_purges":2,"victory":false,"max_hp_per_floor":[75,75,75,75,75,75,75,75,75,75,75,75,75,75,75,75,75,75,75,75,75,75,75,75,75,75,75,75,75,75,75,75,75,75,75,75,75,75,75,75,75,75,75,75,75,75,75,75,75,75],"card_choices":[{"not_picked":["True Grit","Ghostly Armor"],"picked":"Armaments","floor":1.0},{"not_picked":["Warcry","Headbutt","Barricade"],"picked":"SKIP","floor":4.0},{"not_picked":["Pommel Strike","Shrug It Off"],"picked":"Carnage","floor":5.0},{"not_picked":["Hemokinesis","Clash","Sever Soul"],"picked":"SKIP","floor":7.0},{"not_picked":["Heavy Blade","Thunderclap"],"picked":"Ghostly Armor","floor":10.0},{"not_picked":["Evolve","Pummel"],"picked":"Flex","floor":12.0},{"not_picked":["Sever Soul","Bloodletting","Heavy Blade"],"picked":"SKIP","floor":13.0},{"not_picked":["Blood for Blood"],"picked":"SKIP","floor":18.0},{"not_picked":[],"picked":"True Grit+1","floor":20.0},{"not_picked":[],"picked":"Sword Boomerang","floor":27.0},{"not_picked":["Iron Wave"],"picked":"SKIP","floor":29.0},{"not_picked":["Second Wind"],"picked":"SKIP","floor":30.0},{"not_picked":[],"picked":"Dropkick+1","floor":35.0},{"not_picked":["Disarm"],"picked":"SKIP","floor":36.0},{"not_picked":["Perfected Strike+1"],"picked":"SKIP","floor":38.0},{"not_picked":["Sever Soul"],"picked":"SKIP","floor":39.0},{"not_picked":[],"picked":"Double Tap","floor":41.0},{"not_picked":["Cleave"],"picked":"SKIP","floor":45.0},{"not_picked":["True Grit"],"picked":"SKIP","floor":46.0}],"player_experience":438536,"relics_obtained":[{"floor":9.0,"key":"Bag of Marbles"},{"floor":10.0,"key":"Lantern"},{"floor":21.0,"key":"Red Mask"},{"floor":24.0,"key":"Centennial Puzzle"},{"floor":26.0,"key":"Magic Flower"},{"floor":27.0,"key":"Thread and Needle"},{"floor":41.0,"key":"Orichalcum"},{"floor":43.0,"key":"Oddly Smooth Stone"}],"event_choices":[{"event_name":"World of Goop","player_choice":"Gather Gold","floor":2.0,"damage_taken":0.0},{"event_name":"Living Wall","player_choice":"Grow","floor":3.0,"damage_taken":0.0},{"event_name":"Accursed Blacksmith","player_choice":"Rummage","floor":11.0,"damage_taken":0.0},{"event_name":"Cursed Tome","player_choice":"Ignored","floor":19.0,"damage_taken":0.0},{"event_name":"Masked Bandits","player_choice":"Fought Bandits","floor":21.0,"damage_taken":0.0},{"event_name":"Addict","player_choice":"Obtained Relic","floor":22.0,"damage_taken":0.0}],"is_beta":false,"boss_relics":[{"not_picked":["Mark of Pain","Lizard Tail"],"picked":"Busted Crown"},{"not_picked":["Philosopher\u0027s Stone","Runic Pyramid"],"picked":"Sozu"}],"items_purged_floors":[31,37],"is_endless":false,"potions_floor_spawned":[4,5,12,16,21,27,29,33,38,39,41],"killed_by":"Awakened One","ascension_level":15}