{"gold_per_floor":[113,113,113,16,66,101,101,120,165,165,184,184,184,204,204,303,303,320,320,245,0,0,0,0,0,0,11,26,40,71,81,81,178,178,194,1193,1239,431,431,431,447,447,471,496,27,43,43,58,58,58],"floor_reached":51,"playtime":3981,"items_purged":["Regret","Strike_G","Normality","Normality"],"score":939,"play_id":"757190ff-56f9-46d3-91ee-e55f7c584947","local_time":"20180929163555","is_ascension_mode":true,"campfire_choices":[{"data":"Caltrops","floor":7.0,"key":"SMITH"},{"data":"Accuracy","floor":10.0,"key":"SMITH"},{"floor":13.0,"key":"REST"},{"floor":15.0,"key":"REST"},{"floor":23.0,"key":"REST"},{"floor":25.0,"key":"REST"},{"floor":32.0,"key":"REST"},{"floor":40.0,"key":"REST"},{"data":"Envenom","floor":42.0,"key":"SMITH"},{"data":"Blade Dance","floor":47.0,"key":"SMITH"},{"floor":49.0,"key":"REST"}],"neow_cost":"","seed_source_timestamp":0,"circlet_count":0,"master_deck":["Defend_G","Defend_G","Defend_G","Defend_G","Defend_G","Survivor","Neutralize+1","Caltrops+1","Blade Dance+1","Backflip","Accuracy+1","Backflip","Envenom+1","Acrobatics+1","Distraction+1","Quick Slash+1","Grand Finale","Infinite Blades","Grand Finale","A Thousand Cuts","Cloak And Dagger+1","Unload"],"special_seed":0,"relics":["Ring of the Snake","Calipers","Orichalcum","Shuriken","Ancient Tea Set","Empty Cage","Enchiridion","Whetstone","WarpedTongs","Pocketwatch","Snake Skull","Runic Pyramid","WingedGreaves","Bag of Preparation","Toolbox","Dream Catcher","MawBank","Paper Crane"],"potions_floor_usage":[50],"damage_taken":[{"damage":9.0,"enemies":"Cultist","floor":1.0,"turns":5.0},{"damage":32.0,"enemies":"Lagavulin","floor":6.0,"turns":10.0},{"damage":1.0,"enemies":"Small Slimes","floor":8.0,"turns":5.0},{"damage":0.0,"enemies":"2 Louse","floor":11.0,"turns":2.0},{"damage":21.0,"enemies":"Exordium Thugs","floor":14.0,"turns":6.0},{"damage":5.0,"enemies":"The Guardian","floor":16.0,"turns":13.0},{"damage":42.0,"enemies":"Spheric Guardian","floor":18.0,"turns":8.0},{"damage":0.0,"enemies":"Chosen","floor":27.0,"turns":4.0},{"damage":1.0,"enemies":"Snake Plant","floor":28.0,"turns":6.0},{"damage":11.0,"enemies":"Centurion and Healer","floor":29.0,"turns":8.0},{"damage":48.0,"enemies":"Gremlin Leader","floor":30.0,"turns":6.0},{"damage":1.0,"enemies":"Shelled Parasite and Fungi","floor":31.0,"turns":2.0},{"damage":18.0,"enemies":"Automaton","floor":33.0,"turns":10.0},{"damage":9.0,"enemies":"3 Darklings","floor":35.0,"turns":3.0},{"damage":4.0,"enemies":"Mysterious Sphere","floor":37.0,"turns":4.0},{"damage":0.0,"enemies":"Orb Walker","floor":41.0,"turns":3.0},{"damage":27.0,"enemies":"Transient","floor":44.0,"turns":5.0},{"damage":0.0,"enemies":"4 Shapes","floor":46.0,"turns":4.0},{"damage":18.0,"enemies":"Spire Growth","floor":48.0,"turns":5.0},{"damage":39,"enemies":"Time Eater","floor":50,"turns":6}],"seed_played":"-4610538078642883019","potions_obtained":[{"floor":1.0,"key":"LiquidBronze"},{"floor":3.0,"key":"FairyPotion"},{"floor":3.0,"key":"Weak Potion"},{"floor":14.0,"key":"SkillPotion"},{"floor":16.0,"key":"GamblersBrew"},{"floor":18.0,"key":"Swift Potion"},{"floor":30.0,"key":"Explosive Potion"},{"floor":31.0,"key":"GamblersBrew"},{"floor":33.0,"key":"Block Potion"},{"floor":37.0,"key":"Block Potion"},{"floor":44.0,"key":"GamblersBrew"},{"floor":46.0,"key":"Dexterity Potion"}],"is_trial":false,"path_per_floor":["M","?","?","$","T","E","R","M","T","R","M","?","R","M","R","B",null,"M","?","?","$","?","R","?","R","T","M","M","M","E","M","R","B",null,"M","?","?","$","?","R","M","R","T","M","$","M","R","M","R","B"],"character_chosen":"THE_SILENT","items_purchased":["Blade Dance","Whetstone","Bag of Preparation","Toolbox","Dream Catcher","Infinite Blades","Grand Finale","Paper Crane","Regen Potion"],"campfire_rested":7,"item_purchase_floors":[4,21,38,38,38,38,38,45,45],"current_hp_per_floor":[54,54,54,54,54,22,22,21,21,21,21,21,42,21,42,37,62,20,4,4,4,4,25,25,46,46,46,45,34,2,1,22,4,54,45,45,41,41,41,62,62,62,62,35,35,47,47,29,50,11],"gold":58,"neow_bonus":"","is_prod":false,"is_daily":false,"chose_seed":false,"campfire_upgraded":4,"win_rate":0,"timestamp":1538264155,"path_taken":["M","?","?","$","?","E","R","?","T","R","?","?","R","M","R","BOSS","M","?","?","$","?","R","?","R","T","M","M","M","E","?","R","BOSS","M","?","?","$","?","R","M","R","T","?","$","?","R","?","R","BOSS"],"build_version":"2018-09-27","purchased_purges":4,"victory":true,"max_hp_per_floor":[70,70,70,70,70,70,70,70,70,70,70,70,70,70,70,70,70,70,70,70,70,70,70,70,70,70,70,70,70,70,70,70,70,70,70,70,70,70,70,70,70,70,70,70,70,70,70,70,70,70],"card_choices":[{"not_picked":["Dash","Reflex"],"picked":"Caltrops","floor":1.0},{"not_picked":["Noxious Fumes","Concentrate"],"picked":"Backflip","floor":6.0},{"not_picked":["Backstab","Quick Slash"],"picked":"Accuracy","floor":8.0},{"not_picked":["Dagger Throw","PiercingWail","Bane"],"picked":"SKIP","floor":11.0},{"not_picked":["Bullet Time","Flechettes"],"picked":"Backflip","floor":14.0},{"not_picked":["Bullet Time","Tools of the Trade"],"picked":"Envenom","floor":16.0},{"not_picked":["Poisoned Stab","Endless Agony","Dodge and Roll+1"],"picked":"SKIP","floor":18.0},{"not_picked":["Flechettes+1","Quick Slash"],"picked":"Acrobatics+1","floor":27.0},{"not_picked":["Backstab","Deflect"],"picked":"Distraction+1","floor":28.0},{"not_picked":["Slice","Backflip","Deadly Poison"],"picked":"SKIP","floor":29.0},{"not_picked":["PiercingWail+1","Riddle With Holes","Deadly Poison"],"picked":"SKIP","floor":30.0},{"not_picked":["Bouncing Flask","Masterful Stab"],"picked":"Quick Slash+1","floor":31.0},{"not_picked":["Die Die Die","Malaise"],"picked":"Grand Finale","floor":33.0},{"not_picked":["Expertise","Bane","Poisoned Stab"],"picked":"SKIP","floor":35.0},{"not_picked":["Cloak And Dagger","Outmaneuver"],"picked":"A Thousand Cuts","floor":40.0},{"not_picked":["Dodge and Roll+1","PiercingWail+1","Predator"],"picked":"SKIP","floor":41.0},{"not_picked":["Skewer","Dagger Throw"],"picked":"Cloak And Dagger+1","floor":44.0},{"not_picked":["Prepared","Blade Dance+1","Cloak And Dagger+1"],"picked":"SKIP","floor":46.0},{"not_picked":["Dagger Spray","Quick Slash+1","Skewer"],"picked":"SKIP","floor":48.0},{"not_picked":["Quick Slash+1","Bane+1"],"picked":"Unload","floor":49.0}],"player_experience":338843,"relics_obtained":[{"floor":5.0,"key":"Orichalcum"},{"floor":6.0,"key":"Shuriken"},{"floor":9.0,"key":"Ancient Tea Set"},{"floor":19.0,"key":"Enchiridion"},{"floor":26.0,"key":"Pocketwatch"},{"floor":30.0,"key":"Snake Skull"},{"floor":37.0,"key":"WingedGreaves"},{"floor":43.0,"key":"MawBank"}],"event_choices":[{"event_name":"Big Fish","player_choice":"Box","floor":2.0,"damage_taken":0.0},{"event_name":"The Lab","player_choice":"Got Potions","floor":3.0,"damage_taken":0.0},{"event_name":"Bonfire Elementals","player_choice":"BASIC","floor":12.0,"damage_taken":0.0},{"event_name":"Cursed Tome","player_choice":"Obtained Book","floor":19.0,"damage_taken":0.0},{"event_name":"Beggar","player_choice":"Gave Gold","floor":20.0,"damage_taken":0.0},{"event_name":"Accursed Blacksmith","player_choice":"Rummage","floor":22.0,"damage_taken":0.0},{"event_name":"Purifier","player_choice":"One Purge","floor":24.0,"damage_taken":0.0},{"event_name":"MindBloom","player_choice":"Gold","floor":36.0,"damage_taken":0.0},{"event_name":"Mysterious Sphere","player_choice":"Fight","floor":37.0,"damage_taken":0.0},{"event_name":"Tomb of Lord Red Mask","player_choice":"Ignored","floor":39.0,"damage_taken":0.0}],"is_beta":false,"boss_relics":[{"not_picked":["Cursed Key","Busted Crown"],"picked":"Empty Cage"},{"not_picked":["Tiny House","Coffee Dripper"],"picked":"Runic Pyramid"}],"items_purged_floors":[4,21,38,45],"is_endless":false,"potions_floor_spawned":[1,14,16,18,29,30,31,33,37,44,46],"ascension_level":9}