{"gold_per_floor":[118,118,132,5,80,80,108,108,108,141,156,175,191,191,191,289,289,309,387,387,487,505,505,538,553,553,553,513,527,103,103,103,207,207,218,218,233,247,259,259,359,359,384,384,404,423,456,472,472,472],"floor_reached":51,"playtime":1065,"items_purged":["Strike_R","Strike_R"],"score":782,"play_id":"611b42ce-a4a3-419d-907c-f68c1b7a40f6","local_time":"20181116130904","is_ascension_mode":false,"campfire_choices":[{"data":"Twin Strike","floor":6.0,"key":"SMITH"},{"data":"Spot Weakness","floor":8.0,"key":"SMITH"},{"data":"Double Tap","floor":15.0,"key":"SMITH"},{"data":"Limit Break","floor":23.0,"key":"SMITH"},{"data":"Sword Boomerang","floor":27.0,"key":"SMITH"},{"floor":32,"key":"DIG"},{"floor":40,"key":"DIG"},{"floor":42,"key":"DIG"},{"floor":44,"key":"DIG"},{"floor":49,"key":"DIG"}],"neow_cost":"NONE","seed_source_timestamp":476502590697,"circlet_count":0,"master_deck":["Strike_R","Strike_R","Strike_R","Defend_R","Defend_R+1","Defend_R+1","Defend_R","Bash","Twin Strike+1","True Grit+1","Sword Boomerang+1","Spot Weakness+1","Double Tap+1","Clothesline+1","Battle Trance","Sword Boomerang+1","Limit Break+1","Flex+1","Whirlwind+1","Inflame+1","Shrug It Off+1","Madness+1","Offering+1","Shrug It Off+1"],"special_seed":0,"relics":["Burning Blood","NeowsBlessing","Boot","Frozen Egg 2","Molten Egg 2","Bag of Marbles","Runic Dome","Singing Bowl","MutagenicStrength","Magic Flower","Toxic Egg 2","Omamori","Shuriken","Bronze Scales","Shovel","War Paint","Philosopher\u0027s Stone","The Courier","FossilizedHelix","Calipers","PreservedInsect","Gambling Chip","Pen Nib","Pantograph"],"potions_floor_usage":[],"damage_taken":[{"damage":0.0,"enemies":"2 Louse","floor":1.0,"turns":1.0},{"damage":0.0,"enemies":"Jaw Worm","floor":3.0,"turns":1.0},{"damage":0.0,"enemies":"3 Sentries","floor":7.0,"turns":1.0},{"damage":19.0,"enemies":"Lagavulin","floor":10.0,"turns":5.0},{"damage":0.0,"enemies":"Cultist","floor":11.0,"turns":2.0},{"damage":14.0,"enemies":"Exordium Wildlife","floor":12.0,"turns":3.0},{"damage":14.0,"enemies":"Blue Slaver","floor":13.0,"turns":3.0},{"damage":25.0,"enemies":"Hexaghost","floor":16.0,"turns":7.0},{"damage":17.0,"enemies":"Spheric Guardian","floor":18.0,"turns":4.0},{"damage":14.0,"enemies":"Colosseum Slavers","floor":21.0,"turns":3.0},{"damage":22.0,"enemies":"Colosseum Nobs","floor":21.0,"turns":4.0},{"damage":10.0,"enemies":"3 Byrds","floor":22.0,"turns":3.0},{"damage":9.0,"enemies":"Slavers","floor":24.0,"turns":3.0},{"damage":18.0,"enemies":"Snake Plant","floor":25.0,"turns":3.0},{"damage":0,"enemies":"Sentry and Sphere","floor":29,"turns":3},{"damage":23,"enemies":"Automaton","floor":33,"turns":5},{"damage":0,"enemies":"Orb Walker","floor":35,"turns":1},{"damage":18,"enemies":"3 Darklings","floor":37,"turns":2},{"damage":2,"enemies":"Jaw Worm Horde","floor":38,"turns":2},{"damage":16,"enemies":"4 Shapes","floor":39,"turns":3},{"damage":41,"enemies":"Mind Bloom Boss Battle","floor":41,"turns":3},{"damage":0,"enemies":"Maw","floor":45,"turns":1},{"damage":0,"enemies":"Spire Growth","floor":46,"turns":1},{"damage":0,"enemies":"Giant Head","floor":47,"turns":1},{"damage":9,"enemies":"Sphere and 2 Shapes","floor":48,"turns":4},{"damage":46,"enemies":"Awakened One","floor":50,"turns":6}],"seed_played":"-347214117802438615","potions_obtained":[{"floor":1.0,"key":"Dexterity Potion"},{"floor":11.0,"key":"GamblersBrew"},{"floor":13.0,"key":"Block Potion"},{"floor":25.0,"key":"PowerPotion"},{"floor":33,"key":"LiquidBronze"}],"is_trial":false,"path_per_floor":["M","?","M","$","?","R","E","R","T","E","M","M","M","T","R","B",null,"M","T","?","?","M","R","E","M","T","R","?","M","$","?","R","B",null,"M","?","M","M","M","R","?","R","T","R","M","M","E","M","R","B",null],"character_chosen":"IRONCLAD","items_purchased":["Sword Boomerang","Bronze Scales","Inflame+1","Shrug It Off+1","Madness+1"],"campfire_rested":0,"item_purchase_floors":[4,30,30,30,30],"current_hp_per_floor":[80,85,85,85,74,74,80,80,80,67,73,65,57,57,57,38,85,74,74,74,52,53,53,55,48,48,48,48,57,57,57,57,43,93,93,88,81,90,85,85,55,55,55,55,66,77,88,90,90,67],"gold":472,"neow_bonus":"THREE_ENEMY_KILL","is_prod":false,"is_daily":false,"chose_seed":false,"campfire_upgraded":5,"win_rate":0,"timestamp":1542362944,"path_taken":["M","?","M","$","?","R","E","R","T","E","M","M","M","?","R","BOSS","M","?","?","?","M","R","E","M","T","R","?","?","$","?","R","BOSS","M","?","M","M","M","R","?","R","T","R","M","M","E","M","R","BOSS"],"build_version":"2018-11-15","purchased_purges":2,"victory":true,"max_hp_per_floor":[80,85,85,85,85,85,85,85,85,85,85,85,85,85,85,85,85,85,85,85,87,89,89,91,93,93,93,93,93,93,93,93,93,93,93,88,90,92,94,94,96,96,96,96,98,100,102,104,104,104],"card_choices":[{"not_picked":["Reckless Charge","Shrug It Off"],"picked":"Twin Strike","floor":1.0},{"not_picked":["Second Wind","Fiend Fire"],"picked":"True Grit","floor":3.0},{"not_picked":["Twin Strike","Combust"],"picked":"Spot Weakness","floor":7.0},{"not_picked":["Headbutt","Burning Pact"],"picked":"Double Tap","floor":10.0},{"not_picked":["Disarm","Pommel Strike+1"],"picked":"Clothesline+1","floor":11.0},{"not_picked":["Anger+1","Intimidate"],"picked":"Battle Trance","floor":12.0},{"not_picked":["Bloodletting","Fire Breathing+1"],"picked":"Sword Boomerang+1","floor":13.0},{"not_picked":["Bludgeon+1","Juggernaut+1"],"picked":"Limit Break","floor":16.0},{"not_picked":["Cleave+1","Entrench+1"],"picked":"Flex+1","floor":18.0},{"not_picked":["Reckless Charge+1","Warcry+1","Rage"],"picked":"Singing Bowl","floor":21.0},{"not_picked":["Iron Wave+1","Power Through+1","Twin Strike+1"],"picked":"Singing Bowl","floor":22.0},{"not_picked":["True Grit+1","Uppercut+1","Thunderclap+1"],"picked":"Singing Bowl","floor":24.0},{"not_picked":["Headbutt+1","Fire Breathing+1","Body Slam+1"],"picked":"Singing Bowl","floor":25.0},{"not_picked":["Spot Weakness+1","Pommel Strike+1"],"picked":"Whirlwind+1","floor":29},{"not_picked":["Juggernaut+1","Fiend Fire+1"],"picked":"Offering+1","floor":33},{"not_picked":["Spot Weakness+1","Anger+1"],"picked":"Shrug It Off+1","floor":35},{"not_picked":["Twin Strike+1","Shrug It Off+1","Rampage+1"],"picked":"Singing Bowl","floor":37},{"not_picked":["Sword Boomerang+1","Seeing Red+1","Wild Strike+1"],"picked":"Singing Bowl","floor":38},{"not_picked":["Sentinel+1","Flex+1","Cleave+1"],"picked":"Singing Bowl","floor":39},{"not_picked":["Fiend Fire+1","True Grit+1","Twin Strike+1"],"picked":"Singing Bowl","floor":41},{"not_picked":["Sentinel+1","Body Slam+1","Intimidate+1"],"picked":"Singing Bowl","floor":45},{"not_picked":["Heavy Blade+1","Perfected Strike+1","Thunderclap+1"],"picked":"Singing Bowl","floor":46},{"not_picked":["Burning Pact+1","Infernal Blade+1","Shockwave+1"],"picked":"Singing Bowl","floor":47},{"not_picked":["Flex+1","Cleave+1","Evolve+1"],"picked":"Singing Bowl","floor":48}],"player_experience":515544,"relics_obtained":[{"floor":7.0,"key":"Boot"},{"floor":9.0,"key":"Frozen Egg 2"},{"floor":10.0,"key":"Molten Egg 2"},{"floor":14.0,"key":"Bag of Marbles"},{"floor":19.0,"key":"Singing Bowl"},{"floor":21.0,"key":"Magic Flower"},{"floor":21.0,"key":"Toxic Egg 2"},{"floor":24.0,"key":"Omamori"},{"floor":26.0,"key":"Shuriken"},{"floor":32,"key":"War Paint"},{"floor":40,"key":"The Courier"},{"floor":41,"key":"FossilizedHelix"},{"floor":42,"key":"Calipers"},{"floor":43,"key":"PreservedInsect"},{"floor":44,"key":"Gambling Chip"},{"floor":47,"key":"Pen Nib"},{"floor":49,"key":"Pantograph"}],"event_choices":[{"damage_healed":0.0,"max_hp_gain":5.0,"max_hp_loss":0.0,"gold_gain":0.0,"event_name":"Big Fish","player_choice":"Donut","floor":2.0,"gold_loss":0.0,"damage_taken":0.0},{"damage_healed":0.0,"max_hp_gain":0.0,"max_hp_loss":0.0,"gold_gain":75.0,"event_name":"World of Goop","player_choice":"Gather Gold","floor":5.0,"gold_loss":0.0,"damage_taken":11.0},{"damage_healed":0.0,"max_hp_gain":0.0,"max_hp_loss":0.0,"gold_gain":0.0,"event_name":"Drug Dealer","player_choice":"Inject Mutagens","floor":20.0,"gold_loss":0.0,"damage_taken":0.0,"relics_obtained":["MutagenicStrength"]},{"damage_healed":0.0,"max_hp_gain":0.0,"max_hp_loss":0.0,"gold_gain":0.0,"event_name":"Colosseum","player_choice":"Fight","floor":21.0,"gold_loss":0.0,"damage_taken":0.0},{"damage_healed":0.0,"max_hp_gain":0.0,"max_hp_loss":0.0,"gold_gain":0.0,"event_name":"Colosseum","player_choice":"Fought Nobs","floor":21.0,"gold_loss":0.0,"damage_taken":0.0},{"damage_healed":0,"gold_gain":0,"player_choice":"Upgrade","damage_taken":0,"max_hp_gain":0,"max_hp_loss":0,"event_name":"Designer","floor":28,"gold_loss":40,"cards_upgraded":["True Grit"]},{"damage_healed":0,"gold_gain":0,"player_choice":"Opened","damage_taken":0,"relics_obtained":["Shovel"],"max_hp_gain":0,"max_hp_loss":0,"event_name":"The Mausoleum","floor":31,"gold_loss":0},{"damage_healed":0,"gold_gain":0,"player_choice":"Max HP","damage_taken":0,"max_hp_gain":0,"max_hp_loss":5,"event_name":"Winding Halls","floor":36,"gold_loss":0},{"damage_healed":0,"gold_gain":0,"player_choice":"Fight","damage_taken":0,"max_hp_gain":0,"max_hp_loss":0,"event_name":"MindBloom","floor":41,"gold_loss":0}],"is_beta":false,"boss_relics":[{"not_picked":["Mark of Pain","White Beast Statue"],"picked":"Runic Dome"},{"not_picked":["Fusion Hammer","Calling Bell"],"picked":"Philosopher\u0027s Stone"}],"items_purged_floors":[4,30],"is_endless":false,"potions_floor_spawned":[1,11,13,18,21,25,33,38,39,45,46],"ascension_level":0}