{"gold_per_floor":[109,109,122,122,122,148,148,159,159,159,187,204,224,149,149,254,304,324,324,224,224,239,239],"floor_reached":23,"playtime":828,"items_purged":["Defend_R","Strike_R"],"score":249,"play_id":"afb50a24-bac6-4832-8b03-7a0ea3f3c06f","local_time":"20190713182705","is_ascension_mode":false,"campfire_choices":[{"data":"Bash","floor":7.0,"key":"SMITH"},{"floor":10.0,"key":"RECALL"},{"floor":15.0,"key":"REST"}],"neow_cost":"NONE","seed_source_timestamp":22657832218801,"circlet_count":0,"master_deck":["Strike_R","Strike_R+1","Strike_R+1","Defend_R","Defend_R","Defend_R+1","Bash+1","Feed","Seeing Red","Clash+1"],"special_seed":0,"relics":["Burning Blood","NeowsBlessing","Du-Vu Doll","Sundial","Ice Cream","Orichalcum","Tiny House","Shovel"],"potions_floor_usage":[23,23],"damage_taken":[{"damage":0.0,"enemies":"Small Slimes","floor":1.0,"turns":1.0},{"damage":0.0,"enemies":"2 Louse","floor":3.0,"turns":1.0},{"damage":0.0,"enemies":"Gremlin Nob","floor":6.0,"turns":1.0},{"damage":6.0,"enemies":"Jaw Worm","floor":8.0,"turns":3.0},{"damage":35.0,"enemies":"3 Sentries","floor":11.0,"turns":12.0},{"damage":17.0,"enemies":"Exordium Wildlife","floor":12.0,"turns":6.0},{"damage":2.0,"enemies":"Looter","floor":13.0,"turns":3.0},{"damage":34.0,"enemies":"Hexaghost","floor":16.0,"turns":8.0},{"damage":28.0,"enemies":"2 Thieves","floor":18.0,"turns":4.0},{"damage":9.0,"enemies":"3 Byrds","floor":22.0,"turns":7.0},{"damage":51,"enemies":"Gremlin Leader","floor":23,"turns":5}],"seed_played":"-5530240035977225109","potions_obtained":[{"floor":1.0,"key":"BloodPotion"},{"floor":12.0,"key":"LiquidBronze"},{"floor":13.0,"key":"Energy Potion"},{"floor":17.0,"key":"SpeedPotion"},{"floor":18.0,"key":"Poison Potion"}],"is_trial":false,"path_per_floor":["M","?","M","?","?","E","R","M","T","R","E","M","M","$","R","B",null,"M","?","$","?","M","E"],"character_chosen":"IRONCLAD","items_purchased":[],"campfire_rested":1,"item_purchase_floors":[],"current_hp_per_floor":[80,80,80,62,46,52,52,52,52,52,23,32,36,36,60,32,85,66,49,49,49,49,0],"gold":239,"neow_bonus":"THREE_ENEMY_KILL","is_prod":false,"is_daily":false,"chose_seed":false,"campfire_upgraded":1,"win_rate":0,"timestamp":1563067625,"path_taken":["M","?","M","?","?","E","R","?","T","R","E","M","M","$","R","BOSS","M","?","$","?","?","E"],"build_version":"2019-07-05","purchased_purges":2,"victory":false,"max_hp_per_floor":[80,80,80,80,80,80,80,80,80,80,80,80,80,80,80,80,85,88,93,93,93,96,96],"card_choices":[{"not_picked":["Perfected Strike","Iron Wave","Heavy Blade"],"picked":"SKIP","floor":1.0},{"not_picked":["Wild Strike","Hemokinesis","Reckless Charge"],"picked":"SKIP","floor":3.0},{"not_picked":["Cleave","Exhume","Twin Strike"],"picked":"SKIP","floor":6.0},{"not_picked":["Warcry","Body Slam","Combust"],"picked":"SKIP","floor":8.0},{"not_picked":["Iron Wave","Sword Boomerang","Rampage"],"picked":"SKIP","floor":11.0},{"not_picked":["Cleave","Perfected Strike","Heavy Blade"],"picked":"SKIP","floor":12.0},{"not_picked":["Cleave","Perfected Strike","Heavy Blade"],"picked":"SKIP","floor":12.0},{"not_picked":["Cleave","Perfected Strike","Heavy Blade"],"picked":"SKIP","floor":12.0},{"not_picked":["Cleave","Perfected Strike","Heavy Blade"],"picked":"SKIP","floor":12.0},{"not_picked":["Clash","True Grit","Seeing Red"],"picked":"SKIP","floor":13.0},{"not_picked":["Fiend Fire","Bludgeon"],"picked":"Feed","floor":16.0},{"not_picked":["Heavy Blade","Evolve"],"picked":"Seeing Red","floor":17.0},{"not_picked":["Perfected Strike","Shockwave","Warcry+1"],"picked":"SKIP","floor":18.0},{"not_picked":["Havoc","Shrug It Off"],"picked":"Clash+1","floor":22.0}],"player_experience":582380,"relics_obtained":[{"floor":6.0,"key":"Sundial"},{"floor":9.0,"key":"Ice Cream"},{"floor":11.0,"key":"Orichalcum"},{"floor":21.0,"key":"Shovel"}],"event_choices":[{"cards_removed":["Strike_R"],"damage_healed":0.0,"max_hp_gain":0.0,"max_hp_loss":0.0,"gold_gain":0.0,"event_name":"Living Wall","player_choice":"Forget","floor":2.0,"gold_loss":0.0,"damage_taken":0.0},{"damage_healed":0.0,"max_hp_gain":0.0,"max_hp_loss":0.0,"gold_gain":0.0,"event_name":"Scrap Ooze","player_choice":"Success","floor":4.0,"gold_loss":0.0,"damage_taken":18.0,"relics_obtained":["Du-Vu Doll"]},{"damage_healed":0.0,"max_hp_gain":0.0,"max_hp_loss":0.0,"gold_gain":0.0,"event_name":"Shining Light","player_choice":"Entered Light","floor":5.0,"gold_loss":0.0,"damage_taken":16.0,"cards_upgraded":["Strike_R","Defend_R"]},{"damage_healed":0.0,"max_hp_gain":5.0,"max_hp_loss":0.0,"gold_gain":0.0,"event_name":"Forgotten Altar","player_choice":"Shed Blood","floor":19.0,"gold_loss":0.0,"damage_taken":22.0},{"damage_healed":0.0,"max_hp_gain":0.0,"max_hp_loss":0.0,"gold_gain":0.0,"event_name":"Wheel of Change","player_choice":"Relic","floor":21.0,"gold_loss":0.0,"damage_taken":0.0}],"is_beta":false,"boss_relics":[{"not_picked":["Fusion Hammer","Calling Bell"],"picked":"Tiny House"}],"items_purged_floors":[14,20],"is_endless":false,"potions_floor_spawned":[1,12,13,18],"killed_by":"Gremlin Leader","ascension_level":0}