{"gold_per_floor":[116,25,25,41,41,82,82,7,33,33,33,69,87,112,112,203,203,223,273,94,144,167,167,115,140,140,140,15,15,15,40,40,40],"floor_reached":33,"playtime":558,"items_purged":["Strike_R","Strike_R","Strike_R"],"score":511,"play_id":"70168aed-b4ff-4bd7-b3e7-75404a215818","local_time":"20180907142703","is_ascension_mode":true,"campfire_choices":[{"data":"Carnage","floor":7.0,"key":"SMITH"},{"data":"Flex","floor":11.0,"key":"SMITH"},{"data":"Flame Barrier","floor":15.0,"key":"SMITH"},{"floor":23,"key":"REST"},{"data":"Offering","floor":27,"key":"SMITH"},{"data":"Flex","floor":29,"key":"SMITH"},{"floor":32,"key":"REST"}],"neow_cost":"NONE","seed_source_timestamp":6456000418373,"circlet_count":0,"master_deck":["Strike_R","Strike_R","Defend_R","Defend_R","Defend_R","Defend_R","Bash","AscendersBane","Flex+1","Carnage+1","Headbutt","Parasite","Cleave","Seeing Red","Flame Barrier+1","Offering+1","Sword Boomerang+1","Metallicize","Flex+1","Shrug It Off"],"special_seed":0,"relics":["Burning Blood","NeowsBlessing","Golden Idol","Art of War","Oddly Smooth Stone","Matryoshka","Velvet Choker","Blue Candle","Singing Bowl"],"potions_floor_usage":[16],"damage_taken":[{"damage":0.0,"enemies":"Cultist","floor":1.0,"turns":1.0},{"damage":0.0,"enemies":"Small Slimes","floor":4.0,"turns":1.0},{"damage":0.0,"enemies":"Lagavulin","floor":6.0,"turns":1.0},{"damage":18.0,"enemies":"3 Sentries","floor":12.0,"turns":6.0},{"damage":6.0,"enemies":"2 Louse","floor":13.0,"turns":2.0},{"damage":0.0,"enemies":"2 Fungi Beasts","floor":14.0,"turns":2.0},{"damage":35,"enemies":"Hexaghost","floor":16,"turns":9},{"damage":24,"enemies":"Spheric Guardian","floor":18,"turns":4},{"damage":9,"enemies":"Chosen","floor":22,"turns":3},{"damage":21,"enemies":"Centurion and Healer","floor":25,"turns":5},{"damage":6,"enemies":"Snake Plant","floor":31,"turns":1},{"damage":74,"enemies":"Champ","floor":33,"turns":10}],"seed_played":"-1018607054888726418","potions_obtained":[{"floor":4.0,"key":"Strength Potion"},{"floor":14.0,"key":"PowerPotion"},{"floor":16,"key":"SpeedPotion"},{"floor":25,"key":"SkillPotion"}],"is_trial":false,"path_per_floor":["M","$","?","M","$","E","R","$","T","?","R","E","M","M","R","B",null,"M","?","$","?","M","R","$","M","T","R","$","R","?","M","R"],"character_chosen":"IRONCLAD","items_purchased":["Carnage","Metallicize","Shrug It Off"],"campfire_rested":2,"item_purchase_floors":[2,20,24],"current_hp_per_floor":[74,74,68,68,68,68,68,68,68,68,68,56,56,62,62,33,59,41,41,41,41,38,58,58,43,43,43,43,43,43,45,66,0],"gold":40,"neow_bonus":"THREE_ENEMY_KILL","is_prod":false,"is_daily":false,"chose_seed":false,"campfire_upgraded":5,"win_rate":0,"timestamp":1536319623,"path_taken":["M","$","?","?","$","E","R","?","T","?","R","E","?","M","R","BOSS","M","?","?","?","M","R","$","?","T","R","$","R","?","M","R","BOSS"],"build_version":"2018-09-06","purchased_purges":3,"victory":false,"max_hp_per_floor":[75,75,68,68,68,68,68,68,68,68,68,68,68,68,68,68,68,68,68,68,68,68,68,68,68,68,68,68,68,68,70,70,70],"card_choices":[{"not_picked":["Armaments","Entrench"],"picked":"Flex","floor":1.0},{"not_picked":["Thunderclap","Hemokinesis"],"picked":"Headbutt","floor":4.0},{"not_picked":["Armaments","Exhume","Clash"],"picked":"SKIP","floor":6.0},{"not_picked":["Iron Wave","Searing Blow"],"picked":"Cleave","floor":12.0},{"not_picked":["Entrench","Reckless Charge"],"picked":"Seeing Red","floor":13.0},{"not_picked":["Bloodletting","Cleave"],"picked":"Flame Barrier","floor":14.0},{"not_picked":["Exhume","Limit Break"],"picked":"Offering","floor":16},{"not_picked":["Rage","Headbutt"],"picked":"Sword Boomerang+1","floor":18},{"not_picked":["Perfected Strike","Fire Breathing"],"picked":"Flex","floor":22},{"not_picked":["Hemokinesis","Anger","Iron Wave"],"picked":"SKIP","floor":25},{"not_picked":["Bloodletting","Blood for Blood","True Grit"],"picked":"Singing Bowl","floor":31}],"player_experience":461437,"relics_obtained":[{"floor":6.0,"key":"Art of War"},{"floor":9.0,"key":"Oddly Smooth Stone"},{"floor":12.0,"key":"Matryoshka"},{"floor":26,"key":"Blue Candle"},{"floor":26,"key":"Singing Bowl"}],"event_choices":[{"event_name":"Golden Idol","player_choice":"Lose Max HP","floor":3.0,"damage_taken":0.0},{"event_name":"Mushrooms","player_choice":"Healed and dodged fight","floor":10.0,"damage_taken":0.0},{"event_name":"The Joust","player_choice":"Bet on Murderer","floor":19,"damage_taken":0},{"event_name":"Golden Shrine","player_choice":"Pray","floor":21,"damage_taken":0},{"event_name":"Beggar","player_choice":"Ignored","floor":30,"damage_taken":0}],"is_beta":false,"boss_relics":[{"not_picked":["Mark of Pain","Pandora\u0027s Box"],"picked":"Velvet Choker"}],"items_purged_floors":[8,20,28],"is_endless":false,"potions_floor_spawned":[4,14,16,25,31],"killed_by":"Champ","ascension_level":17}