{"gold_per_floor":[110,180,195,210,210,238,238,268,268,268,301,34,54,68,68,163,163,178,178,178],"floor_reached":20,"playtime":1408,"items_purged":[],"score":250,"play_id":"f5a8cf75-4e5c-4ee4-a9d9-629196e3fa2d","local_time":"20190807205305","is_ascension_mode":true,"campfire_choices":[{"floor":7,"key":"REST"},{"data":"Sunder","floor":10,"key":"SMITH"},{"data":"Defragment","floor":15,"key":"SMITH"}],"neow_cost":"NONE","seed_source_timestamp":1991469503312300,"circlet_count":0,"master_deck":["Strike_B","Strike_B","Strike_B","Strike_B","Defend_B","Defend_B","Defend_B","Defend_B","Zap","Dualcast","Doom and Gloom","Defragment+1","Sunder+1","Core Surge","Leap+1","Defragment","Rebound","Redo+1","Multi-Cast+1","Buffer","Capacitor"],"relics":["Lizard Tail","PreservedInsect","Question Card","Toxic Egg 2","Strawberry","Pantograph","Symbiotic Virus","Nuclear Battery"],"potions_floor_usage":[8,16],"damage_taken":[{"damage":8,"enemies":"2 Louse","floor":1,"turns":3},{"damage":7,"enemies":"Jaw Worm","floor":3,"turns":3},{"damage":6,"enemies":"Cultist","floor":4,"turns":5},{"damage":36,"enemies":"Gremlin Nob","floor":6,"turns":4},{"damage":13,"enemies":"3 Sentries","floor":8,"turns":4},{"damage":24,"enemies":"Gremlin Nob","floor":11,"turns":4},{"damage":11,"enemies":"Lots of Slimes","floor":13,"turns":4},{"damage":10,"enemies":"3 Louse","floor":14,"turns":3},{"damage":40,"enemies":"Hexaghost","floor":16,"turns":7},{"damage":30,"enemies":"Spheric Guardian","floor":18,"turns":4},{"damage":34,"enemies":"3 Byrds","floor":20,"turns":4}],"seed_played":"8388910621005263854","potions_obtained":[{"floor":1,"key":"SteroidPotion"},{"floor":6,"key":"Block Potion"},{"floor":13,"key":"AttackPotion"},{"floor":18,"key":"Strength Potion"}],"is_trial":false,"path_per_floor":["M","?","M","M","?","E","R","E","T","R","E","$","M","M","R","B",null,"M","?","M"],"character_chosen":"DEFECT","items_purchased":["Symbiotic Virus","Rebound"],"campfire_rested":1,"item_purchase_floors":[12,12],"current_hp_per_floor":[60,60,53,47,47,11,33,20,27,27,3,3,35,25,25,10,64,34,34,0],"gold":178,"neow_bonus":"BOSS_RELIC","is_prod":false,"is_daily":false,"chose_seed":false,"campfire_upgraded":2,"win_rate":0,"timestamp":1565225585,"path_taken":["M","?","M","M","?","E","R","E","T","R","E","$","?","?","R","BOSS","M","?","M"],"build_version":"2019-07-17","purchased_purges":0,"victory":false,"max_hp_per_floor":[75,75,75,75,75,75,75,75,82,82,82,82,82,82,82,82,82,82,82,82],"card_choices":[{"not_picked":["Turbo","Leap"],"picked":"Doom and Gloom","floor":1},{"not_picked":["Cold Snap","Steam"],"picked":"Defragment","floor":3},{"not_picked":["Barrage","Coolheaded"],"picked":"Sunder","floor":4},{"not_picked":["Gash","Stack"],"picked":"Core Surge","floor":6},{"not_picked":["Doom and Gloom","Barrage","FTL"],"picked":"Leap","floor":8},{"not_picked":["Barrage","Sunder","White Noise+1"],"picked":"Defragment","floor":11},{"not_picked":["Hello World","Lockon","Sunder"],"picked":"Redo+1","floor":13},{"not_picked":["Chill+1","Scrape","Conserve Battery+1"],"picked":"Multi-Cast+1","floor":14},{"not_picked":["Thunder Strike","Seek+1","Multi-Cast+1"],"picked":"Buffer","floor":16},{"not_picked":["Consume+1","Force Field+1","Gash"],"picked":"Capacitor","floor":18}],"player_experience":542799,"relics_obtained":[{"floor":6,"key":"Question Card"},{"floor":8,"key":"Toxic Egg 2"},{"floor":9,"key":"Strawberry"},{"floor":11,"key":"Pantograph"}],"event_choices":[{"damage_healed":0,"gold_gain":70,"player_choice":"Gained Gold","damage_taken":0,"max_hp_gain":0,"max_hp_loss":0,"event_name":"Golden Wing","floor":2,"gold_loss":0},{"damage_healed":0,"gold_gain":0,"player_choice":"Gave Potion","damage_taken":0,"relics_obtained":["PreservedInsect"],"max_hp_gain":0,"max_hp_loss":0,"event_name":"WeMeetAgain","floor":5,"gold_loss":0},{"damage_healed":0,"gold_gain":0,"player_choice":"Ignored","damage_taken":0,"max_hp_gain":0,"max_hp_loss":0,"event_name":"Cursed Tome","floor":19,"gold_loss":0}],"is_beta":false,"boss_relics":[{"not_picked":["Velvet Choker","Sozu"],"picked":"Nuclear Battery"}],"items_purged_floors":[],"is_endless":false,"potions_floor_spawned":[1,6,13,18],"killed_by":"3 Byrds","ascension_level":6}