{"gold_per_floor":[119,119,119,137,137,137,137,137,162,87,99,114,46,65,65,139,139,139,139,139,70,70,70,70,70,70,70,70,70,70,70,70,70],"floor_reached":33,"playtime":824,"items_purged":[],"score":446,"play_id":"d7dcdfb8-b0a7-4ae0-a864-e4180aed1970","local_time":"20180916201445","is_ascension_mode":true,"campfire_choices":[{"data":"Streamline","floor":6,"key":"SMITH"},{"data":"Glacier","floor":8,"key":"SMITH"},{"data":"Defragment","floor":15,"key":"SMITH"},{"data":"Loop","floor":23,"key":"SMITH"},{"floor":29,"key":"REST"},{"floor":32,"key":"REST"}],"neow_cost":"NONE","seed_source_timestamp":27303094177981,"circlet_count":0,"master_deck":["Strike_B","Strike_B","Strike_B","Defend_B","Defend_B","Defend_B","Defend_B","Zap+1","Dualcast","AscendersBane","Streamline+1","Conserve Battery","Glacier+1","Electrodynamics","BootSequence","Defragment+1","Coolheaded","Loop+1","Cold Snap","Loop"],"special_seed":0,"relics":["Cracked Core","Blood Vial","Juzu Bracelet","Ectoplasm","MutagenicStrength","Regal Pillow","Bag of Marbles"],"potions_floor_usage":[28],"damage_taken":[{"damage":4.0,"enemies":"2 Louse","floor":1.0,"turns":2.0},{"damage":0,"enemies":"Jaw Worm","floor":4,"turns":2},{"damage":0,"enemies":"Small Slimes","floor":11,"turns":3},{"damage":16,"enemies":"Exordium Wildlife","floor":12,"turns":2},{"damage":2,"enemies":"Blue Slaver","floor":14,"turns":4},{"damage":42,"enemies":"The Guardian","floor":16,"turns":12},{"damage":6,"enemies":"Spheric Guardian","floor":18,"turns":3},{"damage":6,"enemies":"3 Byrds","floor":22,"turns":3},{"damage":17,"enemies":"Centurion and Healer","floor":24,"turns":6},{"damage":18,"enemies":"Colosseum Slavers","floor":25,"turns":3},{"damage":17,"enemies":"Slavers","floor":28,"turns":6},{"damage":19,"enemies":"Snake Plant","floor":30,"turns":4},{"damage":20,"enemies":"Shelled Parasite and Fungi","floor":31,"turns":10},{"damage":47,"enemies":"Champ","floor":33,"turns":9}],"seed_played":"-6464456020404034663","potions_obtained":[{"floor":4,"key":"SteroidPotion"},{"floor":12,"key":"Dexterity Potion"}],"is_trial":false,"path_per_floor":["M","?","?","M","T","R","?","R","T","?","M","M","$","M","R","B",null,"M","?","?","$","M","R","M","?","T","?","E","R","M","M","R"],"character_chosen":"DEFECT","items_purchased":["Defragment","Loop"],"campfire_rested":2,"item_purchase_floors":[13,21],"current_hp_per_floor":[60,60,60,60,60,60,65,65,65,65,67,53,53,53,53,13,60,56,56,56,56,52,52,37,21,21,21,6,43,26,8,45,0],"gold":70,"neow_bonus":"THREE_CARDS","is_prod":false,"is_daily":false,"chose_seed":false,"campfire_upgraded":4,"win_rate":0,"timestamp":1537118085,"path_taken":["M","?","?","M","?","R","?","R","T","?","M","M","?","M","R","BOSS","M","?","?","?","M","R","M","?","T","?","E","R","M","M","R","BOSS"],"build_version":"2018-09-06","purchased_purges":0,"victory":false,"max_hp_per_floor":[71,71,71,71,71,71,76,76,76,76,76,76,76,76,76,76,76,76,76,76,76,76,76,76,76,76,76,76,76,76,76,76,76],"card_choices":[{"not_picked":["Turbo","Barrage"],"picked":"Streamline","floor":0.0},{"not_picked":["Tempest","Double Energy"],"picked":"Conserve Battery","floor":1.0},{"not_picked":["Sweeping Beam","Tempest","Steam"],"picked":"SKIP","floor":4},{"not_picked":["Compile Driver","Rip and Tear","Conserve Battery"],"picked":"SKIP","floor":11},{"not_picked":["Coolheaded","Go for the Eyes"],"picked":"BootSequence","floor":12},{"not_picked":["Streamline","Steam","Compile Driver"],"picked":"SKIP","floor":14},{"not_picked":["Gash","Go for the Eyes"],"picked":"Coolheaded","floor":18},{"not_picked":["Reprogram","Beam Cell"],"picked":"Cold Snap","floor":22},{"not_picked":["Redo","Coolheaded","Stack"],"picked":"SKIP","floor":24},{"not_picked":["Scrape","Hello World","Stack"],"picked":"SKIP","floor":28},{"not_picked":["Chaos","Hello World","Coolheaded"],"picked":"SKIP","floor":30},{"not_picked":["Compile Driver","Double Energy+1"],"picked":"Loop","floor":31}],"player_experience":474053,"relics_obtained":[{"floor":5,"key":"Blood Vial"},{"floor":9,"key":"Juzu Bracelet"},{"floor":26,"key":"Regal Pillow"},{"floor":28,"key":"Bag of Marbles"}],"event_choices":[{"event_name":"Living Wall","player_choice":"Grow","floor":2.0,"damage_taken":0.0},{"event_name":"Match and Keep!","player_choice":"2 cards matched","floor":3,"damage_taken":0},{"event_name":"Big Fish","player_choice":"Donut","floor":7,"damage_taken":0},{"event_name":"The Cleric","player_choice":"Card Removal","floor":10,"damage_taken":0},{"event_name":"Drug Dealer","player_choice":"Inject Mutagens","floor":19,"damage_taken":0},{"event_name":"Ghosts","player_choice":"Ignored","floor":20,"damage_taken":0},{"event_name":"Colosseum","player_choice":"Fight","floor":25,"damage_taken":0},{"event_name":"Colosseum","player_choice":"Fled From Nobs","floor":25,"damage_taken":0},{"event_name":"The Mausoleum","player_choice":"No","floor":27,"damage_taken":0}],"is_beta":false,"boss_relics":[{"not_picked":["Velvet Choker","Eternal Feather"],"picked":"Ectoplasm"}],"items_purged_floors":[],"is_endless":false,"potions_floor_spawned":[4,12,18,24,25],"killed_by":"Champ","ascension_level":15}