{"gold_per_floor":[116,135,310,310,63,63,80,95,95,95,14,47,66,92,92,193,193,205,205,215,229,243,243,272,272,272,321,321,62,93,104,104,208,208,222,222,237,249,0,31,31,58,58,78,111,111,126,144,144,144],"floor_reached":51,"playtime":11549,"items_purged":["Doubt"],"score":787,"play_id":"7cd22041-03d1-421b-9c89-02d9f09b164b","local_time":"20190128232949","is_ascension_mode":false,"campfire_choices":[{"data":"Metamorphosis","floor":6.0,"key":"SMITH"},{"data":"Rage","floor":10.0,"key":"SMITH"},{"data":"Flex","floor":15.0,"key":"SMITH"},{"data":"Entrench","floor":23.0,"key":"SMITH"},{"data":"Double Tap","floor":25.0,"key":"SMITH"},{"data":"Pommel Strike","floor":28.0,"key":"SMITH"},{"data":"Anger","floor":32,"key":"SMITH"},{"data":"Perfected Strike","floor":41,"key":"SMITH"},{"data":"Spot Weakness","floor":49,"key":"SMITH"}],"neow_cost":"NONE","seed_source_timestamp":0,"circlet_count":0,"master_deck":["Strike_R","Strike_R","Strike_R","Strike_R","Defend_R","Defend_R","Defend_R","Defend_R","Bash","Rampage","Flex+1","Iron Wave","Metamorphosis+1","Reaper","Rage+1","Spot Weakness+1","Anger+1","Iron Wave","Shrug It Off","Double Tap+1","Sever Soul+1","Pommel Strike+1","Shockwave+1","Entrench+1","Reaper","Second Wind+1","Juggernaut+1","Juggernaut+1","Rage","Feel No Pain+1","Perfected Strike+1","Dark Embrace+1","Body Slam+1","Madness","Madness","Armaments+1","Heavy Blade+1"],"special_seed":0,"relics":["Burning Blood","Paper Frog","Frozen Egg 2","Red Skull","Coffee Dripper","Happy Flower","Question Card","Oddly Smooth Stone","Shuriken","Bag of Marbles","Runic Pyramid","Red Mask","Mercury Hourglass","Peace Pipe","Self Forming Clay","Kunai"],"potions_floor_usage":[33,40,40],"damage_taken":[{"damage":1.0,"enemies":"Cultist","floor":1.0,"turns":3.0},{"damage":1.0,"enemies":"Jaw Worm","floor":2.0,"turns":3.0},{"damage":13.0,"enemies":"2 Louse","floor":7.0,"turns":2.0},{"damage":3.0,"enemies":"2 Fungi Beasts","floor":8.0,"turns":3.0},{"damage":17.0,"enemies":"3 Sentries","floor":12.0,"turns":6.0},{"damage":6.0,"enemies":"Exordium Wildlife","floor":13.0,"turns":5.0},{"damage":11.0,"enemies":"Gremlin Nob","floor":14.0,"turns":3.0},{"damage":59.0,"enemies":"Slime Boss","floor":16.0,"turns":10.0},{"damage":16.0,"enemies":"2 Thieves","floor":18.0,"turns":5.0},{"damage":17.0,"enemies":"Spheric Guardian","floor":20.0,"turns":4.0},{"damage":9.0,"enemies":"Shelled Parasite and Fungi","floor":21.0,"turns":4.0},{"damage":11.0,"enemies":"Snake Plant","floor":22.0,"turns":2.0},{"damage":29.0,"enemies":"Book of Stabbing","floor":24.0,"turns":5.0},{"damage":14.0,"enemies":"Slavers","floor":30.0,"turns":5.0},{"damage":4,"enemies":"Cultist and Chosen","floor":31,"turns":5},{"damage":34,"enemies":"Automaton","floor":33,"turns":6},{"damage":16,"enemies":"3 Shapes","floor":35,"turns":3},{"damage":10,"enemies":"3 Darklings","floor":37,"turns":3},{"damage":2,"enemies":"Transient","floor":38,"turns":5},{"damage":6,"enemies":"Nemesis","floor":40,"turns":7},{"damage":61,"enemies":"Reptomancer","floor":42,"turns":7},{"damage":20,"enemies":"Sphere and 2 Shapes","floor":44,"turns":4},{"damage":1,"enemies":"Nemesis","floor":45,"turns":5},{"damage":12,"enemies":"Spire Growth","floor":47,"turns":4},{"damage":12,"enemies":"Jaw Worm Horde","floor":48,"turns":5},{"damage":21,"enemies":"Awakened One","floor":50,"turns":8}],"seed_played":"-1020118805347872088","potions_obtained":[{"floor":7.0,"key":"Regen Potion"},{"floor":12.0,"key":"Energy Potion"},{"floor":13.0,"key":"SpeedPotion"},{"floor":19.0,"key":"Fruit Juice"},{"floor":19.0,"key":"EssenceOfSteel"},{"floor":20.0,"key":"Swift Potion"},{"floor":31,"key":"Poison Potion"},{"floor":33,"key":"BloodPotion"},{"floor":35,"key":"Block Potion"},{"floor":38,"key":"Fruit Juice"},{"floor":44,"key":"SkillPotion"},{"floor":45,"key":"Explosive Potion"}],"is_trial":false,"path_per_floor":["M","M","?","?","$","R","M","M","T","R","$","E","M","E","R","B",null,"M","?","M","M","M","R","E","R","T","T","R","$","E","M","R","B",null,"M","?","M","M","?","E","R","E","T","M","E","?","M","M","R","B",null],"character_chosen":"IRONCLAD","items_purchased":["Metamorphosis","Spot Weakness","Shuriken"],"campfire_rested":0,"item_purchase_floors":[5,11,29],"current_hp_per_floor":[80,80,80,85,85,85,78,81,81,81,81,70,81,76,76,42,85,75,75,69,66,61,61,67,67,67,67,67,67,67,90,90,62,90,80,80,86,90,90,95,95,80,80,76,81,69,63,65,65,69],"gold":144,"neow_bonus":"THREE_CARDS","is_prod":false,"is_daily":false,"chose_seed":false,"campfire_upgraded":9,"win_rate":0.0,"timestamp":1548714589,"path_taken":["M","M","?","?","$","R","M","M","T","R","?","E","M","E","R","BOSS","M","?","M","M","?","R","E","R","T","?","R","?","E","M","R","BOSS","M","?","M","M","?","E","R","E","T","M","E","?","M","M","R","BOSS"],"build_version":"2019-01-23","purchased_purges":1,"victory":true,"max_hp_per_floor":[80,80,80,85,85,85,85,85,85,85,85,85,85,85,85,85,85,85,85,90,90,90,90,90,90,90,90,90,90,90,90,90,90,90,90,90,90,90,90,95,95,95,95,95,95,95,95,95,95,95],"card_choices":[{"not_picked":["Infernal Blade","Clothesline"],"picked":"Rampage","floor":0.0},{"not_picked":["Pommel Strike","Clothesline"],"picked":"Flex","floor":1.0},{"not_picked":["Clothesline","Sword Boomerang"],"picked":"Iron Wave","floor":2.0},{"not_picked":["Sword Boomerang","Cleave"],"picked":"Reaper","floor":7.0},{"not_picked":["Burning Pact","Carnage"],"picked":"Rage","floor":8.0},{"not_picked":["Shrug It Off","Battle Trance"],"picked":"Anger","floor":12.0},{"not_picked":["Anger","Carnage"],"picked":"Iron Wave","floor":13.0},{"not_picked":["Rampage","Carnage"],"picked":"Shrug It Off","floor":14.0},{"not_picked":["Bludgeon","Impervious"],"picked":"Double Tap","floor":16.0},{"not_picked":["Cleave+1","Clash+1"],"picked":"Sever Soul+1","floor":18.0},{"not_picked":["Thunderclap","Twin Strike"],"picked":"Pommel Strike","floor":20.0},{"not_picked":["True Grit","Clothesline"],"picked":"Shockwave+1","floor":21.0},{"not_picked":["Hemokinesis","Warcry"],"picked":"Entrench","floor":22.0},{"not_picked":["Thunderclap","Entrench+1"],"picked":"Reaper","floor":24.0},{"not_picked":["Ghostly Armor","Cleave","Sword Boomerang+1"],"picked":"Second Wind+1","floor":30.0},{"not_picked":["Iron Wave","Uppercut","Anger"],"picked":"Juggernaut+1","floor":31},{"not_picked":["Impervious","Bludgeon","Offering"],"picked":"Juggernaut+1","floor":33},{"not_picked":["Warcry+1","Perfected Strike+1","Pommel Strike"],"picked":"Rage","floor":35},{"not_picked":["Anger","Intimidate","Pommel Strike+1"],"picked":"Feel No Pain+1","floor":37},{"not_picked":["Anger+1","Twin Strike+1","Thunderclap"],"picked":"Perfected Strike","floor":38},{"not_picked":["Sword Boomerang","Clothesline+1","Corruption+1","True Grit"],"picked":"SKIP","floor":40},{"not_picked":["Sword Boomerang","Clothesline+1","Corruption+1","True Grit"],"picked":"SKIP","floor":40},{"not_picked":["Flame Barrier+1","Pommel Strike+1","Anger"],"picked":"Dark Embrace+1","floor":42},{"not_picked":["Entrench+1","Power Through+1","Pommel Strike+1"],"picked":"Body Slam+1","floor":44},{"not_picked":["Clash","Warcry+1","Twin Strike+1","Anger"],"picked":"SKIP","floor":45},{"not_picked":["Body Slam","Rage","Cleave"],"picked":"Armaments+1","floor":47},{"not_picked":["Fire Breathing+1","Clothesline","True Grit"],"picked":"Heavy Blade+1","floor":48}],"player_experience":18514,"relics_obtained":[{"floor":9.0,"key":"Paper Frog"},{"floor":12.0,"key":"Frozen Egg 2"},{"floor":14.0,"key":"Red Skull"},{"floor":24.0,"key":"Happy Flower"},{"floor":26.0,"key":"Question Card"},{"floor":27.0,"key":"Oddly Smooth Stone"},{"floor":30.0,"key":"Bag of Marbles"},{"floor":40,"key":"Mercury Hourglass"},{"floor":42,"key":"Peace Pipe"},{"floor":43,"key":"Self Forming Clay"},{"floor":45,"key":"Kunai"}],"event_choices":[{"damage_healed":0.0,"max_hp_gain":0.0,"max_hp_loss":0.0,"gold_gain":175.0,"event_name":"Liars Game","player_choice":"AGREE","floor":3.0,"gold_loss":0.0,"damage_taken":0.0,"cards_obtained":["Doubt"]},{"damage_healed":0.0,"max_hp_gain":5.0,"max_hp_loss":0.0,"gold_gain":0.0,"event_name":"Big Fish","player_choice":"Donut","floor":4.0,"gold_loss":0.0,"damage_taken":0.0},{"damage_healed":0.0,"max_hp_gain":0.0,"max_hp_loss":0.0,"gold_gain":0.0,"event_name":"Lab","player_choice":"Got Potions","floor":19.0,"gold_loss":0.0,"damage_taken":0.0},{"cards_removed":["Strike_R"],"damage_healed":0,"gold_gain":0,"player_choice":"Removed Attack","damage_taken":0,"max_hp_gain":0,"max_hp_loss":0,"event_name":"Falling","floor":36,"gold_loss":0},{"damage_healed":0,"gold_gain":0,"player_choice":"Paid","damage_taken":0,"relics_obtained":["Red Mask"],"max_hp_gain":0,"max_hp_loss":0,"event_name":"Tomb of Lord Red Mask","floor":39,"gold_loss":249},{"damage_healed":0,"gold_gain":0,"player_choice":"Embrace Madness","damage_taken":12,"max_hp_gain":0,"max_hp_loss":0,"event_name":"Winding Halls","floor":46,"gold_loss":0,"cards_obtained":["Madness","Madness"]}],"is_beta":false,"boss_relics":[{"not_picked":["Busted Crown","Black Blood"],"picked":"Coffee Dripper"},{"not_picked":["Mark of Pain","Astrolabe"],"picked":"Runic Pyramid"}],"items_purged_floors":[5],"is_endless":false,"potions_floor_spawned":[7,12,13,20,31,33,35,38,44,45],"ascension_level":0}