{"gold_per_floor":[116,291,42,55,85,97,111,141,141,159,159],"floor_reached":11,"playtime":499,"items_purged":["Doubt"],"score":79,"play_id":"4ef21bb2-7955-4d11-989c-0b8bd21c7711","local_time":"20180817193745","is_ascension_mode":true,"campfire_choices":[],"neow_cost":"TEN_PERCENT_HP_LOSS","seed_source_timestamp":13085472376759,"circlet_count":0,"master_deck":["Strike_B","Strike_B","Strike_B","Strike_B","Defend_B","Defend_B","Defend_B","Defend_B","Zap","Dualcast","Echo Form","Ball Lightning","Gash","Reinforced Body","Impatience","White Noise","Go for the Eyes","Streamline","Sunder+1","Gash+1"],"relics":["Cracked Core","Tiny Chest","Molten Egg 2","Dream Catcher"],"potions_floor_usage":[8,10,11],"damage_taken":[{"damage":13,"enemies":"Jaw Worm","floor":1,"turns":3},{"damage":1,"enemies":"Cultist","floor":4,"turns":3},{"damage":13,"enemies":"2 Louse","floor":6,"turns":3},{"damage":4,"enemies":"Blue Slaver","floor":7,"turns":2},{"damage":21,"enemies":"Lagavulin","floor":8,"turns":5},{"damage":0,"enemies":"Lots of Slimes","floor":10,"turns":3},{"damage":9,"enemies":"Red Slaver","floor":11,"turns":1}],"seed_played":"-185588483999760547","potions_obtained":[{"floor":6,"key":"FocusPotion"},{"floor":8,"key":"AttackPotion"},{"floor":10,"key":"PowerPotion"}],"is_trial":false,"path_per_floor":["M","?","$","M","?","M","M","E","T","M"],"character_chosen":"DEFECT","items_purchased":["Gash","Reinforced Body","Impatience"],"campfire_rested":0,"item_purchase_floors":[3,3,3],"current_hp_per_floor":[55,55,55,54,42,29,25,4,4,4,0],"gold":159,"neow_bonus":"THREE_RARE_CARDS","is_prod":false,"is_daily":false,"chose_seed":false,"campfire_upgraded":0,"win_rate":0,"timestamp":1534531065,"path_taken":["M","?","$","M","?","M","M","E","T","?","M"],"build_version":"2018-08-16","purchased_purges":1,"victory":false,"max_hp_per_floor":[68,68,68,68,68,68,68,68,68,68,68],"card_choices":[{"not_picked":["Machine Learning","Core Surge"],"picked":"Echo Form","floor":0},{"not_picked":["Rebound","Stack"],"picked":"Ball Lightning","floor":1},{"not_picked":["Coolheaded","Steam"],"picked":"White Noise","floor":4},{"not_picked":["Sweeping Beam","Consume"],"picked":"Go for the Eyes","floor":6},{"not_picked":["Hologram","Reprogram"],"picked":"Streamline","floor":7},{"not_picked":["Sweeping Beam","Double Energy"],"picked":"Sunder","floor":8},{"not_picked":["Heatsinks","Rainbow"],"picked":"Gash+1","floor":10}],"player_experience":104854,"relics_obtained":[{"floor":8,"key":"Molten Egg 2"},{"floor":9,"key":"Dream Catcher"}],"event_choices":[{"event_name":"Liars Game","player_choice":"agreed","floor":2,"damage_taken":0},{"event_name":"Scrap Ooze","player_choice":"success","floor":5,"damage_taken":12}],"is_beta":false,"boss_relics":[],"items_purged_floors":[3],"is_endless":false,"potions_floor_spawned":[6,8,10],"killed_by":"Red Slaver","ascension_level":1}