{"gold_per_floor":[113,125,50,60,60,60,73,108,164,164,11,26,26,53,53,153,153,165,165,80,11,11,36,55,75,75,75,108,108],"floor_reached":29,"playtime":1785,"items_purged":["Strike_B","Strike_B"],"score":364,"play_id":"d3b38848-41ff-4df0-8c48-007d74b6a339","local_time":"20181021220720","is_ascension_mode":true,"campfire_choices":[{"data":"Dualcast","floor":6.0,"key":"SMITH"},{"floor":10.0,"key":"REST"},{"floor":13.0,"key":"REST"},{"data":"Hologram","floor":15.0,"key":"SMITH"},{"data":"Defragment","floor":27,"key":"SMITH"}],"neow_cost":"PERCENT_DAMAGE","seed_source_timestamp":0,"circlet_count":0,"master_deck":["Defend_B","Defend_B","Defend_B","Zap","Dualcast+1","Gash","Steam","Hologram+1","Hologram","Gash","Self Repair","Electrodynamics","Seek","Reinforced Body+1","Defragment+1","Scrape","Defragment+1","Conserve Battery","Fusion"],"special_seed":0,"relics":["Cracked Core","Juzu Bracelet","Tiny Chest","Bag of Marbles","Inserter","Dodecahedron","Pen Nib","Sundial","Red Mask"],"potions_floor_usage":[28,28],"damage_taken":[{"damage":6.0,"enemies":"Cultist","floor":1.0,"turns":3.0},{"damage":4.0,"enemies":"Jaw Worm","floor":2.0,"turns":3.0},{"damage":3.0,"enemies":"2 Louse","floor":4.0,"turns":2.0},{"damage":7.0,"enemies":"Exordium Thugs","floor":7.0,"turns":5.0},{"damage":27.0,"enemies":"Gremlin Nob","floor":8.0,"turns":5.0},{"damage":0.0,"enemies":"Exordium Wildlife","floor":12.0,"turns":3.0},{"damage":15.0,"enemies":"3 Sentries","floor":14.0,"turns":9.0},{"damage":38.0,"enemies":"Slime Boss","floor":16.0,"turns":7.0},{"damage":0.0,"enemies":"3 Byrds","floor":18.0,"turns":3.0},{"damage":42,"enemies":"Gremlin Leader","floor":23,"turns":6},{"damage":0,"enemies":"Chosen","floor":24,"turns":5},{"damage":11,"enemies":"Centurion and Healer","floor":25,"turns":5},{"damage":7,"enemies":"Masked Bandits","floor":28,"turns":2},{"damage":26,"enemies":"Slavers","floor":29,"turns":2}],"seed_played":"3465864991920541063","potions_obtained":[{"floor":1.0,"key":"Weak Potion"},{"floor":8.0,"key":"Block Potion"},{"floor":12.0,"key":"GamblersBrew"},{"floor":16.0,"key":"Block Potion"},{"floor":18.0,"key":"Energy Potion"},{"floor":25,"key":"Explosive Potion"}],"is_trial":false,"path_per_floor":["M","M","$","M","?","R","M","E","T","R","$","M","R","E","R","B",null,"M","?","?","$","?","E","M","M","T","R","?"],"character_chosen":"DEFECT","items_purchased":["Gash","Scrape"],"campfire_rested":2,"item_purchase_floors":[11,21],"current_hp_per_floor":[44,40,40,37,37,37,30,3,3,25,25,25,47,39,39,8,58,65,65,65,65,51,16,23,19,19,19,19,0],"gold":108,"neow_bonus":"REMOVE_TWO","is_prod":false,"is_daily":false,"chose_seed":false,"campfire_upgraded":3,"win_rate":0,"timestamp":1540184840,"path_taken":["M","?","$","?","?","R","M","E","T","R","?","M","R","E","R","BOSS","M","?","?","$","?","E","M","M","T","R","?","E"],"build_version":"2018-10-18","purchased_purges":2,"victory":false,"max_hp_per_floor":[75,75,75,75,75,75,75,75,75,75,75,75,75,75,75,75,75,75,75,75,75,80,80,80,80,80,80,80,80],"card_choices":[{"not_picked":["White Noise","Coolheaded"],"picked":"Gash","floor":1.0},{"not_picked":["Turbo","Leap"],"picked":"Steam","floor":2.0},{"not_picked":["Coolheaded","Cold Snap","Ball Lightning"],"picked":"SKIP","floor":4.0},{"not_picked":["Turbo","Beam Cell"],"picked":"Hologram","floor":7.0},{"not_picked":["Leap","Force Field"],"picked":"Hologram","floor":8.0},{"not_picked":["Rip and Tear","Leap"],"picked":"Self Repair","floor":12.0},{"not_picked":["Streamline","Rip and Tear"],"picked":"Electrodynamics","floor":14.0},{"not_picked":["Biased Cognition","Multi-Cast"],"picked":"Seek","floor":16.0},{"not_picked":["Sunder","Turbo"],"picked":"Reinforced Body+1","floor":18.0},{"not_picked":["Melter","Barrage+1"],"picked":"Defragment+1","floor":23},{"not_picked":["White Noise","Cold Snap+1","Reinforced Body+1"],"picked":"SKIP","floor":24},{"not_picked":["Tempest","Doom and Gloom"],"picked":"Conserve Battery","floor":25},{"not_picked":["Recycle+1","Sweeping Beam+1"],"picked":"Fusion","floor":28}],"player_experience":390262,"relics_obtained":[{"floor":8.0,"key":"Juzu Bracelet"},{"floor":9.0,"key":"Tiny Chest"},{"floor":14.0,"key":"Bag of Marbles"},{"floor":23,"key":"Pen Nib"},{"floor":26,"key":"Sundial"},{"floor":28,"key":"Red Mask"}],"event_choices":[{"cards_removed":["Strike_B"],"damage_healed":0.0,"max_hp_gain":0.0,"max_hp_loss":0.0,"gold_gain":0.0,"event_name":"Living Wall","player_choice":"Forget","floor":5.0,"gold_loss":0.0,"damage_taken":0.0},{"damage_healed":0.0,"max_hp_gain":0.0,"max_hp_loss":0.0,"gold_gain":0.0,"event_name":"The Library","player_choice":"Read","floor":19.0,"gold_loss":0.0,"damage_taken":0.0,"cards_obtained":["Defragment"]},{"damage_healed":0,"gold_gain":0,"player_choice":"Obtained Relic","damage_taken":0,"relics_obtained":["Dodecahedron"],"max_hp_gain":0,"max_hp_loss":0,"event_name":"Addict","floor":20,"gold_loss":85},{"damage_healed":0,"gold_gain":0,"player_choice":"Shed Blood","damage_taken":19,"max_hp_gain":5,"max_hp_loss":0,"event_name":"Forgotten Altar","floor":22,"gold_loss":0},{"damage_healed":0,"gold_gain":0,"player_choice":"Fought Bandits","damage_taken":0,"max_hp_gain":0,"max_hp_loss":0,"event_name":"Masked Bandits","floor":28,"gold_loss":0}],"is_beta":false,"boss_relics":[{"not_picked":["Coffee Dripper","Sozu"],"picked":"Inserter"}],"items_purged_floors":[3,11],"is_endless":false,"potions_floor_spawned":[1,8,12,16,18,25],"killed_by":"Slavers","ascension_level":9}