{"gold_per_floor":[18,28,40,59,72,104,117,147,174,184,184,197,197,50,50,151,151,168,93,107,121,131,151,151,151,174,185,197,197,112,132,132,236,236,255,77,87,103,0,0,13,13,38,38,58,70,70,99,99,99],"floor_reached":51,"playtime":4451,"items_purged":["Strike_R","Burning Pact"],"score":689,"play_id":"f4e03f05-3abd-44bb-a001-1454cf088a31","local_time":"20190611225826","is_ascension_mode":false,"campfire_choices":[{"data":"True Grit","floor":11,"key":"SMITH"},{"data":"Clothesline","floor":13,"key":"SMITH"},{"data":"Disarm","floor":15,"key":"SMITH"},{"data":"Shrug It Off","floor":24,"key":"SMITH"},{"data":"Demon Form","floor":29,"key":"SMITH"},{"data":"Disarm","floor":32,"key":"SMITH"},{"data":"Flame Barrier","floor":40,"key":"SMITH"},{"data":"Double Tap","floor":44,"key":"SMITH"},{"data":"True Grit","floor":47,"key":"SMITH"},{"floor":49,"key":"REST"}],"neow_cost":"NO_GOLD","seed_source_timestamp":17900010840855,"circlet_count":0,"master_deck":["Defend_R","Defend_R","Bash","Clothesline+1","Disarm+1","Cleave","Pommel Strike","Ghostly Armor","Feed","True Grit+1","Twin Strike","True Grit+1","Spot Weakness","Shrug It Off+1","Disarm+1","Flame Barrier+1","Demon Form+1","Double Tap+1","Blood for Blood+1","Clothesline+1","Pummel+1","Battle Trance","Parasite","Battle Trance"],"relics":["Burning Blood","Red Skull","Pen Nib","Bag of Preparation","Velvet Choker","Ancient Tea Set","Incense Burner","Astrolabe","Red Mask","PreservedInsect","Oddly Smooth Stone"],"potions_floor_usage":[6,7,16,22,22,31,37,41,50,50,50],"damage_taken":[{"damage":6,"enemies":"Jaw Worm","floor":1,"turns":5},{"damage":7,"enemies":"Small Slimes","floor":2,"turns":5},{"damage":0,"enemies":"2 Louse","floor":3,"turns":5},{"damage":27,"enemies":"Exordium Thugs","floor":4,"turns":5},{"damage":5,"enemies":"Lots of Slimes","floor":5,"turns":3},{"damage":17,"enemies":"3 Sentries","floor":6,"turns":9},{"damage":10,"enemies":"Large Slime","floor":7,"turns":5},{"damage":8,"enemies":"3 Louse","floor":10,"turns":2},{"damage":5,"enemies":"2 Fungi Beasts","floor":12,"turns":5},{"damage":15,"enemies":"Hexaghost","floor":16,"turns":10},{"damage":16,"enemies":"2 Thieves","floor":18,"turns":4},{"damage":3,"enemies":"3 Byrds","floor":20,"turns":6},{"damage":0,"enemies":"Cultist and Chosen","floor":21,"turns":7},{"damage":10,"enemies":"Centurion and Healer","floor":22,"turns":5},{"damage":34,"enemies":"Sentry and Sphere","floor":23,"turns":6},{"damage":8,"enemies":"Chosen and Byrds","floor":27,"turns":7},{"damage":20,"enemies":"3 Cultists","floor":28,"turns":7},{"damage":6,"enemies":"Centurion and Healer","floor":31,"turns":5},{"damage":36,"enemies":"Automaton","floor":33,"turns":9},{"damage":14,"enemies":"3 Darklings","floor":35,"turns":5},{"damage":9,"enemies":"3 Shapes","floor":37,"turns":5},{"damage":38,"enemies":"Sphere and 2 Shapes","floor":38,"turns":6},{"damage":0,"enemies":"Writhing Mass","floor":41,"turns":7},{"damage":18,"enemies":"Jaw Worm Horde","floor":45,"turns":5},{"damage":13,"enemies":"Spire Growth","floor":46,"turns":5},{"damage":5,"enemies":"Giant Head","floor":48,"turns":8},{"damage":74,"enemies":"Awakened One","floor":50,"turns":10}],"seed_played":"4870087394711173358","potions_obtained":[{"floor":4,"key":"Strength Potion"},{"floor":5,"key":"Block Potion"},{"floor":6,"key":"AttackPotion"},{"floor":7,"key":"Fire Potion"},{"floor":16,"key":"Ancient Potion"},{"floor":20,"key":"Strength Potion"},{"floor":22,"key":"BloodPotion"},{"floor":27,"key":"Block Potion"},{"floor":35,"key":"SkillPotion"},{"floor":38,"key":"Regen Potion"},{"floor":41,"key":"SteroidPotion"},{"floor":46,"key":"Weak Potion"}],"is_trial":false,"path_per_floor":["M","M","M","M","M","E","M","?","T","M","R","M","R","$","R","B",null,"M","$","M","M","M","M","R","?","T","M","M","R","?","M","R","B",null,"M","$","M","M","?","R","M","?","T","R","M","M","R","E","R","B",null],"character_chosen":"IRONCLAD","items_purchased":["Bag of Preparation","Battle Trance"],"campfire_rested":1,"item_purchase_floors":[14,36],"current_hp_per_floor":[80,79,80,59,60,49,48,48,48,49,49,53,53,53,53,44,89,82,82,91,100,99,74,74,74,74,72,61,61,61,61,61,31,110,102,102,99,70,70,70,87,87,87,87,78,71,71,72,106,56],"gold":99,"neow_bonus":"REMOVE_TWO","is_prod":false,"is_daily":false,"chose_seed":false,"campfire_upgraded":9,"win_rate":0,"timestamp":1560286706,"path_taken":["M","M","M","M","M","E","M","?","T","M","R","M","R","$","R","BOSS","M","$","M","M","M","M","R","?","T","M","M","R","?","M","R","BOSS","M","$","M","M","?","R","M","?","T","R","M","?","R","E","R","BOSS"],"build_version":"2019-01-23","purchased_purges":2,"victory":true,"max_hp_per_floor":[80,80,80,80,80,80,83,83,83,86,86,89,89,89,89,89,89,92,92,98,101,104,107,107,107,107,107,110,110,110,110,110,110,110,110,110,110,113,113,113,113,113,113,113,116,116,116,116,116,119],"card_choices":[{"not_picked":["Twin Strike","Warcry"],"picked":"Clothesline","floor":1},{"not_picked":["Headbutt","Clothesline"],"picked":"Disarm","floor":2},{"not_picked":["Feel No Pain","Thunderclap"],"picked":"Cleave","floor":3},{"not_picked":["Perfected Strike","Immolate"],"picked":"Pommel Strike","floor":4},{"not_picked":["Headbutt","Shockwave"],"picked":"Ghostly Armor","floor":5},{"not_picked":["Heavy Blade","Second Wind"],"picked":"Feed","floor":6},{"not_picked":["Havoc","Cleave","Wild Strike"],"picked":"SKIP","floor":7},{"not_picked":["Flex","Pommel Strike"],"picked":"True Grit","floor":10},{"not_picked":["Searing Blow","Limit Break"],"picked":"Twin Strike","floor":12},{"not_picked":["Fiend Fire","Barricade"],"picked":"Feed","floor":16},{"not_picked":["Searing Blow","Ghostly Armor"],"picked":"True Grit","floor":18},{"not_picked":["Thunderclap+1","Iron Wave","Blood for Blood"],"picked":"SKIP","floor":20},{"not_picked":["Ghostly Armor+1","Headbutt"],"picked":"Spot Weakness","floor":21},{"not_picked":["Clash","Bloodletting"],"picked":"Shrug It Off","floor":22},{"not_picked":["Warcry","Twin Strike"],"picked":"Disarm","floor":23},{"not_picked":["Corruption","Dual Wield+1"],"picked":"Demon Form","floor":27},{"not_picked":["Clothesline","Anger","Bloodletting+1"],"picked":"SKIP","floor":28},{"not_picked":["Iron Wave+1","Body Slam","Anger+1"],"picked":"SKIP","floor":31},{"not_picked":["Barricade","Immolate"],"picked":"Double Tap","floor":33},{"not_picked":["Cleave+1","Havoc+1","Clash+1"],"picked":"SKIP","floor":35},{"not_picked":["Pommel Strike+1","Immolate","Bloodletting+1"],"picked":"SKIP","floor":37},{"not_picked":["Sentinel+1","Flex+1","Heavy Blade+1"],"picked":"SKIP","floor":38},{"not_picked":["Sentinel+1","Flex+1","Heavy Blade+1"],"picked":"SKIP","floor":38},{"not_picked":["Warcry","Thunderclap","Anger+1"],"picked":"SKIP","floor":41},{"not_picked":["Infernal Blade","Perfected Strike","Havoc"],"picked":"SKIP","floor":45},{"not_picked":["Perfected Strike","Sword Boomerang+1","Iron Wave+1"],"picked":"SKIP","floor":46},{"not_picked":["Clothesline","Armaments+1"],"picked":"Battle Trance","floor":48}],"player_experience":396799,"relics_obtained":[{"floor":6,"key":"Red Skull"},{"floor":9,"key":"Pen Nib"},{"floor":26,"key":"Ancient Tea Set"},{"floor":43,"key":"PreservedInsect"},{"floor":48,"key":"Oddly Smooth Stone"}],"event_choices":[{"damage_healed":0,"gold_gain":30,"player_choice":"Searched \u00271\u0027 times","damage_taken":0,"max_hp_gain":0,"max_hp_loss":0,"event_name":"Dead Adventurer","floor":8,"gold_loss":0},{"damage_healed":0,"gold_gain":0,"cards_transformed":["Strike_R","Strike_R"],"player_choice":"Became Test Subject","damage_taken":0,"max_hp_gain":0,"max_hp_loss":0,"event_name":"Drug Dealer","floor":25,"gold_loss":0,"cards_obtained":["Flame Barrier","Burning Pact"]},{"damage_healed":0,"gold_gain":0,"player_choice":"Obtained Relic","damage_taken":0,"relics_obtained":["Incense Burner"],"max_hp_gain":0,"max_hp_loss":0,"event_name":"Addict","floor":30,"gold_loss":85},{"damage_healed":0,"gold_gain":0,"player_choice":"Paid","damage_taken":0,"relics_obtained":["Red Mask"],"max_hp_gain":0,"max_hp_loss":0,"event_name":"Tomb of Lord Red Mask","floor":39,"gold_loss":103},{"damage_healed":0,"gold_gain":0,"player_choice":"Memory 1","damage_taken":0,"max_hp_gain":0,"max_hp_loss":0,"event_name":"SensoryStone","floor":42,"gold_loss":0}],"is_beta":false,"boss_relics":[{"not_picked":["White Beast Statue","Runic Dome"],"picked":"Velvet Choker"},{"not_picked":["Coffee Dripper","Calling Bell"],"picked":"Astrolabe"}],"items_purged_floors":[19,36],"is_endless":false,"potions_floor_spawned":[4,5,6,7,16,20,22,27,35,38,41,46],"ascension_level":0}