{"gold_per_floor":[110,285,304,160,160,193,193,211,234,234,246,263,263],"floor_reached":13,"playtime":1091,"items_purged":["Doubt"],"score":110,"play_id":"2a2bcde3-c89c-4fd4-b8e4-0f6901e1d926","local_time":"20190805211447","is_ascension_mode":false,"campfire_choices":[{"data":"Hologram","floor":7,"key":"SMITH"},{"data":"White Noise","floor":10,"key":"SMITH"}],"neow_cost":"NONE","seed_source_timestamp":469675827934008,"circlet_count":0,"master_deck":["Strike_B","Strike_B","Strike_B","Strike_B","Defend_B","Defend_B","Defend_B","Zap","Dualcast","Capacitor","Barrage","White Noise+1","Hologram+1","Compile Driver","Ball Lightning","Coolheaded"],"relics":["Cracked Core","NeowsBlessing","Strawberry","Potion Belt"],"potions_floor_usage":[13],"damage_taken":[{"damage":0,"enemies":"Cultist","floor":1,"turns":1},{"damage":0,"enemies":"Small Slimes","floor":3,"turns":1},{"damage":0,"enemies":"3 Sentries","floor":6,"turns":1},{"damage":13,"enemies":"Jaw Worm","floor":8,"turns":3},{"damage":12,"enemies":"Exordium Thugs","floor":11,"turns":5},{"damage":19,"enemies":"Blue Slaver","floor":12,"turns":3},{"damage":42,"enemies":"Gremlin Nob","floor":13,"turns":4}],"seed_played":"-7610498791787049443","potions_obtained":[{"floor":6,"key":"Block Potion"}],"is_trial":false,"path_per_floor":["M","?","M","$","?","E","R","M","T","R","M","M","E"],"character_chosen":"DEFECT","items_purchased":["White Noise"],"campfire_rested":0,"item_purchase_floors":[4],"current_hp_per_floor":[75,75,75,75,75,82,82,69,69,69,57,38,0],"gold":263,"neow_bonus":"THREE_ENEMY_KILL","is_prod":false,"is_daily":false,"chose_seed":false,"campfire_upgraded":2,"win_rate":0.0,"timestamp":1565054087,"path_taken":["M","?","M","$","?","E","R","M","T","R","M","M","E"],"build_version":"2019-07-17","purchased_purges":1,"victory":false,"max_hp_per_floor":[75,75,75,75,75,82,82,82,82,82,82,82,82],"card_choices":[{"not_picked":["Steam","Chaos"],"picked":"Capacitor","floor":1},{"not_picked":["Redo","Coolheaded"],"picked":"Barrage","floor":3},{"not_picked":["Steam","Stack"],"picked":"Hologram","floor":6},{"not_picked":["Aggregate","Beam Cell"],"picked":"Compile Driver","floor":8},{"not_picked":["Capacitor","White Noise"],"picked":"Ball Lightning","floor":11},{"not_picked":["Steam","Compile Driver"],"picked":"Coolheaded","floor":12}],"player_experience":15084,"relics_obtained":[{"floor":6,"key":"Strawberry"},{"floor":9,"key":"Potion Belt"}],"event_choices":[{"damage_healed":0,"gold_gain":175,"player_choice":"AGREE","damage_taken":0,"max_hp_gain":0,"max_hp_loss":0,"event_name":"Liars Game","floor":2,"gold_loss":0,"cards_obtained":["Doubt"]},{"cards_removed":["Defend_B"],"damage_healed":0,"gold_gain":0,"player_choice":"Purged","damage_taken":0,"max_hp_gain":0,"max_hp_loss":0,"event_name":"Purifier","floor":5,"gold_loss":0}],"is_beta":false,"boss_relics":[],"items_purged_floors":[4],"is_endless":false,"potions_floor_spawned":[6],"killed_by":"Gremlin Nob","ascension_level":0}