{"gold_per_floor":[112,62,62,62,82,112,112,144,144,144,144,164,197,214,214,315,315,327,341,341,341,351,351,383,396,422,422,37,52,52,67,67,168,168,183,232,332,348,374,374,406,406,482,517,535,546,556,242,242,242,242,242,0,27,27],"floor_reached":56,"playtime":2060,"items_purged":["Strike_G","Well Laid Plans"],"score":1569,"play_id":"a14b811b-1558-4ce3-b760-73fd557897da","local_time":"20190804183012","is_ascension_mode":true,"campfire_choices":[{"data":"Neutralize","floor":7.0,"key":"SMITH"},{"floor":10.0,"key":"REST"},{"floor":15.0,"key":"REST"},{"data":"Envenom","floor":23.0,"key":"SMITH"},{"data":"Footwork","floor":30.0,"key":"SMITH"},{"data":"Footwork","floor":32.0,"key":"SMITH"},{"data":"Noxious Fumes","floor":40.0,"key":"SMITH"},{"floor":42.0,"key":"RECALL"},{"data":"Noxious Fumes","floor":49.0,"key":"SMITH"},{"data":"Caltrops","floor":52.0,"key":"SMITH"}],"neow_cost":"NONE","seed_source_timestamp":34247427378329,"circlet_count":0,"master_deck":["Strike_G","Strike_G","Defend_G","Defend_G","Defend_G","Defend_G","Defend_G","Survivor","Neutralize+1","Caltrops+1","Blur","Riddle With Holes","Cloak And Dagger+1","Footwork+1","Cloak And Dagger+1","Envenom+1","Flying Knee","Dagger Spray+1","Leg Sweep+1","Catalyst+1","Adrenaline+1","Bandage Up+1","Noxious Fumes+1","Footwork+1","Cloak And Dagger+1","Burst+1","Caltrops+1","Cloak And Dagger+1","Cloak And Dagger+1","Cloak And Dagger+1","Noxious Fumes+1","Bullet Time+1","PiercingWail+1"],"special_seed":0,"relics":["Ring of the Snake","NeowsBlessing","Toxic Egg 2","Letter Opener","Blood Vial","Shuriken","Snake Skull","Sozu","Nunchaku","Potion Belt","Meat on the Bone","Runic Pyramid","Thread and Needle","Centennial Puzzle","Paper Crane","Pantograph","Oddly Smooth Stone","Ornamental Fan","Bronze Scales"],"potions_floor_usage":[55,55],"damage_taken":[{"damage":0.0,"enemies":"Cultist","floor":1.0,"turns":1.0},{"damage":0.0,"enemies":"Jaw Worm","floor":5.0,"turns":1.0},{"damage":0.0,"enemies":"3 Sentries","floor":6.0,"turns":1.0},{"damage":50.0,"enemies":"Gremlin Nob","floor":8.0,"turns":8.0},{"damage":0.0,"enemies":"Small Slimes","floor":12.0,"turns":2.0},{"damage":31.0,"enemies":"3 Sentries","floor":13.0,"turns":9.0},{"damage":0.0,"enemies":"Red Slaver","floor":14.0,"turns":3.0},{"damage":26.0,"enemies":"Slime Boss","floor":16.0,"turns":12.0},{"damage":9.0,"enemies":"Spheric Guardian","floor":18.0,"turns":6.0},{"damage":11.0,"enemies":"Chosen","floor":19.0,"turns":5.0},{"damage":0.0,"enemies":"Centurion and Healer","floor":22.0,"turns":6.0},{"damage":8.0,"enemies":"Gremlin Leader","floor":24.0,"turns":6.0},{"damage":9.0,"enemies":"Snake Plant","floor":25.0,"turns":5.0},{"damage":6.0,"enemies":"3 Cultists","floor":29.0,"turns":4.0},{"damage":6.0,"enemies":"Centurion and Healer","floor":31.0,"turns":4.0},{"damage":12.0,"enemies":"Collector","floor":33.0,"turns":8.0},{"damage":3.0,"enemies":"Orb Walker","floor":35.0,"turns":3.0},{"damage":0.0,"enemies":"Mind Bloom Boss Battle","floor":37.0,"turns":6.0},{"damage":4.0,"enemies":"3 Shapes","floor":38.0,"turns":5.0},{"damage":1.0,"enemies":"Nemesis","floor":41.0,"turns":5.0},{"damage":39.0,"enemies":"Reptomancer","floor":44.0,"turns":5.0},{"damage":0.0,"enemies":"Spire Growth","floor":45.0,"turns":5.0},{"damage":0.0,"enemies":"3 Darklings","floor":46.0,"turns":5.0},{"damage":0.0,"enemies":"Maw","floor":47.0,"turns":5.0},{"damage":15.0,"enemies":"Awakened One","floor":50.0,"turns":7.0},{"damage":40,"enemies":"Shield and Spear","floor":54,"turns":7},{"damage":37,"enemies":"The Heart","floor":55,"turns":8}],"seed_played":"801326124743945013","potions_obtained":[{"floor":1.0,"key":"Weak Potion"},{"floor":6.0,"key":"Dexterity Potion"},{"floor":12.0,"key":"GamblersBrew"},{"floor":16.0,"key":"SteroidPotion"}],"is_trial":false,"path_per_floor":["M","?","$","?","M","E","R","E","T","R","T","M","E","M","R","B",null,"M","M","?","?","M","R","E","M","T","?","$","M","R","M","R","B",null,"M","T","?","M","T","R","E","R","T","E","M","M","M","$","R","B",null,"R","$","E","B",null],"character_chosen":"THE_SILENT","items_purchased":["Noxious Fumes","Meat on the Bone","Noxious Fumes","Bullet Time+1","Ornamental Fan"],"campfire_rested":2,"item_purchase_floors":[28,28,48,48,53],"current_hp_per_floor":[70,70,70,63,63,63,63,13,13,34,34,36,7,9,30,6,54,47,38,38,38,40,40,34,27,27,27,27,41,41,37,37,45,64,67,67,70,70,70,70,70,70,70,37,45,53,61,61,61,61,68,68,68,42,44],"gold":27,"neow_bonus":"THREE_ENEMY_KILL","is_prod":false,"is_daily":false,"chose_seed":false,"campfire_upgraded":7,"win_rate":0,"timestamp":1564932612,"path_taken":["M","?","$","?","M","E","R","E","T","R","?","M","E","M","R","BOSS","M","M","?","?","M","R","E","M","T","?","$","M","R","M","R","BOSS","M","?","?","M","?","R","E","R","T","E","M","M","M","$","R","BOSS","R","$","E","BOSS"],"build_version":"2019-07-17","purchased_purges":2,"victory":true,"max_hp_per_floor":[70,70,70,70,70,70,70,70,70,70,70,70,70,70,70,70,70,70,70,70,70,70,70,70,70,70,70,70,70,70,70,70,70,70,70,70,70,70,70,70,70,70,70,70,70,70,70,70,70,70,70,70,70,70,70],"card_choices":[{"not_picked":["PiercingWail","Deflect"],"picked":"Caltrops","floor":1.0},{"not_picked":["Quick Slash","Distraction"],"picked":"Blur","floor":5.0},{"not_picked":["Prepared","Deflect","Acrobatics"],"picked":"SKIP","floor":6.0},{"not_picked":["Calculated Gamble+1","A Thousand Cuts"],"picked":"Riddle With Holes","floor":8.0},{"not_picked":["Backstab","PiercingWail+1"],"picked":"Cloak And Dagger+1","floor":12.0},{"not_picked":["Underhanded Strike","Acrobatics+1"],"picked":"Footwork","floor":13.0},{"not_picked":["Acrobatics+1","Predator"],"picked":"Cloak And Dagger+1","floor":14.0},{"not_picked":["Grand Finale","Malaise+1"],"picked":"Envenom","floor":16.0},{"not_picked":["Slice","Endless Agony"],"picked":"Flying Knee","floor":18.0},{"not_picked":["Outmaneuver+1","Riddle With Holes"],"picked":"Dagger Spray+1","floor":19.0},{"not_picked":["Bouncing Flask+1","Caltrops"],"picked":"Leg Sweep+1","floor":22.0},{"not_picked":["Bullet Time+1","Acrobatics+1"],"picked":"Catalyst+1","floor":24.0},{"not_picked":["Outmaneuver+1","Slice","Bane"],"picked":"SKIP","floor":25.0},{"not_picked":["PiercingWail+1","Escape Plan+1"],"picked":"Footwork","floor":29.0},{"not_picked":["Flying Knee","Backflip+1"],"picked":"Cloak And Dagger+1","floor":31.0},{"not_picked":["Storm of Steel+1","Unload"],"picked":"Burst+1","floor":33.0},{"not_picked":["Dagger Spray","Acrobatics+1"],"picked":"Caltrops+1","floor":35.0},{"not_picked":["Poisoned Stab","Bane+1","Dagger Spray+1"],"picked":"SKIP","floor":38.0},{"not_picked":["Sucker Punch","Quick Slash"],"picked":"Cloak And Dagger+1","floor":41.0},{"not_picked":["Poisoned Stab","Flying Knee","Grand Finale"],"picked":"SKIP","floor":44.0},{"not_picked":["Slice","Predator"],"picked":"Cloak And Dagger+1","floor":45.0},{"not_picked":["Dagger Spray","Endless Agony+1","Outmaneuver+1"],"picked":"SKIP","floor":46.0},{"not_picked":["Expertise+1","Slice"],"picked":"Cloak And Dagger+1","floor":47.0},{"not_picked":["Eviscerate","Setup+1"],"picked":"PiercingWail+1","floor":54}],"player_experience":1121881,"relics_obtained":[{"floor":6.0,"key":"Toxic Egg 2"},{"floor":8.0,"key":"Letter Opener"},{"floor":9.0,"key":"Blood Vial"},{"floor":11.0,"key":"Shuriken"},{"floor":13.0,"key":"Snake Skull"},{"floor":24.0,"key":"Nunchaku"},{"floor":26.0,"key":"Potion Belt"},{"floor":37.0,"key":"Thread and Needle"},{"floor":39.0,"key":"Centennial Puzzle"},{"floor":41.0,"key":"Paper Crane"},{"floor":43.0,"key":"Pantograph"},{"floor":44.0,"key":"Oddly Smooth Stone"},{"floor":54,"key":"Bronze Scales"}],"event_choices":[{"cards_removed":["Strike_G"],"damage_healed":0.0,"max_hp_gain":0.0,"max_hp_loss":0.0,"gold_gain":0.0,"event_name":"The Cleric","player_choice":"Card Removal","floor":2.0,"gold_loss":50.0,"damage_taken":0.0},{"cards_removed":["Strike_G"],"damage_healed":0.0,"max_hp_gain":0.0,"max_hp_loss":0.0,"gold_gain":0.0,"event_name":"Golden Wing","player_choice":"Card Removal","floor":4.0,"gold_loss":0.0,"damage_taken":7.0},{"damage_healed":0.0,"max_hp_gain":0.0,"max_hp_loss":0.0,"gold_gain":0.0,"event_name":"The Library","player_choice":"Read","floor":20.0,"gold_loss":0.0,"damage_taken":0.0,"cards_obtained":["Well Laid Plans"]},{"damage_healed":0.0,"max_hp_gain":0.0,"max_hp_loss":0.0,"gold_gain":0.0,"event_name":"Ghosts","player_choice":"Ignored","floor":21.0,"gold_loss":0.0,"damage_taken":0.0},{"damage_healed":0.0,"max_hp_gain":0.0,"max_hp_loss":0.0,"gold_gain":0.0,"event_name":"Match and Keep!","player_choice":"2 cards matched","floor":27.0,"gold_loss":0.0,"damage_taken":0.0,"cards_obtained":["Adrenaline","Bandage Up"]},{"damage_healed":0.0,"max_hp_gain":0.0,"max_hp_loss":0.0,"gold_gain":0.0,"event_name":"MindBloom","player_choice":"Fight","floor":37.0,"gold_loss":0.0,"damage_taken":0.0}],"is_beta":false,"boss_relics":[{"not_picked":["Coffee Dripper","Ectoplasm"],"picked":"Sozu"},{"not_picked":["Snecko Eye","Fusion Hammer"],"picked":"Runic Pyramid"}],"items_purged_floors":[28,48],"is_endless":false,"potions_floor_spawned":[1,6,12,13,16,19,22,25,33,35,41,45,47],"ascension_level":5}