{"gold_per_floor":[118,137,147,19,35,35,55,230,255,289,299,299,328,344,344,447,447,464,464,464,10,20,20,38,38,87,114,114,114],"floor_reached":29,"playtime":2023,"items_purged":["Doubt"],"score":280,"play_id":"54ec14b0-9194-4228-94be-bd87582afbc3","local_time":"20180720145839","is_ascension_mode":false,"campfire_choices":[{"data":"Pommel Strike","floor":6,"key":"SMITH"},{"floor":12,"key":"REST"},{"floor":15,"key":"REST"},{"floor":25,"key":"REST"},{"floor":28,"key":"REST"}],"neow_cost":"","seed_source_timestamp":2245688097015,"circlet_count":0,"master_deck":["Strike_R","Strike_R","Strike_R","Strike_R","Strike_R","Defend_R","Defend_R","Defend_R","Defend_R","Bash","Inflame","Anger","Pommel Strike+1","Seeing Red","Dramatic Entrance","Intimidate","Perfected Strike","Perfected Strike","Pommel Strike","Anger","Battle Trance","Ghostly Armor","Anger","Juggernaut","Feel No Pain+1","RitualDagger","Perfected Strike","Magnetism","Berserk","Pommel Strike+1","Sword Boomerang+1","Anger","Reckless Charge","Berserk"],"relics":["Burning Blood","Dream Catcher","Ancient Tea Set","Happy Flower","White Beast Statue","FaceOfCleric","Bag of Preparation","Pantograph"],"potions_floor_usage":[10,11,16,18,22,22,27,27],"damage_taken":[{"damage":6,"enemies":"Cultist","floor":1,"turns":3},{"damage":4,"enemies":"2 Louse","floor":2,"turns":3},{"damage":10,"enemies":"Small Slimes","floor":3,"turns":2},{"damage":7,"enemies":"Blue Slaver","floor":5,"turns":3},{"damage":8,"enemies":"2 Fungi Beasts","floor":7,"turns":3},{"damage":40,"enemies":"Lagavulin","floor":10,"turns":6},{"damage":13,"enemies":"Exordium Thugs","floor":11,"turns":4},{"damage":11,"enemies":"3 Sentries","floor":13,"turns":4},{"damage":0,"enemies":"Large Slime","floor":14,"turns":2},{"damage":44,"enemies":"Hexaghost","floor":16,"turns":8},{"damage":30,"enemies":"2 Thieves","floor":18,"turns":4},{"damage":6,"enemies":"Chosen","floor":22,"turns":6},{"damage":18,"enemies":"Centurion and Healer","floor":24,"turns":3},{"damage":62,"enemies":"Slavers","floor":27,"turns":4},{"damage":34,"enemies":"Book of Stabbing","floor":29,"turns":2}],"seed_played":"-7817919264449018706","potions_obtained":[{"floor":1,"key":"GamblersBrew"},{"floor":3,"key":"AttackPotion"},{"floor":10,"key":"Regen Potion"},{"floor":11,"key":"Poison Potion"},{"floor":16,"key":"SpeedPotion"},{"floor":18,"key":"Block Potion"},{"floor":22,"key":"SpeedPotion"},{"floor":24,"key":"EssenceOfSteel"},{"floor":27,"key":"Ancient Potion"}],"is_trial":false,"path_per_floor":["M","M","M","$","M","R","M","?","T","E","M","R","E","M","R","B",null,"M","?","?","$","M","$","M","R","T","E","R"],"character_chosen":"IRONCLAD","items_purchased":["Seeing Red","Dramatic Entrance","Perfected Strike","Magnetism","Berserk"],"campfire_rested":4,"item_purchase_floors":[4,4,21,21,21],"current_hp_per_floor":[80,80,76,76,75,75,73,73,73,39,41,65,60,66,80,42,80,56,56,50,50,51,51,40,64,64,9,33,0],"gold":114,"neow_bonus":"","is_prod":false,"is_daily":false,"chose_seed":false,"campfire_upgraded":1,"win_rate":0.0,"timestamp":1532078919,"path_taken":["M","?","M","$","M","R","M","?","T","E","M","R","E","M","R","BOSS","M","?","?","$","M","$","M","R","T","E","R","E"],"build_version":"2018-07-19","purchased_purges":1,"victory":false,"max_hp_per_floor":[80,80,80,80,80,80,80,80,80,80,80,80,80,80,80,80,80,80,80,80,80,81,81,82,82,82,83,83,83],"card_choices":[{"not_picked":["Combust","Warcry"],"picked":"Inflame","floor":1},{"not_picked":["Warcry","Clothesline"],"picked":"Anger","floor":2},{"not_picked":["Cleave","Sword Boomerang"],"picked":"Pommel Strike","floor":3},{"not_picked":["Clothesline","Body Slam"],"picked":"Intimidate","floor":5},{"not_picked":["Body Slam","Disarm"],"picked":"Perfected Strike","floor":7},{"not_picked":["Second Wind","Spot Weakness"],"picked":"Perfected Strike","floor":10},{"not_picked":["Armaments","Cleave"],"picked":"Pommel Strike","floor":11},{"not_picked":["Barricade","Cleave"],"picked":"Anger","floor":12},{"not_picked":["Clothesline","Whirlwind"],"picked":"Battle Trance","floor":13},{"not_picked":["Seeing Red","Burning Pact"],"picked":"Ghostly Armor","floor":14},{"not_picked":["Armaments","Headbutt"],"picked":"Anger","floor":15},{"not_picked":["Fiend Fire","Dark Embrace"],"picked":"Juggernaut","floor":16},{"not_picked":["Clothesline","Thunderclap"],"picked":"Feel No Pain+1","floor":18},{"not_picked":["Iron Wave","Heavy Blade"],"picked":"Pommel Strike+1","floor":22},{"not_picked":["Thunderclap","Dropkick"],"picked":"Sword Boomerang+1","floor":24},{"not_picked":["Burning Pact","Rupture+1"],"picked":"Anger","floor":25},{"not_picked":["Armaments","Searing Blow"],"picked":"Reckless Charge","floor":27},{"not_picked":["Sever Soul","Spot Weakness"],"picked":"Berserk","floor":28}],"player_experience":16210,"relics_obtained":[{"floor":9,"key":"Dream Catcher"},{"floor":10,"key":"Ancient Tea Set"},{"floor":13,"key":"Happy Flower"},{"floor":26,"key":"Bag of Preparation"},{"floor":27,"key":"Pantograph"}],"event_choices":[{"event_name":"Liars Game","player_choice":"agreed","floor":8,"damage_taken":0},{"event_name":"FaceTrader","player_choice":"Trade","floor":19,"damage_taken":0},{"event_name":"Nest","player_choice":"Joined the Cult","floor":20,"damage_taken":0}],"is_beta":false,"boss_relics":[{"not_picked":["Black Star","Cursed Key"],"picked":"White Beast Statue"}],"items_purged_floors":[21],"is_endless":false,"potions_floor_spawned":[1,3,10,11,16,18,22,24,27],"killed_by":"Book of Stabbing","ascension_level":0}