{"gold_per_floor":[116,131,149,160,176,201,201,229,229,248,248,198,13,25,25,125,125,135,135,20,20,31,62,62,62,62,74,74,90,115,133,133,231,231,251,266,266,113,113,113,141,141,141,141,27,27,42,61,61,61],"floor_reached":51,"playtime":4306,"items_purged":["Strike_R","Strike_R"],"score":787,"play_id":"9cad8ea5-a3fb-46e0-8a63-cff997de569a","local_time":"20190713181613","is_ascension_mode":true,"campfire_choices":[{"data":"1","floor":7,"key":"LIFT"},{"data":"Bash","floor":11,"key":"SMITH"},{"data":"2","floor":15,"key":"LIFT"},{"data":"3","floor":24,"key":"LIFT"},{"data":"Whirlwind","floor":28,"key":"SMITH"},{"data":"Disarm","floor":32,"key":"SMITH"},{"data":"Entrench","floor":40,"key":"SMITH"},{"data":"Demon Form","floor":42,"key":"SMITH"},{"floor":44,"key":"RECALL"},{"floor":46,"key":"REST"},{"floor":49,"key":"REST"}],"neow_cost":"PERCENT_DAMAGE","seed_source_timestamp":29383605091861,"circlet_count":0,"master_deck":["Defend_R","Defend_R","Defend_R","Defend_R","Bash+1","Flame Barrier","Pommel Strike","Anger","Feed","Warcry","Whirlwind+1","Metamorphosis","Offering","Spot Weakness","Disarm+1","Flame Barrier","Immolate","Corruption","Headbutt+1","Sword Boomerang+1","Power Through","Shrug It Off+1","Disarm","Demon Form+1","Entrench+1","Shrug It Off","Disarm","Feel No Pain","Entrench+1","Heavy Blade"],"relics":["Burning Blood","Girya","Lantern","Mango","Runic Cube","Gremlin Horn","Mummified Hand","Du-Vu Doll","Philosopher\u0027s Stone","Pen Nib"],"potions_floor_usage":[16,30,33,48,48,50,50],"damage_taken":[{"damage":7,"enemies":"Cultist","floor":1,"turns":5},{"damage":3,"enemies":"Jaw Worm","floor":2,"turns":5},{"damage":2,"enemies":"Small Slimes","floor":3,"turns":5},{"damage":4,"enemies":"Exordium Thugs","floor":4,"turns":5},{"damage":0,"enemies":"Large Slime","floor":5,"turns":4},{"damage":33,"enemies":"Lagavulin","floor":6,"turns":7},{"damage":23,"enemies":"3 Sentries","floor":8,"turns":9},{"damage":1,"enemies":"Red Slaver","floor":10,"turns":3},{"damage":0,"enemies":"2 Fungi Beasts","floor":14,"turns":2},{"damage":43,"enemies":"Slime Boss","floor":16,"turns":10},{"damage":29,"enemies":"2 Thieves","floor":18,"turns":3},{"damage":6,"enemies":"Spheric Guardian","floor":22,"turns":3},{"damage":32,"enemies":"Slavers","floor":23,"turns":5},{"damage":6,"enemies":"Chosen and Byrds","floor":27,"turns":4},{"damage":18,"enemies":"Centurion and Healer","floor":29,"turns":4},{"damage":8,"enemies":"Book of Stabbing","floor":30,"turns":4},{"damage":12,"enemies":"Snecko","floor":31,"turns":4},{"damage":94,"enemies":"Automaton","floor":33,"turns":9},{"damage":13,"enemies":"3 Shapes","floor":35,"turns":5},{"damage":23,"enemies":"3 Darklings","floor":36,"turns":4},{"damage":50,"enemies":"Nemesis","floor":41,"turns":7},{"damage":60,"enemies":"Spire Growth","floor":47,"turns":6},{"damage":40,"enemies":"Transient","floor":48,"turns":5},{"damage":57,"enemies":"Awakened One","floor":50,"turns":9}],"seed_played":"5129686715444750132","potions_obtained":[{"floor":1,"key":"Swift Potion"},{"floor":5,"key":"BloodPotion"},{"floor":10,"key":"LiquidBronze"},{"floor":16,"key":"BloodPotion"},{"floor":23,"key":"SpeedPotion"},{"floor":27,"key":"Regen Potion"},{"floor":30,"key":"SpeedPotion"},{"floor":31,"key":"Fire Potion"},{"floor":36,"key":"Ancient Potion"},{"floor":41,"key":"Regen Potion"},{"floor":48,"key":"Regen Potion"}],"is_trial":false,"path_per_floor":["M","M","M","M","M","E","R","E","T","M","R","?","$","M","R","B",null,"M","?","$","?","M","E","R","?","T","M","R","M","E","M","R","B",null,"M","M","?","$","?","R","E","R","T","R","$","R","M","M","R","B",null],"character_chosen":"IRONCLAD","items_purchased":["Metamorphosis","Flame Barrier","Shrug It Off","Disarm","Feel No Pain"],"campfire_rested":2,"item_purchase_floors":[13,20,38,45,45],"current_hp_per_floor":[71,74,78,80,86,59,59,45,59,67,67,67,67,76,76,42,122,102,102,102,102,102,79,79,79,79,82,82,70,83,77,77,22,134,130,113,113,113,100,100,56,56,56,56,56,97,43,58,99,63],"gold":61,"neow_bonus":"TWENTY_PERCENT_HP_BONUS","is_prod":false,"is_daily":false,"chose_seed":false,"campfire_upgraded":5,"win_rate":0,"timestamp":1563034573,"path_taken":["M","M","M","?","M","E","R","E","T","M","R","?","$","M","R","BOSS","M","?","$","?","M","E","R","?","T","M","R","M","E","M","R","BOSS","M","M","?","$","?","R","E","R","T","R","$","R","M","?","R","BOSS"],"build_version":"2019-07-05","purchased_purges":2,"victory":true,"max_hp_per_floor":[96,96,96,96,96,96,96,99,113,116,116,116,116,119,119,122,122,125,125,125,125,125,128,128,128,128,131,131,131,134,134,134,134,134,137,137,137,137,137,137,137,137,137,137,137,137,137,137,137,137],"card_choices":[{"not_picked":["Headbutt","Armaments"],"picked":"Flame Barrier","floor":1},{"not_picked":["Iron Wave","Flex","Intimidate"],"picked":"SKIP","floor":2},{"not_picked":["Warcry","Flex"],"picked":"Pommel Strike","floor":3},{"not_picked":["Heavy Blade","Entrench"],"picked":"Anger","floor":4},{"not_picked":["Wild Strike","Perfected Strike","Clash"],"picked":"SKIP","floor":5},{"not_picked":["Perfected Strike","Body Slam"],"picked":"Feed","floor":6},{"not_picked":["Iron Wave","Rage"],"picked":"Warcry","floor":8},{"not_picked":["Pommel Strike","Iron Wave"],"picked":"Whirlwind","floor":10},{"not_picked":["Thunderclap","Heavy Blade","Anger"],"picked":"SKIP","floor":14},{"not_picked":["Double Tap","Bludgeon"],"picked":"Offering","floor":16},{"not_picked":["Power Through","Searing Blow"],"picked":"Spot Weakness","floor":18},{"not_picked":["Clothesline","Anger"],"picked":"Headbutt+1","floor":22},{"not_picked":["Rampage","Bludgeon"],"picked":"Sword Boomerang+1","floor":23},{"not_picked":["Warcry","Perfected Strike"],"picked":"Power Through","floor":27},{"not_picked":["Rampage+1","Sever Soul","Corruption+1"],"picked":"SKIP","floor":29},{"not_picked":["Cleave","Warcry"],"picked":"Shrug It Off+1","floor":30},{"not_picked":["Iron Wave","Flex+1"],"picked":"Disarm","floor":31},{"not_picked":["Offering","Limit Break"],"picked":"Demon Form","floor":33},{"not_picked":["Twin Strike+1","Perfected Strike","Reckless Charge"],"picked":"SKIP","floor":35},{"not_picked":["Wild Strike","Warcry+1"],"picked":"Entrench","floor":36},{"not_picked":["Perfected Strike+1","Reckless Charge","Dropkick+1"],"picked":"SKIP","floor":41},{"not_picked":["Spot Weakness","Body Slam+1"],"picked":"Entrench+1","floor":47},{"not_picked":["Entrench+1","Thunderclap+1"],"picked":"Heavy Blade","floor":48}],"player_experience":439661,"relics_obtained":[{"floor":6,"key":"Girya"},{"floor":8,"key":"Lantern"},{"floor":9,"key":"Mango"},{"floor":23,"key":"Gremlin Horn"},{"floor":26,"key":"Mummified Hand"},{"floor":30,"key":"Du-Vu Doll"},{"floor":41,"key":"Pen Nib"}],"event_choices":[{"cards_removed":["Strike_R"],"damage_healed":0,"gold_gain":0,"player_choice":"Card Removal","damage_taken":0,"max_hp_gain":0,"max_hp_loss":0,"event_name":"The Cleric","floor":12,"gold_loss":50},{"damage_healed":0,"gold_gain":0,"player_choice":"Read","damage_taken":0,"max_hp_gain":0,"max_hp_loss":0,"event_name":"The Library","floor":19,"gold_loss":0,"cards_obtained":["Disarm"]},{"damage_healed":0,"gold_gain":0,"cards_transformed":["Strike_R","Strike_R"],"player_choice":"Became Test Subject","damage_taken":0,"max_hp_gain":0,"max_hp_loss":0,"event_name":"Drug Dealer","floor":21,"gold_loss":0,"cards_obtained":["Immolate","Corruption"]},{"damage_healed":0,"gold_gain":0,"player_choice":"Ignored","damage_taken":0,"max_hp_gain":0,"max_hp_loss":0,"event_name":"The Mausoleum","floor":25,"gold_loss":0},{"damage_healed":0,"gold_gain":0,"player_choice":"Ignored","damage_taken":0,"max_hp_gain":0,"max_hp_loss":0,"event_name":"Tomb of Lord Red Mask","floor":37,"gold_loss":0},{"damage_healed":0,"gold_gain":0,"player_choice":"Damaged","damage_taken":13,"max_hp_gain":0,"max_hp_loss":0,"event_name":"Wheel of Change","floor":39,"gold_loss":0}],"is_beta":false,"boss_relics":[{"not_picked":["Coffee Dripper","Snecko Eye"],"picked":"Runic Cube"},{"not_picked":["Fusion Hammer","Orrery"],"picked":"Philosopher\u0027s Stone"}],"items_purged_floors":[20,38],"is_endless":false,"potions_floor_spawned":[1,5,10,16,23,27,30,31,36,41,48],"ascension_level":1}