{"gold_per_floor":[111,129,141,216,166,201,201,201,283,314,314,325,325,325],"floor_reached":14,"playtime":1106,"items_purged":[],"score":123,"play_id":"190af9ba-a5b1-48f7-af31-0fbb9d3d1113","local_time":"20190728172815","is_ascension_mode":true,"campfire_choices":[{"floor":7,"key":"REST"},{"data":"Hemokinesis","floor":11,"key":"SMITH"},{"floor":13,"key":"REST"}],"neow_cost":"TEN_PERCENT_HP_LOSS","seed_source_timestamp":1115252018005000,"circlet_count":0,"master_deck":["Strike_R","Strike_R","Defend_R","Defend_R","Defend_R","Defend_R","Bash","Combust","Hemokinesis+1","True Grit","Sword Boomerang","Battle Trance","Fiend Fire","Finesse","Power Through","Corruption","Cleave"],"relics":["Burning Blood","Anchor","Paper Frog","Vajra"],"potions_floor_usage":[6,14],"damage_taken":[{"damage":11,"enemies":"Cultist","floor":1,"turns":3},{"damage":6,"enemies":"Small Slimes","floor":2,"turns":5},{"damage":17,"enemies":"2 Louse","floor":3,"turns":2},{"damage":36,"enemies":"Lagavulin","floor":6,"turns":7},{"damage":29,"enemies":"3 Sentries","floor":10,"turns":6},{"damage":12,"enemies":"Gremlin Gang","floor":12,"turns":8},{"damage":36,"enemies":"Gremlin Nob","floor":14,"turns":3}],"seed_played":"2737689446256923678","potions_obtained":[{"floor":2,"key":"Weak Potion"},{"floor":6,"key":"Swift Potion"},{"floor":10,"key":"SpeedPotion"}],"is_trial":false,"path_per_floor":["M","M","M","?","?","E","R","?","T","E","R","M","R","E"],"character_chosen":"IRONCLAD","items_purchased":[],"campfire_rested":2,"item_purchase_floors":[],"current_hp_per_floor":[67,67,56,45,45,15,36,36,36,13,13,7,28,0],"gold":325,"neow_bonus":"TRANSFORM_TWO_CARDS","is_prod":false,"is_daily":false,"chose_seed":false,"campfire_upgraded":1,"win_rate":0,"timestamp":1564349295,"path_taken":["M","M","M","?","?","E","R","?","T","E","R","?","R","E"],"build_version":"2019-07-17","purchased_purges":0,"victory":false,"max_hp_per_floor":[72,72,72,72,72,72,72,72,72,72,72,72,72,72],"card_choices":[{"not_picked":["Pommel Strike","Armaments"],"picked":"True Grit","floor":1},{"not_picked":["Thunderclap","Perfected Strike"],"picked":"Sword Boomerang","floor":2},{"not_picked":["Clash","Headbutt"],"picked":"Battle Trance","floor":3},{"not_picked":["Armaments","Iron Wave"],"picked":"Fiend Fire","floor":6},{"not_picked":["Heavy Blade","Warcry"],"picked":"Corruption","floor":10},{"not_picked":["Havoc","Second Wind"],"picked":"Cleave","floor":12}],"player_experience":499545,"relics_obtained":[{"floor":6,"key":"Anchor"},{"floor":9,"key":"Paper Frog"},{"floor":10,"key":"Vajra"}],"event_choices":[{"damage_healed":0,"gold_gain":75,"player_choice":"Gather Gold","damage_taken":11,"max_hp_gain":0,"max_hp_loss":0,"event_name":"World of Goop","floor":4,"gold_loss":0},{"cards_removed":["Strike_R"],"damage_healed":0,"gold_gain":0,"player_choice":"Card Removal","damage_taken":0,"max_hp_gain":0,"max_hp_loss":0,"event_name":"The Cleric","floor":5,"gold_loss":50},{"damage_healed":0,"gold_gain":0,"player_choice":"2 cards matched","damage_taken":0,"max_hp_gain":0,"max_hp_loss":0,"event_name":"Match and Keep!","floor":8,"gold_loss":0,"cards_obtained":["Finesse","Power Through"]}],"is_beta":false,"boss_relics":[],"items_purged_floors":[],"is_endless":false,"potions_floor_spawned":[2,6,10],"killed_by":"Gremlin Nob","ascension_level":5}