{"gold_per_floor":[109,129,142,155,175,175,194,194,194,227,239,54,54,54,54,177,177,196,209,209,224,224,259,259,259,259,274,293,293,293,51,51,174,174,198,217,177,34,49,49,69,69,115,15,15,46,46,59,59,59],"floor_reached":51,"playtime":1852,"items_purged":["Defend_B","Strike_B"],"score":699,"play_id":"5a9fd47d-f8ec-45ac-9d70-b9c34b09a80b","local_time":"20181116183018","is_ascension_mode":false,"campfire_choices":[{"data":"Zap","floor":6.0,"key":"SMITH"},{"data":"Hologram","floor":8.0,"key":"SMITH"},{"floor":15.0,"key":"REST"},{"data":"Defragment","floor":24.0,"key":"SMITH"},{"data":"Defragment","floor":29.0,"key":"SMITH"},{"floor":32.0,"key":"REST"},{"data":"Lockon","floor":40.0,"key":"SMITH"},{"floor":42.0,"key":"REST"},{"floor":47,"key":"REST"},{"data":"Thunder Strike","floor":49,"key":"SMITH"}],"neow_cost":"NONE","seed_source_timestamp":18871806635346,"circlet_count":0,"master_deck":["Strike_B","Strike_B","Strike_B","Defend_B","Defend_B","Defend_B","Zap+1","Dualcast","BootSequence","Cold Snap","Leap","Hologram+1","Compile Driver","Go for the Eyes","Genetic Algorithm","Defragment+1","Glacier","Biased Cognition","Ball Lightning+1","Ball Lightning+1","Defragment+1","Capacitor+1","Amplify","Conserve Battery","Thunder Strike+1","Defragment+1","Doom and Gloom+1","Lockon+1","Barrage+1"],"special_seed":0,"relics":["Sozu","Juzu Bracelet","Pear","Golden Idol","Nuclear Battery","Bag of Preparation","Pocketwatch","MutagenicStrength","Orrery","Whetstone","Bronze Scales","Question Card"],"potions_floor_usage":[],"damage_taken":[{"damage":3.0,"enemies":"2 Louse","floor":1.0,"turns":3.0},{"damage":1.0,"enemies":"Jaw Worm","floor":2.0,"turns":3.0},{"damage":2.0,"enemies":"Small Slimes","floor":3.0,"turns":3.0},{"damage":0.0,"enemies":"2 Fungi Beasts","floor":4.0,"turns":4.0},{"damage":7.0,"enemies":"Exordium Thugs","floor":5.0,"turns":6.0},{"damage":0.0,"enemies":"Looter","floor":7.0,"turns":3.0},{"damage":30.0,"enemies":"Gremlin Nob","floor":10.0,"turns":4.0},{"damage":3.0,"enemies":"Exordium Wildlife","floor":11.0,"turns":4.0},{"damage":25.0,"enemies":"Slime Boss","floor":16.0,"turns":16.0},{"damage":0.0,"enemies":"Shell Parasite","floor":18.0,"turns":6.0},{"damage":3.0,"enemies":"Chosen","floor":19.0,"turns":7.0},{"damage":7.0,"enemies":"Colosseum Slavers","floor":20.0,"turns":6.0},{"damage":0.0,"enemies":"Snecko","floor":21.0,"turns":5.0},{"damage":14.0,"enemies":"Book of Stabbing","floor":23.0,"turns":7.0},{"damage":16.0,"enemies":"Snake Plant","floor":27.0,"turns":5.0},{"damage":1.0,"enemies":"Cultist and Chosen","floor":28.0,"turns":4.0},{"damage":32.0,"enemies":"Automaton","floor":33.0,"turns":13.0},{"damage":14.0,"enemies":"3 Darklings","floor":35.0,"turns":6.0},{"damage":0.0,"enemies":"3 Shapes","floor":36.0,"turns":6.0},{"damage":0.0,"enemies":"Maw","floor":39.0,"turns":7.0},{"damage":46.0,"enemies":"Jaw Worm Horde","floor":41.0,"turns":4.0},{"damage":4,"enemies":"Nemesis","floor":46,"turns":7},{"damage":0,"enemies":"3 Darklings","floor":48,"turns":5},{"damage":28,"enemies":"Time Eater","floor":50,"turns":11}],"seed_played":"7459358821547527062","potions_obtained":[],"is_trial":false,"path_per_floor":["M","M","M","M","M","R","M","R","T","E","M","$","?","?","R","B",null,"M","M","?","M","?","E","R","?","T","M","M","R","?","$","R","B",null,"M","M","?","$","M","R","M","R","T","$","?","E","R","M","R","B",null],"character_chosen":"DEFECT","items_purchased":["Defragment","Glacier","Capacitor","Amplify","Conserve Battery","Whetstone"],"campfire_rested":4,"item_purchase_floors":[12,12,31,31,31,38],"current_hp_per_floor":[72,71,69,69,62,62,62,62,62,42,39,39,18,18,43,18,85,85,82,75,75,75,61,61,61,61,45,44,44,44,44,69,37,85,71,71,71,71,71,71,25,50,50,50,50,46,70,70,70,42],"gold":59,"neow_bonus":"BOSS_RELIC","is_prod":false,"is_daily":false,"chose_seed":false,"campfire_upgraded":6,"win_rate":0,"timestamp":1542382218,"path_taken":["M","M","M","M","M","R","M","R","T","E","M","$","?","?","R","BOSS","M","M","?","M","?","E","R","?","T","M","M","R","?","?","R","BOSS","M","M","?","$","M","R","M","R","T","$","?","E","R","M","R","BOSS"],"build_version":"2018-11-15","purchased_purges":2,"victory":true,"max_hp_per_floor":[75,75,75,75,75,75,75,75,75,85,85,85,85,85,85,85,85,85,85,85,85,85,85,85,85,85,85,85,85,85,85,85,85,85,85,85,85,85,85,85,85,85,85,85,81,81,81,81,81,81],"card_choices":[{"not_picked":["Steam","Cold Snap"],"picked":"BootSequence","floor":1.0},{"not_picked":["Barrage","Stack"],"picked":"Cold Snap","floor":2.0},{"not_picked":["All For One","Turbo"],"picked":"Leap","floor":3.0},{"not_picked":["Beam Cell","Auto Shields"],"picked":"Hologram","floor":4.0},{"not_picked":["Barrage","Turbo"],"picked":"Compile Driver","floor":5.0},{"not_picked":["Recycle","Steam"],"picked":"Go for the Eyes","floor":7.0},{"not_picked":["Streamline","Creative AI"],"picked":"Genetic Algorithm","floor":10.0},{"not_picked":["Streamline","Hologram","Leap"],"picked":"SKIP","floor":11.0},{"not_picked":["Seek","Core Surge"],"picked":"Biased Cognition","floor":16.0},{"not_picked":["Gash","Leap","Compile Driver+1"],"picked":"SKIP","floor":18.0},{"not_picked":["Compile Driver","Stack+1"],"picked":"Ball Lightning","floor":19.0},{"not_picked":["Machine Learning","Turbo+1","BootSequence"],"picked":"SKIP","floor":21.0},{"not_picked":["Aggregate+1","Rebound"],"picked":"Ball Lightning","floor":23.0},{"not_picked":["Steam","Cold Snap","Fission"],"picked":"SKIP","floor":27.0},{"not_picked":["Rebound+1","Blizzard","Tempest"],"picked":"SKIP","floor":28.0},{"not_picked":["Machine Learning","Seek"],"picked":"Thunder Strike","floor":33.0},{"not_picked":["Hologram","Coolheaded"],"picked":"Defragment+1","floor":34.0},{"not_picked":["Rebound+1","Fission"],"picked":"Doom and Gloom+1","floor":34.0},{"not_picked":["Sunder+1","Meteor Strike","Lockon"],"picked":"SKIP","floor":35.0},{"not_picked":["Sunder+1","Meteor Strike"],"picked":"Lockon","floor":35.0},{"not_picked":["Compile Driver+1","Leap+1","Conserve Battery"],"picked":"SKIP","floor":36.0},{"not_picked":["Ball Lightning+1","Redo","Beam Cell+1"],"picked":"SKIP","floor":39.0},{"not_picked":["Steam Power+1","Conserve Battery+1","Melter+1"],"picked":"SKIP","floor":41.0},{"not_picked":["Undo","Core Surge"],"picked":"Barrage+1","floor":46},{"not_picked":["Beam Cell+1","Streamline","Reprogram+1","Rebound"],"picked":"SKIP","floor":48}],"player_experience":520110,"relics_obtained":[{"floor":9.0,"key":"Juzu Bracelet"},{"floor":10.0,"key":"Pear"},{"floor":23.0,"key":"Bag of Preparation"},{"floor":26.0,"key":"Pocketwatch"},{"floor":43.0,"key":"Bronze Scales"},{"floor":46,"key":"Question Card"}],"event_choices":[{"damage_healed":0.0,"max_hp_gain":0.0,"max_hp_loss":0.0,"gold_gain":0.0,"event_name":"Golden Idol","player_choice":"Take Damage","floor":13.0,"gold_loss":0.0,"damage_taken":21.0,"relics_obtained":["Golden Idol"]},{"damage_healed":0.0,"max_hp_gain":0.0,"max_hp_loss":0.0,"gold_gain":0.0,"event_name":"Golden Wing","player_choice":"Ignored","floor":14.0,"gold_loss":0.0,"damage_taken":0.0},{"damage_healed":0.0,"max_hp_gain":0.0,"max_hp_loss":0.0,"gold_gain":0.0,"event_name":"Colosseum","player_choice":"Fight","floor":20.0,"gold_loss":0.0,"damage_taken":0.0},{"damage_healed":0.0,"max_hp_gain":0.0,"max_hp_loss":0.0,"gold_gain":0.0,"event_name":"Colosseum","player_choice":"Fled From Nobs","floor":20.0,"gold_loss":0.0,"damage_taken":0.0},{"damage_healed":0.0,"max_hp_gain":0.0,"max_hp_loss":0.0,"gold_gain":0.0,"event_name":"The Woman in Blue","player_choice":"Bought 0 Potions","floor":22.0,"gold_loss":0.0,"damage_taken":0.0},{"damage_healed":0.0,"max_hp_gain":0.0,"max_hp_loss":0.0,"gold_gain":0.0,"event_name":"The Library","player_choice":"Read","floor":25.0,"gold_loss":0.0,"damage_taken":0.0,"cards_obtained":["Defragment"]},{"damage_healed":0.0,"max_hp_gain":0.0,"max_hp_loss":0.0,"gold_gain":0.0,"event_name":"Drug Dealer","player_choice":"Inject Mutagens","floor":30.0,"gold_loss":0.0,"damage_taken":0.0,"relics_obtained":["MutagenicStrength"]},{"damage_healed":0.0,"max_hp_gain":0.0,"max_hp_loss":0.0,"gold_gain":0.0,"event_name":"Designer","player_choice":"Upgrade","floor":37.0,"gold_loss":40.0,"damage_taken":0.0,"cards_upgraded":["Capacitor"]},{"damage_healed":0.0,"max_hp_gain":0.0,"max_hp_loss":4.0,"gold_gain":0.0,"event_name":"Winding Halls","player_choice":"Max HP","floor":45.0,"gold_loss":0.0,"damage_taken":0.0}],"is_beta":false,"boss_relics":[{"not_picked":["Runic Dome","Busted Crown"],"picked":"Nuclear Battery"},{"not_picked":["Cursed Key","White Beast Statue"],"picked":"Orrery"}],"items_purged_floors":[12,44],"is_endless":false,"potions_floor_spawned":[1,3,10,18,23,27,28,35,39,46],"ascension_level":0}