{"gold_per_floor":[113,127,137,157,157,157,197,197,224,259,14,14,14,38,38,157,157,173,173,194,213,18,18,18],"floor_reached":24,"playtime":1898,"items_purged":[],"score":309,"play_id":"d20ed28c-24eb-4cdd-bcdc-4db0e83fadae","local_time":"20190524192112","is_ascension_mode":true,"campfire_choices":[{"data":"Armaments","floor":6.0,"key":"SMITH"},{"floor":8.0,"key":"REST"},{"floor":12.0,"key":"REST"},{"floor":15.0,"key":"REST"},{"floor":23.0,"key":"REST"}],"neow_cost":"TEN_PERCENT_HP_LOSS","seed_source_timestamp":203829383633687,"circlet_count":0,"master_deck":["AscendersBane","Strike_R","Strike_R","Defend_R","Defend_R","Defend_R","Body Slam","True Grit","Armaments+1","Entrench","Double Tap","Shrug It Off","Warcry","Offering","Headbutt","Limit Break","Feed","Fire Breathing+1","Warcry","Shrug It Off"],"special_seed":0,"relics":["Burning Blood","Golden Idol","Art of War","Lantern","Bag of Preparation","Frozen Egg 2","Philosopher\u0027s Stone","PreservedInsect"],"potions_floor_usage":[24],"damage_taken":[{"damage":4.0,"enemies":"2 Louse","floor":1.0,"turns":4.0},{"damage":0.0,"enemies":"Jaw Worm","floor":2.0,"turns":7.0},{"damage":10.0,"enemies":"Small Slimes","floor":3.0,"turns":3.0},{"damage":3.0,"enemies":"Looter","floor":4.0,"turns":5.0},{"damage":37.0,"enemies":"3 Sentries","floor":7.0,"turns":12.0},{"damage":42.0,"enemies":"Gremlin Nob","floor":10.0,"turns":5.0},{"damage":9.0,"enemies":"Gremlin Gang","floor":14.0,"turns":7.0},{"damage":24.0,"enemies":"Slime Boss","floor":16.0,"turns":9.0},{"damage":9.0,"enemies":"Shell Parasite","floor":18.0,"turns":6.0},{"damage":27.0,"enemies":"3 Byrds","floor":20.0,"turns":4.0},{"damage":24.0,"enemies":"Centurion and Healer","floor":21.0,"turns":9.0},{"damage":64,"enemies":"Book of Stabbing","floor":24,"turns":7}],"seed_played":"-2278185733843273191","potions_obtained":[{"floor":2.0,"key":"LiquidBronze"},{"floor":4.0,"key":"Swift Potion"},{"floor":7.0,"key":"BloodPotion"},{"floor":10.0,"key":"PowerPotion"},{"floor":21.0,"key":"Regen Potion"}],"is_trial":false,"path_per_floor":["M","M","M","M","?","R","E","R","T","E","$","R","?","M","R","B",null,"M","?","M","M","$","R","E"],"character_chosen":"IRONCLAD","items_purchased":["Frozen Egg 2","PreservedInsect","Shrug It Off"],"campfire_rested":4,"item_purchase_floors":[11,22,22],"current_hp_per_floor":[72,72,68,71,53,53,22,43,43,14,14,35,28,25,46,28,61,58,58,40,26,26,49,0],"gold":18,"neow_bonus":"TRANSFORM_TWO_CARDS","is_prod":false,"is_daily":false,"chose_seed":false,"campfire_upgraded":1,"win_rate":0,"timestamp":1558718472,"path_taken":["M","M","M","M","?","R","E","R","T","E","$","R","?","M","R","BOSS","M","?","M","M","$","R","E"],"build_version":"2019-01-23","purchased_purges":0,"victory":false,"max_hp_per_floor":[72,72,72,72,72,72,72,72,72,72,72,72,72,72,72,72,72,72,72,75,79,79,79,79],"card_choices":[{"not_picked":["Wild Strike","Heavy Blade"],"picked":"Armaments","floor":1.0},{"not_picked":["Wild Strike","Iron Wave"],"picked":"Entrench","floor":2.0},{"not_picked":["Armaments","Infernal Blade","True Grit"],"picked":"SKIP","floor":3.0},{"not_picked":["Battle Trance","Sword Boomerang"],"picked":"Double Tap","floor":4.0},{"not_picked":["Havoc","Wild Strike"],"picked":"Shrug It Off","floor":7.0},{"not_picked":["Flex","Perfected Strike"],"picked":"Warcry","floor":10.0},{"not_picked":["Flex","Cleave","Armaments"],"picked":"SKIP","floor":14.0},{"not_picked":["Feed","Berserk+1"],"picked":"Offering","floor":16.0},{"not_picked":["Iron Wave","Feel No Pain+1"],"picked":"Headbutt","floor":18.0},{"not_picked":["Blood for Blood","Cleave+1"],"picked":"Fire Breathing+1","floor":20.0},{"not_picked":["Wild Strike","Perfected Strike+1"],"picked":"Warcry","floor":21.0}],"player_experience":337621,"relics_obtained":[{"floor":7.0,"key":"Art of War"},{"floor":9.0,"key":"Lantern"},{"floor":10.0,"key":"Bag of Preparation"}],"event_choices":[{"damage_healed":0.0,"max_hp_gain":0.0,"max_hp_loss":0.0,"gold_gain":0.0,"event_name":"Golden Idol","player_choice":"Take Damage","floor":5.0,"gold_loss":0.0,"damage_taken":18.0,"relics_obtained":["Golden Idol"]},{"cards_removed":["Strike_R"],"damage_healed":0.0,"max_hp_gain":0.0,"max_hp_loss":0.0,"gold_gain":0.0,"event_name":"Golden Wing","player_choice":"Card Removal","floor":13.0,"gold_loss":0.0,"damage_taken":7.0},{"damage_healed":0.0,"max_hp_gain":0.0,"max_hp_loss":0.0,"gold_gain":0.0,"cards_transformed":["Strike_R","Strike_R"],"event_name":"Drug Dealer","player_choice":"Became Test Subject","floor":19.0,"gold_loss":0.0,"damage_taken":0.0,"cards_obtained":["Limit Break","Feed"]}],"is_beta":false,"boss_relics":[{"not_picked":["Tiny House","Runic Cube"],"picked":"Philosopher\u0027s Stone"}],"items_purged_floors":[],"is_endless":false,"potions_floor_spawned":[2,4,7,10,21],"killed_by":"Book of Stabbing","ascension_level":10}