{"gold_per_floor":[112,124,124,47,57,57,87,10,10,110,129,129,129,142,142,272,272,297,297,317,34,52,93,118,118,118,118,118,143,143,169,169,271,271,290,290,290,290,305,305,305,339,339,358,358,358,373,373,373,373],"floor_reached":51,"playtime":2758,"items_purged":["Strike_B","Strike_B"],"score":699,"play_id":"f040e3eb-760b-4a63-aabd-ef14305d800d","local_time":"20180916233529","is_ascension_mode":false,"campfire_choices":[{"data":"Dualcast","floor":6.0,"key":"SMITH"},{"floor":15.0,"key":"REST"},{"data":"Consume","floor":27.0,"key":"SMITH"},{"floor":30.0,"key":"REST"},{"data":"Double Energy","floor":32.0,"key":"SMITH"},{"data":"Hologram","floor":40.0,"key":"SMITH"},{"data":"Chill","floor":46.0,"key":"SMITH"},{"data":"Echo Form","floor":49.0,"key":"SMITH"}],"neow_cost":"NONE","seed_source_timestamp":0,"circlet_count":0,"master_deck":["Defend_B","Defend_B","Defend_B","Defend_B","Zap","Dualcast+1","Loop","Capacitor","Coolheaded","Steam","Hologram+1","Consume+1","Double Energy+1","Electrodynamics","Steam+1","Turbo+1","FTL","Gash","White Noise+1","Echo Form+1","All For One","Consume+1","Thinking Ahead","Chill+1","Pain","Heatsinks+1","Writhe","Redo+1"],"special_seed":0,"relics":["Cracked Core","Smiling Mask","Blue Candle","Bloody Idol","Inserter","Bottled Lightning","Juzu Bracelet","Vajra","Nloth\u0027s Gift","Shuriken","PreservedInsect","Regal Pillow","Cursed Key","Mango","Du-Vu Doll","Unceasing Top"],"potions_floor_usage":[],"damage_taken":[{"damage":4.0,"enemies":"2 Louse","floor":1.0,"turns":3.0},{"damage":5.0,"enemies":"Small Slimes","floor":2.0,"turns":3.0},{"damage":0.0,"enemies":"Cultist","floor":5.0,"turns":5.0},{"damage":28.0,"enemies":"Exordium Thugs","floor":11.0,"turns":7.0},{"damage":10.0,"enemies":"Looter","floor":14.0,"turns":2.0},{"damage":28.0,"enemies":"The Guardian","floor":16.0,"turns":12.0},{"damage":7.0,"enemies":"Spheric Guardian","floor":18.0,"turns":6.0},{"damage":6.0,"enemies":"Chosen","floor":20.0,"turns":6.0},{"damage":5.0,"enemies":"Centurion and Healer","floor":22.0,"turns":5.0},{"damage":29.0,"enemies":"Gremlin Leader","floor":23.0,"turns":6.0},{"damage":16.0,"enemies":"Book of Stabbing","floor":29.0,"turns":5.0},{"damage":22.0,"enemies":"Automaton","floor":33.0,"turns":10.0},{"damage":18.0,"enemies":"3 Shapes","floor":35.0,"turns":4.0},{"damage":10.0,"enemies":"Orb Walker","floor":39.0,"turns":3.0},{"damage":0.0,"enemies":"Mind Bloom Boss Battle","floor":41.0,"turns":6.0},{"damage":5.0,"enemies":"Giant Head","floor":42.0,"turns":6.0},{"damage":20.0,"enemies":"Spire Growth","floor":44.0,"turns":6.0},{"damage":1.0,"enemies":"Reptomancer","floor":47.0,"turns":4.0},{"damage":75,"enemies":"Time Eater","floor":50,"turns":10}],"seed_played":"-8282182291908468882","potions_obtained":[{"floor":1.0,"key":"Energy Potion"},{"floor":11.0,"key":"GamblersBrew"},{"floor":18.0,"key":"Block Potion"},{"floor":20.0,"key":"Dexterity Potion"},{"floor":23.0,"key":"GamblersBrew"},{"floor":35.0,"key":"Block Potion"},{"floor":39.0,"key":"Dexterity Potion"}],"is_trial":false,"path_per_floor":["M","M","?","$","M","R","?","$","T","?","M","?","?","M","R","B",null,"M","?","M","$","M","E","T","?","T","R","?","E","R","T","R","B",null,"M","?","?","?","M","R","?","E","T","M","?","R","M","?","R","B"],"character_chosen":"DEFECT","items_purchased":["Coolheaded","Hologram","Bottled Lightning","FTL"],"campfire_rested":2,"item_purchase_floors":[4,8,21,21],"current_hp_per_floor":[71,66,59,59,59,59,59,59,59,59,31,31,31,21,41,13,69,62,62,56,56,51,22,22,22,22,22,22,11,31,36,36,19,69,56,56,56,56,51,51,72,72,72,57,78,78,82,82,82,7],"gold":373,"neow_bonus":"RANDOM_COMMON_RELIC","is_prod":false,"is_daily":false,"chose_seed":false,"campfire_upgraded":6,"win_rate":0,"timestamp":1537166129,"path_taken":["M","M","?","?","M","R","?","$","T","?","?","?","?","?","R","BOSS","M","?","?","$","M","E","?","?","T","R","?","E","R","?","R","BOSS","M","?","?","?","M","R","?","E","T","M","?","R","M","?","R","BOSS"],"build_version":"2018-09-06","purchased_purges":2,"victory":true,"max_hp_per_floor":[75,75,75,75,75,75,75,75,75,75,75,69,69,69,69,69,69,69,69,69,69,69,69,69,69,69,69,69,69,69,69,69,69,69,69,69,69,69,69,69,83,83,83,83,83,83,83,83,83,83],"card_choices":[{"not_picked":["Sweeping Beam","Compile Driver"],"picked":"Loop","floor":1.0},{"not_picked":["Leap","Compile Driver"],"picked":"Capacitor","floor":2.0},{"not_picked":["Barrage","Coolheaded"],"picked":"Steam","floor":5.0},{"not_picked":["Beam Cell","Hologram"],"picked":"Consume","floor":11.0},{"not_picked":["Sweeping Beam","Recycle"],"picked":"Hello World","floor":14.0},{"not_picked":["Amplify","Reboot"],"picked":"Electrodynamics","floor":16.0},{"not_picked":["Sweeping Beam+1","Streamline+1"],"picked":"Steam+1","floor":18.0},{"not_picked":["Reinforced Body","Chaos"],"picked":"Turbo+1","floor":20.0},{"not_picked":["Beam Cell+1","FTL"],"picked":"Gash","floor":22.0},{"not_picked":["Reprogram","Double Energy"],"picked":"White Noise+1","floor":23.0},{"not_picked":["Hyperbeam","Stack+1"],"picked":"Echo Form","floor":29.0},{"not_picked":["Reboot","Amplify"],"picked":"All For One","floor":33.0},{"not_picked":["Ball Lightning","Stack+1","Steam"],"picked":"SKIP","floor":35.0},{"not_picked":["Enlightenment","Finesse"],"picked":"Thinking Ahead","floor":37.0},{"not_picked":["Biased Cognition","Barrage"],"picked":"Chill","floor":39.0},{"not_picked":["Cold Snap+1","Turbo","Streamline"],"picked":"SKIP","floor":42.0},{"not_picked":["Compile Driver","Streamline"],"picked":"Heatsinks+1","floor":44.0},{"not_picked":["Steam","Biased Cognition"],"picked":"Redo+1","floor":47.0}],"player_experience":302617,"relics_obtained":[{"floor":9.0,"key":"Blue Candle"},{"floor":23.0,"key":"Juzu Bracelet"},{"floor":24.0,"key":"Vajra"},{"floor":26.0,"key":"Shuriken"},{"floor":29.0,"key":"PreservedInsect"},{"floor":31.0,"key":"Regal Pillow"},{"floor":41.0,"key":"Mango"},{"floor":42.0,"key":"Du-Vu Doll"},{"floor":43.0,"key":"Unceasing Top"}],"event_choices":[{"event_name":"Golden Wing","player_choice":"Card Removal","floor":3.0,"damage_taken":0.0},{"event_name":"Dead Adventurer","player_choice":"Searched \u00271\u0027 times","floor":7.0,"damage_taken":0.0},{"event_name":"Golden Shrine","player_choice":"Pray","floor":10.0,"damage_taken":0.0},{"event_name":"Golden Idol","player_choice":"Lose Max HP","floor":12.0,"damage_taken":0.0},{"event_name":"Living Wall","player_choice":"Change","floor":13.0,"damage_taken":0.0},{"event_name":"Drug Dealer","player_choice":"Inject Mutagens","floor":19.0,"damage_taken":0.0},{"event_name":"N\u0027loth","player_choice":"Traded a MutagenicStrength","floor":25.0,"damage_taken":0.0},{"event_name":"Forgotten Altar","player_choice":"Gave Idol","floor":28.0,"damage_taken":0.0},{"event_name":"Duplicator","player_choice":"One dupe","floor":36.0,"damage_taken":0.0},{"event_name":"SensoryStone","player_choice":"Memory 1","floor":37.0,"damage_taken":0.0},{"event_name":"SecretPortal","player_choice":"Rejected Portal.","floor":38.0,"damage_taken":0.0},{"event_name":"MindBloom","player_choice":"Fight","floor":41.0,"damage_taken":0.0},{"event_name":"Winding Halls","player_choice":"Writhe","floor":45.0,"damage_taken":0.0},{"event_name":"Falling","player_choice":"Removed Power","floor":48.0,"damage_taken":0.0}],"is_beta":false,"boss_relics":[{"not_picked":["FrozenCore","Calling Bell"],"picked":"Inserter"},{"not_picked":["Sozu","Black Star"],"picked":"Cursed Key"}],"items_purged_floors":[4,8],"is_endless":false,"potions_floor_spawned":[1,11,18,20,23,35,39],"ascension_level":0}