{"gold_per_floor":[114,289,39,51,69,69,54,54,54,54,84,84,84,100,100,179,179,191,266,281,109,119,119,134,134,134,134,162,178,178,178],"floor_reached":31,"playtime":946,"items_purged":["Doubt","Defend_B"],"score":388,"play_id":"cda48e98-7f0d-4030-abe5-9754ac3d1bc3","local_time":"20190101160030","is_ascension_mode":true,"campfire_choices":[{"data":"Loop","floor":6.0,"key":"SMITH"},{"data":"Sweeping Beam","floor":8.0,"key":"SMITH"},{"data":"Conserve Battery","floor":10.0,"key":"SMITH"},{"data":"Coolheaded","floor":13.0,"key":"SMITH"},{"data":"Cold Snap","floor":15.0,"key":"SMITH"},{"floor":23,"key":"REST"},{"data":"Hologram","floor":25,"key":"SMITH"},{"floor":27,"key":"REST"},{"floor":30,"key":"REST"}],"neow_cost":"NONE","seed_source_timestamp":12898123394454,"circlet_count":0,"master_deck":["AscendersBane","Strike_B","Defend_B","Defend_B","Zap+1","Dualcast","Conserve Battery+1","Loop+1","Sweeping Beam+1","Steam","Glacier","Coolheaded+1","Recycle","Cold Snap+1","All For One","Fusion+1","Static Discharge+1","Beam Cell+1","Ball Lightning","Capacitor","Hologram+1","Steam"],"special_seed":0,"relics":["Cracked Core","Bottled Lightning","StoneCalendar","Astrolabe","Kunai","Red Mask"],"potions_floor_usage":[24,31],"damage_taken":[{"damage":6.0,"enemies":"Small Slimes","floor":1.0,"turns":3.0},{"damage":1.0,"enemies":"Cultist","floor":4.0,"turns":3.0},{"damage":0.0,"enemies":"2 Louse","floor":5.0,"turns":2.0},{"damage":5.0,"enemies":"Exordium Thugs","floor":7.0,"turns":4.0},{"damage":31.0,"enemies":"Gremlin Nob","floor":11.0,"turns":5.0},{"damage":0.0,"enemies":"Large Slime","floor":14.0,"turns":7.0},{"damage":22.0,"enemies":"Slime Boss","floor":16.0,"turns":13.0},{"damage":0.0,"enemies":"Chosen","floor":18.0,"turns":5.0},{"damage":19,"enemies":"2 Thieves","floor":20,"turns":4},{"damage":12,"enemies":"3 Cultists","floor":22,"turns":5},{"damage":13,"enemies":"Cultist and Chosen","floor":24,"turns":4},{"damage":39,"enemies":"Masked Bandits","floor":28,"turns":3},{"damage":6,"enemies":"Centurion and Healer","floor":29,"turns":7},{"damage":38,"enemies":"Slavers","floor":31,"turns":2}],"seed_played":"8103221942059851614","potions_obtained":[{"floor":5.0,"key":"Fire Potion"},{"floor":11.0,"key":"LiquidBronze"},{"floor":20,"key":"LiquidBronze"},{"floor":24,"key":"Ancient Potion"}],"is_trial":false,"path_per_floor":["M","?","$","M","M","R","M","R","T","R","E","?","R","M","R","B",null,"M","?","M","$","M","R","M","R","T","R","?","M","R","E"],"character_chosen":"DEFECT","items_purchased":["Loop","Sweeping Beam","Steam","Capacitor"],"campfire_rested":3,"item_purchase_floors":[3,3,3,21],"current_hp_per_floor":[62,62,62,61,61,61,56,56,56,56,25,25,25,25,25,3,57,57,50,31,31,19,41,28,28,28,50,11,5,27,0],"gold":178,"neow_bonus":"UPGRADE_CARD","is_prod":false,"is_daily":false,"chose_seed":false,"campfire_upgraded":6,"win_rate":0,"timestamp":1546347630,"path_taken":["M","?","$","M","M","R","M","R","T","R","E","?","R","?","R","BOSS","M","?","M","?","M","R","?","R","T","R","?","M","R","E"],"build_version":"2018-12-20","purchased_purges":2,"victory":false,"max_hp_per_floor":[75,75,75,75,75,75,75,75,75,75,75,75,75,75,75,75,75,75,75,75,75,75,75,75,75,75,75,75,75,75,75],"card_choices":[{"not_picked":["Leap","Steam Power"],"picked":"Conserve Battery","floor":1.0},{"not_picked":["Turbo","Double Energy","Thunder Strike"],"picked":"SKIP","floor":4.0},{"not_picked":["Loop","Sweeping Beam"],"picked":"Glacier","floor":5.0},{"not_picked":["Leap","Barrage"],"picked":"Coolheaded","floor":7.0},{"not_picked":["Creative AI","Chill"],"picked":"Recycle","floor":11.0},{"not_picked":["Streamline","Beam Cell"],"picked":"Cold Snap","floor":14.0},{"not_picked":["Amplify","Thunder Strike"],"picked":"All For One","floor":16.0},{"not_picked":["Rebound","Heatsinks"],"picked":"Ball Lightning","floor":18.0},{"not_picked":["Tempest","FTL","Sweeping Beam"],"picked":"SKIP","floor":20},{"not_picked":["Steam","Gash","Coolheaded"],"picked":"SKIP","floor":22},{"not_picked":["Sweeping Beam","All For One"],"picked":"Hologram","floor":24},{"not_picked":["Cold Snap","Stack"],"picked":"Steam","floor":28},{"not_picked":["Stack","Conserve Battery","Streamline+1"],"picked":"SKIP","floor":29}],"player_experience":632640,"relics_obtained":[{"floor":9.0,"key":"Bottled Lightning"},{"floor":11.0,"key":"StoneCalendar"},{"floor":26,"key":"Kunai"},{"floor":28,"key":"Red Mask"}],"event_choices":[{"damage_healed":0.0,"max_hp_gain":0.0,"max_hp_loss":0.0,"gold_gain":175.0,"event_name":"Liars Game","player_choice":"AGREE","floor":2.0,"gold_loss":0.0,"damage_taken":0.0,"cards_obtained":["Doubt"]},{"cards_removed":["Strike_B"],"damage_healed":0.0,"max_hp_gain":0.0,"max_hp_loss":0.0,"gold_gain":0.0,"event_name":"Purifier","player_choice":"Purged","floor":12.0,"gold_loss":0.0,"damage_taken":0.0},{"damage_healed":0,"gold_gain":75,"player_choice":"Touch","damage_taken":7,"max_hp_gain":0,"max_hp_loss":0,"event_name":"FaceTrader","floor":19,"gold_loss":0},{"damage_healed":0,"gold_gain":0,"player_choice":"Fought Bandits","damage_taken":0,"max_hp_gain":0,"max_hp_loss":0,"event_name":"Masked Bandits","floor":28,"gold_loss":0}],"is_beta":false,"boss_relics":[{"not_picked":["Busted Crown","Runic Pyramid"],"picked":"Astrolabe"}],"items_purged_floors":[3,21],"is_endless":false,"potions_floor_spawned":[5,11,14,20,24,29],"killed_by":"Slavers","ascension_level":13}