{"gold_per_floor":[119,74,74,84,84,84,112,112,162,162,174,236,247,312,312,417,417,417,417,77,77,77,77,77,77,77,77,77,26,26,26,26,26,26,26,26,26,26,26,26,26,26,26,26,26,0,0,0,0,0],"floor_reached":51,"playtime":3211,"items_purged":["Strike_G"],"score":1059,"play_id":"58d14c56-a5b9-4683-866a-7b7d1efac8b6","local_time":"20190801161522","is_ascension_mode":true,"campfire_choices":[{"data":"Predator","floor":6,"key":"SMITH"},{"data":"Deadly Poison","floor":8,"key":"SMITH"},{"data":"Slice","floor":10,"key":"SMITH"},{"floor":15,"key":"REST"},{"data":"Footwork","floor":23,"key":"SMITH"},{"data":"Catalyst","floor":27,"key":"SMITH"},{"floor":32,"key":"REST"},{"data":"Leg Sweep","floor":40,"key":"SMITH"},{"floor":42,"key":"REST"},{"data":"Malaise","floor":47,"key":"SMITH"},{"data":"Deadly Poison","floor":49,"key":"SMITH"}],"neow_cost":"NONE","seed_source_timestamp":3155340915569,"circlet_count":0,"master_deck":["Strike_G","Strike_G","Strike_G","Defend_G","Defend_G","Defend_G","Defend_G","Defend_G","Survivor","Neutralize+1","Predator+1","Deflect","Concentrate","Slice+1","Deadly Poison+1","Skewer","Deadly Poison+1","Dodge and Roll","Glass Knife+1","Poisoned Stab+1","Dodge and Roll","Footwork+1","Catalyst+1","Bane+1","Leg Sweep+1","Backflip","Deflect","Backflip","Well Laid Plans","Malaise+1","Backflip+1","Noxious Fumes+1","Slice"],"relics":["Ring of the Snake","Dodecahedron","Bronze Scales","Ancient Tea Set","Tiny Chest","Ectoplasm","PreservedInsect","Darkstone Periapt","Pear","Boot","Busted Crown","Orichalcum","Kunai","Red Mask","Thread and Needle"],"potions_floor_usage":[7,12,14,14,16,25,30,31,33,33,44,50,50],"damage_taken":[{"damage":0,"enemies":"Small Slimes","floor":1,"turns":3},{"damage":0,"enemies":"Cultist","floor":4,"turns":5},{"damage":31,"enemies":"Gremlin Nob","floor":7,"turns":6},{"damage":4,"enemies":"Jaw Worm","floor":11,"turns":3},{"damage":15,"enemies":"3 Sentries","floor":12,"turns":6},{"damage":0,"enemies":"Looter","floor":13,"turns":2},{"damage":7,"enemies":"Lagavulin","floor":14,"turns":4},{"damage":15,"enemies":"The Guardian","floor":16,"turns":8},{"damage":0,"enemies":"3 Byrds","floor":18,"turns":3},{"damage":1,"enemies":"Shell Parasite","floor":19,"turns":3},{"damage":0,"enemies":"Centurion and Healer","floor":21,"turns":8},{"damage":7,"enemies":"Shelled Parasite and Fungi","floor":24,"turns":3},{"damage":12,"enemies":"Book of Stabbing","floor":25,"turns":4},{"damage":18,"enemies":"Sentry and Sphere","floor":30,"turns":5},{"damage":7,"enemies":"Slavers","floor":31,"turns":5},{"damage":42,"enemies":"Collector","floor":33,"turns":9},{"damage":15,"enemies":"3 Darklings","floor":35,"turns":8},{"damage":3,"enemies":"3 Shapes","floor":36,"turns":5},{"damage":0,"enemies":"Giant Head","floor":41,"turns":6},{"damage":0,"enemies":"Writhing Mass","floor":44,"turns":2},{"damage":5,"enemies":"Transient","floor":45,"turns":5},{"damage":0,"enemies":"Mind Bloom Boss Battle","floor":48,"turns":5},{"damage":21,"enemies":"Awakened One","floor":50,"turns":16}],"seed_played":"-3245041068144354257","potions_obtained":[{"floor":1,"key":"EssenceOfSteel"},{"floor":11,"key":"AttackPotion"},{"floor":13,"key":"EntropicBrew"},{"floor":16,"key":"FearPotion"},{"floor":18,"key":"Dexterity Potion"},{"floor":19,"key":"Block Potion"},{"floor":30,"key":"SteroidPotion"},{"floor":31,"key":"Strength Potion"},{"floor":33,"key":"Swift Potion"},{"floor":39,"key":"Strength Potion"},{"floor":39,"key":"SmokeBomb"}],"is_trial":false,"path_per_floor":["M","$","?","M","?","R","E","R","T","R","M","?","M","E","R","B",null,"M","M","$","M","?","R","M","E","T","R","?","$","M","E","R","B",null,"M","M","$","T","?","R","E","R","T","M","M","?","R","?","R","B",null],"character_chosen":"THE_SILENT","items_purchased":["Deflect","Footwork","Catalyst","PreservedInsect","Deflect"],"campfire_rested":3,"item_purchase_floors":[2,20,20,20,29],"current_hp_per_floor":[70,70,70,70,70,70,39,39,39,39,35,20,20,13,36,21,63,63,62,62,62,62,62,55,43,53,53,45,45,27,20,46,4,66,51,48,48,48,48,48,48,74,74,74,69,69,69,69,69,48],"gold":0,"neow_bonus":"TEN_PERCENT_HP_BONUS","is_prod":false,"is_daily":false,"chose_seed":false,"campfire_upgraded":8,"win_rate":0,"timestamp":1564668922,"path_taken":["M","$","?","?","?","R","E","R","T","R","?","?","M","E","R","BOSS","M","M","$","M","?","R","?","E","T","R","?","$","M","E","R","BOSS","M","M","$","?","?","R","E","R","T","M","?","?","R","?","R","BOSS"],"build_version":"2019-07-17","purchased_purges":1,"victory":true,"max_hp_per_floor":[77,77,77,77,77,77,77,77,77,77,77,77,77,77,77,77,77,77,77,77,77,77,77,77,77,87,87,87,87,87,87,87,87,87,87,87,87,87,87,87,87,87,87,87,87,87,87,87,87,87],"card_choices":[{"not_picked":["Skewer","Blur"],"picked":"Predator","floor":1},{"not_picked":["Heel Hook","Tactician"],"picked":"Slice","floor":4},{"not_picked":["Tactician","Bullet Time"],"picked":"Deadly Poison","floor":7},{"not_picked":["Accuracy","Acrobatics"],"picked":"Skewer","floor":11},{"not_picked":["Dagger Spray","Prepared"],"picked":"Deadly Poison","floor":13},{"not_picked":["Bane","Outmaneuver"],"picked":"Dodge and Roll","floor":14},{"not_picked":["Envenom","Night Terror"],"picked":"Glass Knife","floor":16},{"not_picked":["Sucker Punch+1","Riddle With Holes"],"picked":"Poisoned Stab+1","floor":18},{"not_picked":["Acrobatics","Eviscerate"],"picked":"Dodge and Roll","floor":19},{"not_picked":["Calculated Gamble","Underhanded Strike"],"picked":"Bane+1","floor":21},{"not_picked":["Dash","Cloak And Dagger"],"picked":"Leg Sweep","floor":24},{"not_picked":["Bane","Prepared"],"picked":"Backflip","floor":25},{"not_picked":["Sucker Punch+1","Deadly Poison"],"picked":"Backflip","floor":30},{"not_picked":["Underhanded Strike","Tactician+1"],"picked":"Well Laid Plans","floor":31},{"not_picked":["Wraith Form v2","A Thousand Cuts"],"picked":"Malaise","floor":33},{"not_picked":[],"picked":"Backflip+1","floor":35},{"not_picked":[],"picked":"Noxious Fumes+1","floor":36},{"not_picked":[],"picked":"Slice","floor":41},{"not_picked":["Dagger Spray"],"picked":"SKIP","floor":45}],"player_experience":682625,"relics_obtained":[{"floor":7,"key":"Dodecahedron"},{"floor":9,"key":"Bronze Scales"},{"floor":14,"key":"Tiny Chest"},{"floor":25,"key":"Darkstone Periapt"},{"floor":26,"key":"Pear"},{"floor":31,"key":"Boot"},{"floor":41,"key":"Orichalcum"},{"floor":43,"key":"Kunai"},{"floor":48,"key":"Thread and Needle"}],"event_choices":[{"damage_healed":0,"gold_gain":0,"cards_transformed":["Strike_G"],"player_choice":"Transformed","damage_taken":0,"max_hp_gain":0,"max_hp_loss":0,"event_name":"Transmorgrifier","floor":3,"gold_loss":0,"cards_obtained":["Concentrate"]},{"damage_healed":0,"gold_gain":0,"player_choice":"Forge","damage_taken":0,"max_hp_gain":0,"max_hp_loss":0,"event_name":"Accursed Blacksmith","floor":5,"gold_loss":0,"cards_upgraded":["Neutralize"]},{"damage_healed":0,"gold_gain":30,"player_choice":"Searched \u00273\u0027 times","damage_taken":0,"relics_obtained":["Ancient Tea Set"],"max_hp_gain":0,"max_hp_loss":0,"event_name":"Dead Adventurer","floor":12,"gold_loss":0},{"damage_healed":0,"gold_gain":0,"player_choice":"Upgraded","damage_taken":0,"max_hp_gain":0,"max_hp_loss":0,"event_name":"Upgrade Shrine","floor":22,"gold_loss":0,"cards_upgraded":["Glass Knife"]},{"damage_healed":0,"gold_gain":0,"player_choice":"","damage_taken":8,"max_hp_gain":0,"max_hp_loss":0,"event_name":"Knowing Skull","floor":28,"potions_obtained":[],"gold_loss":0,"cards_obtained":[]},{"damage_healed":0,"gold_gain":0,"player_choice":"Got Potions","damage_taken":0,"max_hp_gain":0,"max_hp_loss":0,"event_name":"Lab","floor":39,"gold_loss":0},{"damage_healed":0,"gold_gain":0,"player_choice":"Paid","damage_taken":0,"relics_obtained":["Red Mask"],"max_hp_gain":0,"max_hp_loss":0,"event_name":"Tomb of Lord Red Mask","floor":46,"gold_loss":26},{"damage_healed":0,"gold_gain":0,"player_choice":"Fight","damage_taken":0,"max_hp_gain":0,"max_hp_loss":0,"event_name":"MindBloom","floor":48,"gold_loss":0}],"is_beta":false,"boss_relics":[{"not_picked":["Velvet Choker","Sozu"],"picked":"Ectoplasm"},{"not_picked":["Fusion Hammer","Eternal Feather"],"picked":"Busted Crown"}],"items_purged_floors":[20],"is_endless":false,"potions_floor_spawned":[1,11,13,16,18,19,30,31,33,41,44],"ascension_level":9}