{"gold_per_floor":[115,132,143,63,63,63,99,24,79,92,92,106,106,120,120,211,211,226,22,35,35,59,59,95,95,95,95,95],"floor_reached":28,"playtime":846,"items_purged":[],"score":428,"play_id":"9fafde86-208d-4eb2-abcb-9decdb46b946","local_time":"20190118235025","is_ascension_mode":true,"campfire_choices":[{"data":"Glass Knife","floor":6.0,"key":"SMITH"},{"data":"Skewer","floor":11.0,"key":"SMITH"},{"data":"Footwork","floor":13.0,"key":"SMITH"},{"floor":15.0,"key":"REST"},{"data":"Noxious Fumes","floor":23,"key":"SMITH"},{"data":"Backflip","floor":25,"key":"SMITH"}],"neow_cost":"NONE","seed_source_timestamp":40904704418200,"circlet_count":0,"master_deck":["AscendersBane","Defend_G","Defend_G","Defend_G","Defend_G","Defend_G","Strike_G","Strike_G","Strike_G","Strike_G","Strike_G","Survivor","Neutralize","Glass Knife+1","Footwork+1","Escape Plan","Poisoned Stab","Skewer+1","PiercingWail","Noxious Fumes+1","Tools of the Trade","Backflip+1","Dash"],"special_seed":0,"relics":["Ring of the Snake","Golden Idol","Bag of Preparation","Boot","Coffee Dripper","Happy Flower","Blood Vial","Bronze Scales"],"potions_floor_usage":[24],"damage_taken":[{"damage":0.0,"enemies":"Cultist","floor":1.0,"turns":3.0},{"damage":0.0,"enemies":"Jaw Worm","floor":2.0,"turns":5.0},{"damage":4.0,"enemies":"2 Louse","floor":3.0,"turns":2.0},{"damage":19.0,"enemies":"Gremlin Nob","floor":7.0,"turns":4.0},{"damage":0.0,"enemies":"2 Fungi Beasts","floor":10.0,"turns":3.0},{"damage":0.0,"enemies":"Blue Slaver","floor":12.0,"turns":3.0},{"damage":24.0,"enemies":"Large Slime","floor":14.0,"turns":7.0},{"damage":8.0,"enemies":"The Guardian","floor":16.0,"turns":13.0},{"damage":2,"enemies":"2 Thieves","floor":18,"turns":5},{"damage":26,"enemies":"Shell Parasite","floor":20,"turns":6},{"damage":2,"enemies":"Chosen and Byrds","floor":22,"turns":5},{"damage":10,"enemies":"Gremlin Leader","floor":24,"turns":6},{"damage":13,"enemies":"Shelled Parasite and Fungi","floor":28,"turns":2}],"seed_played":"1599464954899825292","potions_obtained":[{"floor":1.0,"key":"Ancient Potion"},{"floor":14.0,"key":"GhostInAJar"}],"is_trial":false,"path_per_floor":["M","M","M","$","?","R","E","$","T","M","R","M","R","M","R","B",null,"M","$","M","?","M","R","E","R","T","?","M"],"character_chosen":"THE_SILENT","items_purchased":["Skewer","Noxious Fumes","Dash","Happy Flower"],"campfire_rested":1,"item_purchase_floors":[4,8,19,19],"current_hp_per_floor":[59,59,55,55,55,55,36,36,36,36,36,36,36,12,30,22,51,49,49,23,23,21,21,11,11,11,11,0],"gold":95,"neow_bonus":"ONE_RANDOM_RARE_CARD","is_prod":false,"is_daily":false,"chose_seed":false,"campfire_upgraded":5,"win_rate":0,"timestamp":1547844625,"path_taken":["M","M","M","?","?","R","E","?","T","M","R","M","R","M","R","BOSS","M","$","M","?","M","R","E","R","T","?","M"],"build_version":"2019-01-17v2","purchased_purges":0,"victory":false,"max_hp_per_floor":[66,66,66,66,60,60,60,60,60,60,60,60,60,60,60,60,60,60,60,60,60,60,60,60,60,60,60,60],"card_choices":[{"not_picked":["Dodge and Roll","Deadly Poison"],"picked":"Footwork","floor":1.0},{"not_picked":["Dodge and Roll","Distraction"],"picked":"Escape Plan","floor":2.0},{"not_picked":["Backflip","Prepared"],"picked":"Poisoned Stab","floor":3.0},{"not_picked":["Poisoned Stab","Cloak And Dagger"],"picked":"PiercingWail","floor":7.0},{"not_picked":["Bane","Quick Slash","Flechettes"],"picked":"SKIP","floor":10.0},{"not_picked":["Flechettes","Prepared","Dagger Spray"],"picked":"SKIP","floor":12.0},{"not_picked":["Acrobatics","Flying Knee","Dagger Throw"],"picked":"SKIP","floor":14.0},{"not_picked":["Grand Finale","Wraith Form v2"],"picked":"Tools of the Trade","floor":16.0},{"not_picked":["Poisoned Stab","Masterful Stab"],"picked":"Backflip","floor":18},{"not_picked":["Underhanded Strike","Backflip","Dagger Throw"],"picked":"SKIP","floor":20},{"not_picked":["Poisoned Stab+1","Endless Agony","Bane"],"picked":"SKIP","floor":22},{"not_picked":["Underhanded Strike","Heel Hook","Poisoned Stab"],"picked":"SKIP","floor":24}],"player_experience":701022,"relics_obtained":[{"floor":7.0,"key":"Bag of Preparation"},{"floor":9.0,"key":"Boot"},{"floor":24,"key":"Blood Vial"},{"floor":26,"key":"Bronze Scales"}],"event_choices":[{"damage_healed":0.0,"max_hp_gain":0.0,"max_hp_loss":6.0,"gold_gain":0.0,"event_name":"Golden Idol","player_choice":"Lose Max HP","floor":5.0,"gold_loss":0.0,"damage_taken":0.0,"relics_obtained":["Golden Idol"]},{"damage_healed":0,"gold_gain":0,"player_choice":"Ignored","damage_taken":0,"max_hp_gain":0,"max_hp_loss":0,"event_name":"Beggar","floor":21,"gold_loss":0},{"damage_healed":0,"gold_gain":0,"player_choice":"Ignored","damage_taken":0,"max_hp_gain":0,"max_hp_loss":0,"event_name":"Cursed Tome","floor":27,"gold_loss":0}],"is_beta":false,"boss_relics":[{"not_picked":["Snecko Eye","Calling Bell"],"picked":"Coffee Dripper"}],"items_purged_floors":[],"is_endless":false,"potions_floor_spawned":[1,14,20],"killed_by":"Shelled Parasite and Fungi","ascension_level":16}