{"gold_per_floor":[119,131,144,144,144,175,190,190,190,190,209,209,5,18,18,18],"floor_reached":16,"playtime":1212,"items_purged":[],"score":107,"play_id":"d053d9d6-8306-4a65-a927-efe81fdfc3ba","local_time":"20190612211857","is_ascension_mode":true,"campfire_choices":[{"floor":8,"key":"REST"},{"data":"Bash","floor":10,"key":"SMITH"},{"data":"True Grit","floor":12,"key":"SMITH"},{"data":"Shrug It Off","floor":15,"key":"SMITH"}],"neow_cost":"NONE","seed_source_timestamp":7687259387605,"circlet_count":0,"master_deck":["Strike_R","Strike_R","Strike_R","Defend_R","Defend_R","Defend_R","Defend_R","Bash+1","Headbutt","Havoc","Burning Pact","Shrug It Off+1","Offering","True Grit+1"],"relics":["Burning Blood","PreservedInsect","Unceasing Top","Singing Bowl","Membership Card"],"potions_floor_usage":[14,16],"damage_taken":[{"damage":5,"enemies":"Small Slimes","floor":1,"turns":4},{"damage":1,"enemies":"2 Louse","floor":2,"turns":3},{"damage":1,"enemies":"Jaw Worm","floor":3,"turns":3},{"damage":36,"enemies":"Lagavulin","floor":6,"turns":6},{"damage":19,"enemies":"Exordium Thugs","floor":7,"turns":5},{"damage":8,"enemies":"Looter","floor":11,"turns":2},{"damage":9,"enemies":"Large Slime","floor":14,"turns":4},{"damage":50,"enemies":"Hexaghost","floor":16,"turns":16}],"seed_played":"-4185288431847301958","potions_obtained":[{"floor":3,"key":"Dexterity Potion"},{"floor":6,"key":"GamblersBrew"},{"floor":7,"key":"Fire Potion"}],"is_trial":false,"path_per_floor":["M","M","M","?","?","E","M","R","T","R","M","R","$","M","R","B"],"character_chosen":"IRONCLAD","items_purchased":["Membership Card"],"campfire_rested":1,"item_purchase_floors":[13],"current_hp_per_floor":[80,80,80,73,70,40,27,51,51,51,49,49,49,48,48,0],"gold":18,"neow_bonus":"REMOVE_CARD","is_prod":false,"is_daily":false,"chose_seed":false,"campfire_upgraded":3,"win_rate":0,"timestamp":1560367137,"path_taken":["M","M","M","?","?","E","M","R","T","R","M","R","$","M","R","BOSS"],"build_version":"2019-01-23","purchased_purges":0,"victory":false,"max_hp_per_floor":[80,80,80,80,80,80,80,80,80,80,80,80,80,82,82,82],"card_choices":[{"not_picked":["Carnage","Reckless Charge"],"picked":"Headbutt","floor":1},{"not_picked":["Headbutt","Sever Soul"],"picked":"Havoc","floor":2},{"not_picked":["Heavy Blade","Searing Blow"],"picked":"Burning Pact","floor":3},{"not_picked":["Iron Wave","Wild Strike"],"picked":"Shrug It Off","floor":6},{"not_picked":["Shrug It Off","Body Slam"],"picked":"Offering","floor":7},{"not_picked":["Evolve","Carnage"],"picked":"True Grit","floor":11},{"not_picked":["Reckless Charge","Impervious","Body Slam"],"picked":"Singing Bowl","floor":14}],"player_experience":401250,"relics_obtained":[{"floor":6,"key":"Unceasing Top"},{"floor":9,"key":"Singing Bowl"}],"event_choices":[{"cards_removed":["Strike_R"],"damage_healed":0,"gold_gain":0,"player_choice":"Card Removal","damage_taken":7,"max_hp_gain":0,"max_hp_loss":0,"event_name":"Golden Wing","floor":4,"gold_loss":0},{"damage_healed":0,"gold_gain":0,"player_choice":"Success","damage_taken":3,"relics_obtained":["PreservedInsect"],"max_hp_gain":0,"max_hp_loss":0,"event_name":"Scrap Ooze","floor":5,"gold_loss":0}],"is_beta":false,"boss_relics":[],"items_purged_floors":[],"is_endless":false,"potions_floor_spawned":[3,6,7],"killed_by":"Hexaghost","ascension_level":1}