{"gold_per_floor":[110,385,404,128,78,107,117,117],"floor_reached":8,"playtime":324,"items_purged":["Regret"],"score":90,"play_id":"94a19497-e227-4821-a1c9-7e00982e9203","local_time":"20190716185406","is_ascension_mode":true,"campfire_choices":[],"neow_cost":"NONE","seed_source_timestamp":1637221393187,"circlet_count":0,"master_deck":["AscendersBane","Strike_G","Strike_G","Strike_G","Strike_G","Strike_G","Defend_G","Defend_G","Defend_G","Defend_G","Survivor","Neutralize","Reflex","Acrobatics","Backflip","Cloak And Dagger"],"special_seed":0,"relics":["Cursed Key","Toolbox","Pen Nib"],"potions_floor_usage":[],"damage_taken":[{"damage":2.0,"enemies":"Jaw Worm","floor":1.0,"turns":5.0},{"damage":7.0,"enemies":"Cultist","floor":3.0,"turns":5.0},{"damage":53,"enemies":"Lagavulin","floor":6,"turns":9},{"damage":0,"enemies":"Small Slimes","floor":7,"turns":6},{"damage":9,"enemies":"Exordium Wildlife","floor":8,"turns":2}],"seed_played":"1921201974257873701","potions_obtained":[{"floor":1.0,"key":"Weak Potion"}],"is_trial":false,"path_per_floor":["M","?","M","$","?","E","M","M"],"character_chosen":"THE_SILENT","items_purchased":["Toolbox"],"campfire_rested":0,"item_purchase_floors":[4],"current_hp_per_floor":[61,61,54,54,54,1,1,0],"gold":117,"neow_bonus":"BOSS_RELIC","is_prod":false,"is_daily":false,"chose_seed":false,"campfire_upgraded":0,"win_rate":0,"timestamp":1563328446,"path_taken":["M","?","?","$","?","E","M","M"],"build_version":"2019-07-05","purchased_purges":1,"victory":false,"max_hp_per_floor":[70,70,70,70,70,70,70,70],"card_choices":[{"not_picked":["Slice","Dodge and Roll"],"picked":"Reflex","floor":1.0},{"not_picked":["Bane","Blur"],"picked":"Acrobatics","floor":3.0},{"not_picked":["Wraith Form v2","Noxious Fumes"],"picked":"Backflip","floor":6},{"not_picked":["Prepared","Calculated Gamble"],"picked":"Cloak And Dagger","floor":7}],"player_experience":606540,"relics_obtained":[{"floor":6,"key":"Pen Nib"}],"event_choices":[{"damage_healed":0.0,"max_hp_gain":0.0,"max_hp_loss":0.0,"gold_gain":275.0,"event_name":"Golden Shrine","player_choice":"Desecrate","floor":2.0,"gold_loss":0.0,"damage_taken":0.0,"cards_obtained":["Regret"]},{"cards_removed":["Defend_G"],"damage_healed":0.0,"max_hp_gain":0.0,"max_hp_loss":0.0,"gold_gain":0.0,"event_name":"The Cleric","player_choice":"Card Removal","floor":5.0,"gold_loss":50.0,"damage_taken":0.0}],"is_beta":false,"boss_relics":[],"items_purged_floors":[4],"is_endless":false,"potions_floor_spawned":[1],"killed_by":"Exordium Wildlife","ascension_level":12}