{"gold_per_floor":[114,131,141,141,161,161,193,193,262,277,297,297,311,15,15,93,93,93,93,93,93,93,93,93,93,93,93,93,93,23,23,23,23,23,23,23,23,23,23,23,23,23,23,23,23,23,23,23,23,23],"floor_reached":51,"playtime":2064,"items_purged":[],"score":1105,"play_id":"5a0268de-9147-4283-8cfe-bb24202cee45","local_time":"20180922183745","is_ascension_mode":true,"campfire_choices":[{"floor":6.0,"key":"REST"},{"floor":12.0,"key":"REST"},{"data":"Sunder","floor":15.0,"key":"SMITH"},{"floor":23.0,"key":"REST"},{"data":"Fission","floor":25.0,"key":"SMITH"},{"floor":27.0,"key":"REST"},{"floor":32.0,"key":"REST"},{"data":"Loop","floor":40.0,"key":"SMITH"},{"floor":44.0,"key":"REST"},{"data":"Buffer","floor":46.0,"key":"SMITH"},{"data":"Capacitor","floor":49,"key":"SMITH"}],"neow_cost":"NONE","seed_source_timestamp":22378925828999,"circlet_count":0,"master_deck":["Strike_B","Strike_B","Defend_B","Defend_B","Zap","Dualcast","AscendersBane","Glacier","Go for the Eyes","Sunder+1","Buffer+1","BootSequence","Capacitor+1","FTL","Malaise","Coolheaded","Genetic Algorithm+1","Fission+1","Zap","Blizzard","Uppercut+1","Loop+1","Biased Cognition","All For One+1","Conserve Battery+1","Coolheaded+1","Dual Wield+1","Double Energy+1"],"special_seed":0,"relics":["Cracked Core","NeowsBlessing","Ice Cream","DataDisk","Letter Opener","PrismaticShard","Ectoplasm","Boot","Astrolabe","Centennial Puzzle","Bird Faced Urn"],"potions_floor_usage":[47,50],"damage_taken":[{"damage":0.0,"enemies":"Cultist","floor":1.0,"turns":1.0},{"damage":0.0,"enemies":"2 Louse","floor":2.0,"turns":1.0},{"damage":0.0,"enemies":"Small Slimes","floor":3.0,"turns":1.0},{"damage":17.0,"enemies":"Exordium Wildlife","floor":5.0,"turns":7.0},{"damage":20.0,"enemies":"Gremlin Nob","floor":7.0,"turns":5.0},{"damage":0.0,"enemies":"Gremlin Gang","floor":10.0,"turns":5.0},{"damage":2.0,"enemies":"3 Louse","floor":11.0,"turns":4.0},{"damage":5.0,"enemies":"2 Fungi Beasts","floor":13.0,"turns":3.0},{"damage":5.0,"enemies":"Slime Boss","floor":16.0,"turns":14.0},{"damage":29.0,"enemies":"3 Byrds","floor":18.0,"turns":5.0},{"damage":7.0,"enemies":"Spheric Guardian","floor":19.0,"turns":4.0},{"damage":2.0,"enemies":"Centurion and Healer","floor":20.0,"turns":9.0},{"damage":0.0,"enemies":"Cultist and Chosen","floor":22.0,"turns":9.0},{"damage":3.0,"enemies":"Shelled Parasite and Fungi","floor":28.0,"turns":9.0},{"damage":10.0,"enemies":"Snecko","floor":29.0,"turns":5.0},{"damage":15.0,"enemies":"Cultist and Chosen","floor":31.0,"turns":8.0},{"damage":9.0,"enemies":"Automaton","floor":33.0,"turns":12.0},{"damage":10.0,"enemies":"3 Darklings","floor":35.0,"turns":6.0},{"damage":0.0,"enemies":"Orb Walker","floor":38.0,"turns":5.0},{"damage":15.0,"enemies":"Sphere and 2 Shapes","floor":39.0,"turns":6.0},{"damage":0,"enemies":"Transient","floor":47,"turns":5},{"damage":0,"enemies":"Spire Growth","floor":48,"turns":7},{"damage":38,"enemies":"Time Eater","floor":50,"turns":17}],"seed_played":"8597408555812290521","potions_obtained":[{"floor":2.0,"key":"Dexterity Potion"},{"floor":3.0,"key":"Ancient Potion"},{"floor":16.0,"key":"Energy Potion"},{"floor":33.0,"key":"SpeedPotion"},{"floor":48,"key":"SkillPotion"}],"is_trial":false,"path_per_floor":["M","M","M","?","M","R","E","?","T","M","M","R","M","$","R","B",null,"M","M","M","?","M","R","?","R","T","R","M","M","$","M","R","B",null,"M","$","?","M","M","R","?","?","T","R","?","R","M","M","R","B"],"character_chosen":"DEFECT","items_purchased":["Capacitor","PrismaticShard","FTL","Loop"],"campfire_rested":6,"item_purchase_floors":[14,14,14,30],"current_hp_per_floor":[64,64,64,46,29,50,30,30,30,30,28,49,44,44,44,39,63,34,27,25,25,25,46,46,46,46,67,64,54,54,39,60,51,66,56,56,56,56,41,41,41,41,41,62,62,62,68,71,71,44],"gold":23,"neow_bonus":"THREE_ENEMY_KILL","is_prod":false,"is_daily":false,"chose_seed":false,"campfire_upgraded":5,"win_rate":0,"timestamp":1537630665,"path_taken":["M","M","?","?","?","R","E","?","T","M","M","R","M","$","R","BOSS","M","M","M","?","M","R","?","R","T","R","M","M","$","?","R","BOSS","M","$","?","M","M","R","?","?","T","R","?","R","M","M","R","BOSS"],"build_version":"2018-09-20","purchased_purges":0,"victory":true,"max_hp_per_floor":[71,71,71,71,71,71,71,71,71,71,71,71,71,71,71,71,71,71,71,71,71,71,71,71,71,71,71,71,71,71,71,71,71,71,71,71,71,71,71,71,71,71,71,71,71,71,71,71,71,71],"card_choices":[{"not_picked":["Turbo","Static Discharge"],"picked":"Glacier","floor":1.0},{"not_picked":["Compile Driver","Auto Shields","Gash"],"picked":"SKIP","floor":2.0},{"not_picked":["Rebound","Sweeping Beam"],"picked":"Go for the Eyes","floor":3.0},{"not_picked":["Coolheaded","Cold Snap"],"picked":"Sunder","floor":5.0},{"not_picked":["Blizzard","Seek"],"picked":"Buffer","floor":7.0},{"not_picked":["Force Field","Streamline"],"picked":"Conserve Battery","floor":10.0},{"not_picked":["Conserve Battery","Darkness","Leap"],"picked":"SKIP","floor":11.0},{"not_picked":["Stack","Turbo"],"picked":"BootSequence","floor":13.0},{"not_picked":["Panache","Die Die Die"],"picked":"Malaise","floor":16.0},{"not_picked":["Hologram","Beam Cell"],"picked":"Coolheaded","floor":18.0},{"not_picked":["Acrobatics","Flex"],"picked":"Genetic Algorithm+1","floor":19.0},{"not_picked":["Bane","Double Energy","Outmaneuver"],"picked":"SKIP","floor":20.0},{"not_picked":["Wild Strike+1","Forethought+1","Static Discharge"],"picked":"SKIP","floor":22.0},{"not_picked":["Slice+1","Secret Technique","Blizzard"],"picked":"SKIP","floor":28.0},{"not_picked":["Slice+1","Secret Technique"],"picked":"Blizzard","floor":28.0},{"not_picked":["Eviscerate","Outmaneuver+1"],"picked":"Uppercut+1","floor":29.0},{"not_picked":["Capacitor","Flying Knee","Gash"],"picked":"SKIP","floor":31.0},{"not_picked":["HandOfGreed","Chrysalis"],"picked":"Biased Cognition","floor":33.0},{"not_picked":["Sword Boomerang","Leap","Beam Cell+1"],"picked":"SKIP","floor":35.0},{"not_picked":["Power Through","Headbutt","Backflip"],"picked":"SKIP","floor":38.0},{"not_picked":["Endless Agony","Jack Of All Trades"],"picked":"Dual Wield+1","floor":39.0},{"not_picked":["Go for the Eyes","Rampage","Iron Wave"],"picked":"SKIP","floor":47},{"not_picked":["Berserk","Rage"],"picked":"Double Energy+1","floor":48}],"player_experience":474877,"relics_obtained":[{"floor":7.0,"key":"DataDisk"},{"floor":9.0,"key":"Letter Opener"},{"floor":26.0,"key":"Boot"},{"floor":43.0,"key":"Centennial Puzzle"},{"floor":45.0,"key":"Bird Faced Urn"}],"event_choices":[{"event_name":"Scrap Ooze","player_choice":"success","floor":4.0,"damage_taken":18.0},{"event_name":"Liars Game","player_choice":"disagreed","floor":8.0,"damage_taken":0.0},{"event_name":"The Mausoleum","player_choice":"No","floor":21.0,"damage_taken":0.0},{"event_name":"Match and Keep!","player_choice":"2 cards matched","floor":24.0,"damage_taken":0.0},{"event_name":"SensoryStone","player_choice":"Memory 1","floor":37.0,"damage_taken":0.0},{"event_name":"Purifier","player_choice":"One Purge","floor":41.0,"damage_taken":0.0},{"event_name":"Falling","player_choice":"Removed Skill","floor":42.0,"damage_taken":0.0},{"event_name":"Wheel of Change","player_choice":"Relic","floor":45.0,"damage_taken":0.0}],"is_beta":false,"boss_relics":[{"not_picked":["Runic Dome","Fusion Hammer"],"picked":"Ectoplasm"},{"not_picked":["Busted Crown","Eternal Feather"],"picked":"Astrolabe"}],"items_purged_floors":[],"is_endless":false,"potions_floor_spawned":[2,3,7,13,16,20,28,31,33,39,48],"ascension_level":15}