{"gold_per_floor":[116,191,43,61,76,76,76,76,76,102,115,126,157,0,0,0],"floor_reached":16,"playtime":552,"items_purged":["Strike_G"],"score":193,"play_id":"f0edd59c-f099-431f-bb52-4d8ea376fa9a","local_time":"20190508020447","is_ascension_mode":true,"campfire_choices":[{"data":"Predator","floor":6.0,"key":"SMITH"},{"data":"Neutralize","floor":8.0,"key":"SMITH"},{"data":"Cloak And Dagger","floor":15,"key":"SMITH"}],"neow_cost":"NONE","seed_source_timestamp":43839668852053,"circlet_count":0,"master_deck":["AscendersBane","Defend_G","Defend_G","Defend_G","Defend_G","Defend_G","Strike_G","Strike_G","Survivor","Neutralize+1","Predator+1","Dodge and Roll","Dagger Spray","PiercingWail","Cloak And Dagger+1","Cloak And Dagger"],"special_seed":0,"relics":["Ring of the Snake","Matryoshka","Pantograph","Mercury Hourglass","Strawberry"],"potions_floor_usage":[10,13,13],"damage_taken":[{"damage":1.0,"enemies":"Jaw Worm","floor":1.0,"turns":6.0},{"damage":0.0,"enemies":"2 Louse","floor":4.0,"turns":2.0},{"damage":0.0,"enemies":"Cultist","floor":5.0,"turns":4.0},{"damage":4,"enemies":"Gremlin Nob","floor":10,"turns":3},{"damage":2,"enemies":"Lots of Slimes","floor":11,"turns":3},{"damage":5,"enemies":"Red Slaver","floor":12,"turns":3},{"damage":3,"enemies":"Lagavulin","floor":13,"turns":6},{"damage":68,"enemies":"Hexaghost","floor":16,"turns":16}],"seed_played":"4499868276996049575","potions_obtained":[{"floor":1.0,"key":"FearPotion"},{"floor":4.0,"key":"SkillPotion"},{"floor":12,"key":"Strength Potion"}],"is_trial":false,"path_per_floor":["M","?","$","M","M","R","?","R","T","E","M","M","E","$","R","B"],"character_chosen":"THE_SILENT","items_purchased":["Dodge and Roll","Dagger Spray","Strawberry"],"campfire_rested":0,"item_purchase_floors":[3,3,14],"current_hp_per_floor":[58,47,47,47,47,47,47,47,47,43,41,36,33,40,40,0],"gold":0,"neow_bonus":"REMOVE_CARD","is_prod":false,"is_daily":false,"chose_seed":false,"campfire_upgraded":3,"win_rate":0,"timestamp":1557270287,"path_taken":["M","?","$","M","M","R","?","R","T","E","M","?","E","?","R","BOSS"],"build_version":"2019-01-23","purchased_purges":1,"victory":false,"max_hp_per_floor":[66,66,66,66,66,66,66,66,66,66,66,66,66,73,73,73],"card_choices":[{"not_picked":["Infinite Blades","Poisoned Stab"],"picked":"Predator","floor":1.0},{"not_picked":["Deflect","Dodge and Roll"],"picked":"PiercingWail","floor":4.0},{"not_picked":["Slice","Setup"],"picked":"Cloak And Dagger","floor":5.0},{"not_picked":["Acrobatics","Endless Agony","Blade Dance"],"picked":"SKIP","floor":10},{"not_picked":["Concentrate","Riddle With Holes"],"picked":"Cloak And Dagger","floor":11},{"not_picked":["Dagger Spray","Cloak And Dagger","Slice"],"picked":"SKIP","floor":12},{"not_picked":["Distraction","Dagger Spray","Blade Dance"],"picked":"SKIP","floor":13}],"player_experience":880438,"relics_obtained":[{"floor":9.0,"key":"Matryoshka"},{"floor":10,"key":"Pantograph"},{"floor":13,"key":"Mercury Hourglass"}],"event_choices":[{"damage_healed":0.0,"max_hp_gain":0.0,"max_hp_loss":0.0,"gold_gain":75.0,"event_name":"World of Goop","player_choice":"Gather Gold","floor":2.0,"gold_loss":0.0,"damage_taken":11.0},{"cards_removed":["Strike_G"],"damage_healed":0.0,"max_hp_gain":0.0,"max_hp_loss":0.0,"gold_gain":0.0,"event_name":"Wheel of Change","player_choice":"Card Removal","floor":7.0,"gold_loss":0.0,"damage_taken":0.0}],"is_beta":false,"boss_relics":[],"items_purged_floors":[3],"is_endless":false,"potions_floor_spawned":[1,4,12],"killed_by":"Hexaghost","ascension_level":15}