{"gold_per_floor":[110,110,110,110,61,105,105,121,121,160,185,201,222,266,266,387,387,401,425,550,565,565,565,603,627,627,627,663,480,480,330,330,449,449,464,464,522,540,126,126,251,251,277,237,262,293,314,354,354,354,354,354,51,90,90],"floor_reached":56,"playtime":3113,"items_purged":["Strike_G","Strike_G","Envenom"],"score":1413,"play_id":"af1b6e39-838f-44ba-a2f8-5fe0ac480890","local_time":"20190316234750","is_ascension_mode":true,"campfire_choices":[{"data":"Crippling Poison","floor":7.0,"key":"SMITH"},{"data":"Neutralize","floor":15.0,"key":"SMITH"},{"data":"Noxious Fumes","floor":23.0,"key":"SMITH"},{"floor":27.0,"key":"REST"},{"data":"After Image","floor":32.0,"key":"SMITH"},{"data":"Noxious Fumes","floor":40.0,"key":"SMITH"},{"data":"Noxious Fumes","floor":42.0,"key":"SMITH"},{"floor":49,"key":"RECALL"},{"data":"Well Laid Plans","floor":52,"key":"SMITH"}],"neow_cost":"NONE","seed_source_timestamp":32566341997982,"circlet_count":0,"master_deck":["Neutralize+1","Deadly Poison+1","PiercingWail+1","Crippling Poison+1","Poisoned Stab+1","Deadly Poison","Bane+1","Noxious Fumes+1","After Image+1","Dodge and Roll","Dodge and Roll+1","Backstab+1","Blur+1","Dash+1","Well Laid Plans+1","RitualDagger+1","PiercingWail","Malaise","Underhanded Strike+1","Noxious Fumes+1","Noxious Fumes+1","Concentrate","Backstab+1","Acrobatics","Envenom","Cloak And Dagger+1","Cloak And Dagger+1","Backflip+1"],"special_seed":0,"relics":["Ring of the Snake","NeowsBlessing","Bag of Marbles","Golden Idol","Molten Egg 2","Bottled Flame","Strawberry","Thread and Needle","Philosopher\u0027s Stone","Mango","Shuriken","Happy Flower","Dead Branch","Pear","Pandora\u0027s Box","Tingsha","The Specimen","Incense Burner","Toxic Egg 2","Kunai","Pantograph","Blood Vial"],"potions_floor_usage":[],"damage_taken":[{"damage":0.0,"enemies":"Small Slimes","floor":1.0,"turns":1.0},{"damage":0.0,"enemies":"Lagavulin","floor":6.0,"turns":1.0},{"damage":0.0,"enemies":"2 Louse","floor":8.0,"turns":2.0},{"damage":10.0,"enemies":"3 Sentries","floor":10.0,"turns":6.0},{"damage":6.0,"enemies":"Jaw Worm","floor":11.0,"turns":2.0},{"damage":4.0,"enemies":"Exordium Thugs","floor":12.0,"turns":3.0},{"damage":11.0,"enemies":"Large Slime","floor":13.0,"turns":3.0},{"damage":16.0,"enemies":"Lagavulin","floor":14.0,"turns":4.0},{"damage":2.0,"enemies":"Hexaghost","floor":16.0,"turns":7.0},{"damage":0.0,"enemies":"Chosen","floor":18.0,"turns":4.0},{"damage":0.0,"enemies":"Shell Parasite","floor":19.0,"turns":5.0},{"damage":5.0,"enemies":"Colosseum Slavers","floor":20.0,"turns":4.0},{"damage":24.0,"enemies":"Colosseum Nobs","floor":20.0,"turns":5.0},{"damage":9.0,"enemies":"Chosen and Byrds","floor":21.0,"turns":6.0},{"damage":14.0,"enemies":"Gremlin Leader","floor":24.0,"turns":6.0},{"damage":6.0,"enemies":"Centurion and Healer","floor":25.0,"turns":5.0},{"damage":6.0,"enemies":"Slavers","floor":28.0,"turns":5.0},{"damage":3.0,"enemies":"Collector","floor":33.0,"turns":7.0},{"damage":0.0,"enemies":"Orb Walker","floor":35.0,"turns":1.0},{"damage":5.0,"enemies":"2 Orb Walkers","floor":37.0,"turns":6.0},{"damage":22.0,"enemies":"3 Darklings","floor":38.0,"turns":5.0},{"damage":0.0,"enemies":"Mind Bloom Boss Battle","floor":41.0,"turns":5.0},{"damage":2.0,"enemies":"4 Shapes","floor":45.0,"turns":4.0},{"damage":21.0,"enemies":"Giant Head","floor":46.0,"turns":9.0},{"damage":0.0,"enemies":"Sphere and 2 Shapes","floor":47.0,"turns":3.0},{"damage":11.0,"enemies":"Nemesis","floor":48.0,"turns":5.0},{"damage":0,"enemies":"Donu and Deca","floor":50,"turns":8},{"damage":11,"enemies":"Shield and Spear","floor":54,"turns":6},{"damage":62,"enemies":"The Heart","floor":55,"turns":11}],"seed_played":"5503557886153473267","potions_obtained":[{"floor":8.0,"key":"SmokeBomb"},{"floor":10.0,"key":"SteroidPotion"},{"floor":12.0,"key":"SteroidPotion"},{"floor":14.0,"key":"SkillPotion"},{"floor":24.0,"key":"Fire Potion"},{"floor":46.0,"key":"Block Potion"},{"floor":48.0,"key":"GhostInAJar"}],"is_trial":false,"path_per_floor":["M","?","?","$","$","E","R","M","T","E","M","M","M","E","R","B",null,"M","M","?","M","?","R","E","M","T","R","E","$","?","$","R","B",null,"M","?","?","M","$","R","?","R","T","?","M","E","M","E","R","B",null,"R","$","E","B",null],"character_chosen":"THE_SILENT","items_purchased":["PiercingWail","Dash+1","Well Laid Plans","PiercingWail","The Specimen","Pantograph","Weak Potion"],"campfire_rested":1,"item_purchase_floors":[5,29,29,31,39,53,53],"current_hp_per_floor":[70,58,58,58,58,58,58,58,58,55,49,45,34,18,18,16,72,72,72,57,48,48,48,34,28,28,53,57,57,51,51,51,48,96,96,96,91,69,69,69,69,69,69,69,67,46,46,35,35,35,96,96,96,85,34],"gold":90,"neow_bonus":"THREE_ENEMY_KILL","is_prod":false,"is_daily":false,"chose_seed":false,"campfire_upgraded":7,"win_rate":0,"timestamp":1552769270,"path_taken":["M","?","?","?","$","E","R","M","T","E","M","?","M","E","R","BOSS","M","M","?","M","?","R","E","M","T","R","E","$","?","$","R","BOSS","M","?","?","M","$","R","?","R","T","?","M","E","?","E","R","BOSS","R","$","E","BOSS"],"build_version":"2019-01-23","purchased_purges":3,"victory":true,"max_hp_per_floor":[70,70,65,65,65,65,65,65,65,72,72,72,72,72,72,72,72,72,72,86,86,86,86,86,86,86,86,96,96,96,96,96,96,96,96,96,96,96,96,96,96,96,96,96,96,96,96,96,96,96,96,96,96,96,96],"card_choices":[{"not_picked":["Quick Slash","Dagger Spray"],"picked":"Deadly Poison","floor":1.0},{"not_picked":["Endless Agony","Underhanded Strike"],"picked":"Crippling Poison","floor":6.0},{"not_picked":["Slice+1","Blade Dance"],"picked":"Poisoned Stab+1","floor":8.0},{"not_picked":["Tactician","Caltrops"],"picked":"Deadly Poison","floor":10.0},{"not_picked":["Underhanded Strike+1","Choke+1"],"picked":"Bane+1","floor":11.0},{"not_picked":["Cloak And Dagger","Unload+1"],"picked":"Noxious Fumes","floor":12.0},{"not_picked":["Reflex","Distraction","Dagger Spray+1"],"picked":"SKIP","floor":13.0},{"not_picked":["Deadly Poison","Sucker Punch+1","Bane+1"],"picked":"SKIP","floor":14.0},{"not_picked":["Night Terror","Unload+1"],"picked":"After Image","floor":16.0},{"not_picked":["Quick Slash+1","Outmaneuver"],"picked":"Dodge and Roll","floor":18.0},{"not_picked":["Tactician+1","Prepared","Slice+1"],"picked":"SKIP","floor":19.0},{"not_picked":["Dagger Throw+1","Deflect"],"picked":"Dodge and Roll+1","floor":20.0},{"not_picked":["Bouncing Flask+1","Terror"],"picked":"Backstab+1","floor":21.0},{"not_picked":["A Thousand Cuts","Slice+1"],"picked":"Blur+1","floor":24.0},{"not_picked":["Blur","Tactician+1","Prepared"],"picked":"SKIP","floor":25.0},{"not_picked":["Predator+1","Blade Dance+1","Escape Plan"],"picked":"SKIP","floor":28.0},{"not_picked":["Doppelganger","Wraith Form v2"],"picked":"Malaise","floor":33.0},{"not_picked":["Underhanded Strike+1","Poisoned Stab+1","PiercingWail"],"picked":"SKIP","floor":35.0},{"not_picked":["Underhanded Strike+1","Blade Dance+1"],"picked":"Cloak And Dagger+1","floor":37.0},{"not_picked":["Tactician+1","Cloak And Dagger","Poisoned Stab+1"],"picked":"SKIP","floor":38.0},{"not_picked":["Flying Knee+1","Dodge and Roll+1","Backflip+1"],"picked":"SKIP","floor":45.0},{"not_picked":["Wraith Form v2","Dagger Spray+1","Poisoned Stab+1"],"picked":"SKIP","floor":46.0},{"not_picked":["Bane+1","Dagger Spray+1"],"picked":"Cloak And Dagger+1","floor":47.0},{"not_picked":["Tactician+1","Distraction+1"],"picked":"Backflip+1","floor":48.0},{"not_picked":["Heel Hook+1","Tactician+1","Cloak And Dagger+1"],"picked":"SKIP","floor":54}],"player_experience":811619,"relics_obtained":[{"floor":6.0,"key":"Molten Egg 2"},{"floor":9.0,"key":"Bottled Flame"},{"floor":10.0,"key":"Strawberry"},{"floor":14.0,"key":"Thread and Needle"},{"floor":20.0,"key":"Mango"},{"floor":20.0,"key":"Shuriken"},{"floor":24.0,"key":"Happy Flower"},{"floor":26.0,"key":"Dead Branch"},{"floor":28.0,"key":"Pear"},{"floor":37.0,"key":"Tingsha"},{"floor":41.0,"key":"Incense Burner"},{"floor":46.0,"key":"Toxic Egg 2"},{"floor":48.0,"key":"Kunai"},{"floor":54,"key":"Blood Vial"}],"event_choices":[{"damage_healed":0.0,"max_hp_gain":0.0,"max_hp_loss":0.0,"gold_gain":0.0,"event_name":"Scrap Ooze","player_choice":"Success","floor":2.0,"gold_loss":0.0,"damage_taken":12.0,"relics_obtained":["Bag of Marbles"]},{"damage_healed":0.0,"max_hp_gain":0.0,"max_hp_loss":5.0,"gold_gain":0.0,"event_name":"Golden Idol","player_choice":"Lose Max HP","floor":3.0,"gold_loss":0.0,"damage_taken":0.0,"relics_obtained":["Golden Idol"]},{"damage_healed":0.0,"max_hp_gain":0.0,"max_hp_loss":0.0,"gold_gain":0.0,"event_name":"Colosseum","player_choice":"Fight","floor":20.0,"gold_loss":0.0,"damage_taken":0.0},{"damage_healed":0.0,"max_hp_gain":0.0,"max_hp_loss":0.0,"gold_gain":0.0,"event_name":"Colosseum","player_choice":"Fought Nobs","floor":20.0,"gold_loss":0.0,"damage_taken":0.0},{"damage_healed":0.0,"max_hp_gain":0.0,"max_hp_loss":0.0,"gold_gain":0.0,"event_name":"Ghosts","player_choice":"Ignored","floor":22.0,"gold_loss":0.0,"damage_taken":0.0},{"damage_healed":0.0,"max_hp_gain":0.0,"max_hp_loss":0.0,"gold_gain":0.0,"event_name":"Nest","player_choice":"Joined the Cult","floor":30.0,"gold_loss":0.0,"damage_taken":6.0,"cards_obtained":["RitualDagger"]},{"cards_removed":["Survivor"],"damage_healed":0.0,"max_hp_gain":0.0,"max_hp_loss":0.0,"gold_gain":0.0,"event_name":"Falling","player_choice":"Removed Skill","floor":36.0,"gold_loss":0.0,"damage_taken":0.0},{"damage_healed":0.0,"max_hp_gain":0.0,"max_hp_loss":0.0,"gold_gain":0.0,"event_name":"Mysterious Sphere","player_choice":"Fight","floor":37.0,"gold_loss":0.0,"damage_taken":0.0},{"damage_healed":0.0,"max_hp_gain":0.0,"max_hp_loss":0.0,"gold_gain":0.0,"event_name":"MindBloom","player_choice":"Fight","floor":41.0,"gold_loss":0.0,"damage_taken":0.0},{"damage_healed":0.0,"max_hp_gain":0.0,"max_hp_loss":0.0,"gold_gain":0.0,"event_name":"Designer","player_choice":"Upgraded Two","floor":44.0,"gold_loss":40.0,"damage_taken":0.0,"cards_upgraded":["PiercingWail","Deadly Poison"]}],"is_beta":false,"boss_relics":[{"not_picked":["WristBlade","Coffee Dripper"],"picked":"Philosopher\u0027s Stone"},{"not_picked":["Cursed Key","HoveringKite"],"picked":"Pandora\u0027s Box"}],"items_purged_floors":[29,31,39],"is_endless":false,"potions_floor_spawned":[8,10,12,14,19,20,21,24,33,46,47,48],"ascension_level":1}