{"gold_per_floor":[110,60,90,90,101,101,130,130,130,32,61,74,74],"floor_reached":13,"playtime":552,"items_purged":[],"score":96,"play_id":"099b2b4b-5054-4738-a140-7d1f76966ff1","local_time":"20180818002900","is_ascension_mode":true,"campfire_choices":[{"data":"White Noise","floor":6,"key":"SMITH"},{"data":"Tempest","floor":8,"key":"SMITH"}],"neow_cost":"TEN_PERCENT_HP_LOSS","seed_source_timestamp":18878222732520,"circlet_count":0,"master_deck":["Strike_B","Strike_B","Defend_B","Defend_B","Defend_B","Zap","Dualcast","Meteor Strike","White Noise+1","Conserve Battery","Regret","Normality","Scrape","Tempest+1","FTL+1","Turbo","Rebound+1","Scrape+1"],"relics":["Cracked Core","Tiny Chest","Mercury Hourglass","Molten Egg 2","Peace Pipe","Pen Nib"],"potions_floor_usage":[7,12],"damage_taken":[{"damage":6,"enemies":"Jaw Worm","floor":1,"turns":3},{"damage":5,"enemies":"Small Slimes","floor":5,"turns":3},{"damage":24,"enemies":"Gremlin Nob","floor":7,"turns":4},{"damage":31,"enemies":"Lagavulin","floor":11,"turns":5},{"damage":0,"enemies":"Cultist","floor":12,"turns":3},{"damage":10,"enemies":"3 Sentries","floor":13,"turns":1}],"seed_played":"5762059108939491212","potions_obtained":[{"floor":1,"key":"AttackPotion"},{"floor":11,"key":"Block Potion"}],"is_trial":false,"path_per_floor":["M","?","?","?","M","R","E","R","T","$","E","M"],"character_chosen":"DEFECT","items_purchased":["FTL+1","Turbo"],"campfire_rested":0,"item_purchase_floors":[10,10],"current_hp_per_floor":[62,62,62,62,57,57,33,33,33,33,2,2,0],"gold":74,"neow_bonus":"TRANSFORM_TWO_CARDS","is_prod":false,"is_daily":false,"chose_seed":false,"campfire_upgraded":2,"win_rate":0,"timestamp":1534548540,"path_taken":["M","?","?","?","?","R","E","R","T","$","E","?","E"],"build_version":"2018-08-16","purchased_purges":0,"victory":false,"max_hp_per_floor":[68,68,68,68,68,68,68,68,68,68,68,68,68],"card_choices":[{"not_picked":["Reprogram","Hologram"],"picked":"Conserve Battery","floor":1},{"not_picked":["Rebound","Stack"],"picked":"Scrape","floor":5},{"not_picked":["Recycle","Loop"],"picked":"Tempest","floor":7},{"not_picked":["Redo","Coolheaded"],"picked":"Rebound+1","floor":11},{"not_picked":["Coolheaded","Rainbow"],"picked":"Scrape+1","floor":12}],"player_experience":108860,"relics_obtained":[{"floor":7,"key":"Molten Egg 2"},{"floor":9,"key":"Peace Pipe"},{"floor":11,"key":"Pen Nib"}],"event_choices":[{"event_name":"The Cleric","player_choice":"Card Removal","floor":2,"damage_taken":0},{"event_name":"Big Fish","player_choice":"Box","floor":3,"damage_taken":0},{"event_name":"Accursed Blacksmith","player_choice":"Rummage","floor":4,"damage_taken":0}],"is_beta":false,"boss_relics":[],"items_purged_floors":[],"is_endless":false,"potions_floor_spawned":[1,11],"killed_by":"3 Sentries","ascension_level":1}