{"gold_per_floor":[111,111,111,130,45,45,58,58,58,58,86,101,116,131,131,206,206,219,43,43,57,57,57],"floor_reached":23,"playtime":636,"items_purged":[],"score":378,"play_id":"866fd6c7-b933-40ac-920a-d5351b0174db","local_time":"20181012161210","is_ascension_mode":true,"campfire_choices":[{"floor":6,"key":"REST"},{"data":"Defragment","floor":8,"key":"SMITH"},{"data":"Zap","floor":10,"key":"SMITH"},{"floor":15,"key":"REST"}],"neow_cost":"NONE","seed_source_timestamp":10202218670512,"circlet_count":0,"master_deck":["Strike_B","Strike_B","Strike_B","Strike_B","Defend_B+1","Defend_B","Defend_B","Defend_B","Zap+1","Dualcast","AscendersBane","Sunder+1","Leap","Consume","Defragment+1","Self Repair","Genetic Algorithm+1","Conserve Battery+1","Biased Cognition","Ghostly+1","Ghostly+1","Ghostly+1","Ghostly+1","Ghostly+1"],"relics":["White Beast Statue","Toxic Egg 2","Symbiotic Virus","Cursed Key","Anchor"],"potions_floor_usage":[7,11,11,16,16,23,23],"damage_taken":[{"damage":13,"enemies":"2 Louse","floor":1,"turns":3},{"damage":6,"enemies":"Small Slimes","floor":4,"turns":2},{"damage":0,"enemies":"Jaw Worm","floor":7,"turns":3},{"damage":14,"enemies":"Lagavulin","floor":11,"turns":6},{"damage":7,"enemies":"Blue Slaver","floor":12,"turns":3},{"damage":17,"enemies":"Lots of Slimes","floor":13,"turns":3},{"damage":18,"enemies":"Exordium Wildlife","floor":14,"turns":4},{"damage":22,"enemies":"The Guardian","floor":16,"turns":10},{"damage":28,"enemies":"Shell Parasite","floor":18,"turns":6},{"damage":1,"enemies":"Spheric Guardian","floor":21,"turns":5},{"damage":34,"enemies":"Book of Stabbing","floor":23,"turns":7}],"seed_played":"1505462250550628602","potions_obtained":[{"floor":1,"key":"AttackPotion"},{"floor":4,"key":"Block Potion"},{"floor":7,"key":"SpeedPotion"},{"floor":11,"key":"EssenceOfSteel"},{"floor":12,"key":"Fire Potion"},{"floor":16,"key":"Explosive Potion"},{"floor":18,"key":"FocusPotion"}],"is_trial":false,"path_per_floor":["M","?","?","M","$","R","M","R","T","R","E","M","M","M","R","B",null,"M","$","?","M","$"],"character_chosen":"DEFECT","items_purchased":["Consume","Anchor"],"campfire_rested":2,"item_purchase_floors":[5,19],"current_hp_per_floor":[51,30,30,24,24,45,45,45,45,45,31,31,21,10,31,9,56,28,28,28,34,34,0],"gold":57,"neow_bonus":"BOSS_RELIC","is_prod":false,"is_daily":false,"chose_seed":false,"campfire_upgraded":2,"win_rate":0,"timestamp":1539349930,"path_taken":["M","?","?","M","$","R","M","R","T","R","E","M","M","M","R","BOSS","M","?","?","?","?","E"],"build_version":"2018-10-11","purchased_purges":0,"victory":false,"max_hp_per_floor":[71,71,71,71,71,71,71,71,71,71,71,71,71,71,71,71,71,71,71,35,35,35,35],"card_choices":[{"not_picked":["Force Field","Go for the Eyes"],"picked":"Sunder","floor":1},{"not_picked":["Turbo","Aggregate"],"picked":"Leap","floor":4},{"not_picked":["Conserve Battery","Lockon"],"picked":"Defragment","floor":7},{"not_picked":["Rebound","Streamline"],"picked":"Self Repair","floor":11},{"not_picked":["Doom and Gloom","Turbo+1"],"picked":"Genetic Algorithm+1","floor":12},{"not_picked":["Leap+1","Steam+1"],"picked":"Conserve Battery+1","floor":13},{"not_picked":["Sweeping Beam","Rebound","Streamline"],"picked":"SKIP","floor":14},{"not_picked":["Thunder Strike","Meteor Strike"],"picked":"Biased Cognition","floor":16},{"not_picked":["Steam+1","Sweeping Beam","Rebound"],"picked":"SKIP","floor":18},{"not_picked":["Steam Power+1","Sunder+1","Streamline+1"],"picked":"SKIP","floor":21}],"player_experience":483121,"relics_obtained":[{"floor":9,"key":"Toxic Egg 2"},{"floor":11,"key":"Symbiotic Virus"}],"event_choices":[{"event_name":"Shining Light","player_choice":"Entered Light","floor":2,"damage_taken":0},{"event_name":"Golden Idol","player_choice":"Ignored","floor":3,"damage_taken":0},{"event_name":"Ghosts","player_choice":"Became a Ghost","floor":20,"damage_taken":0}],"is_beta":false,"boss_relics":[{"not_picked":["Busted Crown","Astrolabe"],"picked":"Cursed Key"}],"items_purged_floors":[],"is_endless":false,"potions_floor_spawned":[1,4,7,11,12,13,14,16,18,21],"killed_by":"Book of Stabbing","ascension_level":17}