{"gold_per_floor":[109,109,125,125,144,144,159,159,159,173,18,34,48,79,79,199,199,213,231,231,255,355,355,399,399,399,399,424,438,438],"floor_reached":30,"playtime":650,"items_purged":[],"score":254,"play_id":"b1a96eec-63d8-46bb-af76-ad8a3d2d8235","local_time":"20181116135434","is_ascension_mode":false,"campfire_choices":[{"data":"Ball Lightning","floor":6.0,"key":"SMITH"},{"data":"Go for the Eyes","floor":8.0,"key":"SMITH"},{"floor":15.0,"key":"REST"},{"floor":23.0,"key":"REST"},{"floor":25.0,"key":"REST"},{"floor":27,"key":"REST"}],"neow_cost":"NONE","seed_source_timestamp":3646323123067,"circlet_count":0,"master_deck":["Strike_B","Strike_B","Strike_B+1","Strike_B","Defend_B","Defend_B","Defend_B","Defend_B","Zap+1","Dualcast","Go for the Eyes+1","Capacitor","Ball Lightning+1","Streamline","Loop","Sunder","Consume","Conserve Battery","Barrage","Ball Lightning+1","Loop+1","Leap"],"special_seed":0,"relics":["Cracked Core","Omamori","Golden Idol","Boot","Bottled Lightning","Cursed Key","Ginger"],"potions_floor_usage":[],"damage_taken":[{"damage":0.0,"enemies":"Small Slimes","floor":1.0,"turns":4.0},{"damage":3.0,"enemies":"Jaw Worm","floor":3.0,"turns":2.0},{"damage":0.0,"enemies":"Cultist","floor":5.0,"turns":3.0},{"damage":0.0,"enemies":"Blue Slaver","floor":7.0,"turns":3.0},{"damage":8.0,"enemies":"Red Slaver","floor":10.0,"turns":3.0},{"damage":2.0,"enemies":"3 Louse","floor":12.0,"turns":3.0},{"damage":0.0,"enemies":"2 Fungi Beasts","floor":13.0,"turns":3.0},{"damage":22.0,"enemies":"3 Sentries","floor":14.0,"turns":5.0},{"damage":39.0,"enemies":"The Guardian","floor":16.0,"turns":9.0},{"damage":10.0,"enemies":"3 Byrds","floor":18.0,"turns":4.0},{"damage":5.0,"enemies":"Spheric Guardian","floor":19.0,"turns":3.0},{"damage":15.0,"enemies":"Snake Plant","floor":21.0,"turns":3.0},{"damage":54.0,"enemies":"Slavers","floor":24.0,"turns":4.0},{"damage":44,"enemies":"3 Cultists","floor":28,"turns":5},{"damage":13,"enemies":"Snecko","floor":29,"turns":4},{"damage":1,"enemies":"Cultist and Chosen","floor":30,"turns":2}],"seed_played":"-1480652721117953760","potions_obtained":[{"floor":5.0,"key":"Explosive Potion"},{"floor":12.0,"key":"FairyPotion"},{"floor":13.0,"key":"Weak Potion"},{"floor":14.0,"key":"FocusPotion"},{"floor":21.0,"key":"FocusPotion"}],"is_trial":false,"path_per_floor":["M","?","M","?","M","R","M","R","T","M","$","M","M","E","E","R","B",null,"M","M","?","M","?","R","E","R","T","R","M","M","M"],"character_chosen":"DEFECT","items_purchased":["Loop","Sunder"],"campfire_rested":4,"item_purchase_floors":[11,11],"current_hp_per_floor":[75,60,57,57,57,57,57,57,57,49,49,47,47,25,45,6,69,59,54,54,39,39,59,5,25,25,45,1,1,0],"gold":438,"neow_bonus":"RANDOM_COMMON_RELIC","is_prod":false,"is_daily":false,"chose_seed":false,"campfire_upgraded":2,"win_rate":0,"timestamp":1542365674,"path_taken":["M","?","M","?","M","R","M","R","T","M","$","M","?","E","R","BOSS","M","?","?","?","?","R","E","R","T","R","M","?","M"],"build_version":"2018-11-15","purchased_purges":0,"victory":false,"max_hp_per_floor":[75,75,75,69,69,69,69,69,69,69,69,69,69,69,69,69,69,69,69,69,69,69,69,69,69,69,69,69,69,69],"card_choices":[{"not_picked":["Redo","Tempest"],"picked":"Go for the Eyes","floor":1.0},{"not_picked":["Beam Cell","Static Discharge"],"picked":"Capacitor","floor":3.0},{"not_picked":["Conserve Battery","Barrage"],"picked":"Ball Lightning","floor":5.0},{"not_picked":["Auto Shields","Scrape","Recycle"],"picked":"SKIP","floor":7.0},{"not_picked":["Ball Lightning","Multi-Cast"],"picked":"Streamline","floor":10.0},{"not_picked":["Darkness","Stack","Turbo"],"picked":"SKIP","floor":12.0},{"not_picked":["Cold Snap","Barrage"],"picked":"Consume","floor":13.0},{"not_picked":["Sunder","Beam Cell","Compile Driver"],"picked":"SKIP","floor":14.0},{"not_picked":["Sweeping Beam","Scrape"],"picked":"Conserve Battery","floor":18.0},{"not_picked":["Turbo","Barrage","Steam"],"picked":"SKIP","floor":19.0},{"not_picked":["Turbo","Steam"],"picked":"Barrage","floor":19.0},{"not_picked":["Redo","Ball Lightning+1"],"picked":"Loop+1","floor":21.0},{"not_picked":["Recycle","Fusion","Double Energy+1"],"picked":"SKIP","floor":24.0},{"not_picked":["Compile Driver","Recycle"],"picked":"Leap","floor":28},{"not_picked":["Reprogram+1","All For One","Hello World+1"],"picked":"SKIP","floor":29}],"player_experience":518555,"relics_obtained":[{"floor":9.0,"key":"Boot"},{"floor":14.0,"key":"Bottled Lightning"},{"floor":24.0,"key":"Ginger"}],"event_choices":[{"damage_healed":0.0,"max_hp_gain":0.0,"max_hp_loss":0.0,"gold_gain":0.0,"event_name":"Shining Light","player_choice":"Entered Light","floor":2.0,"gold_loss":0.0,"damage_taken":15.0,"cards_upgraded":["Zap","Strike_B"]},{"damage_healed":0.0,"max_hp_gain":0.0,"max_hp_loss":6.0,"gold_gain":0.0,"event_name":"Golden Idol","player_choice":"Lose Max HP","floor":4.0,"gold_loss":0.0,"damage_taken":0.0,"relics_obtained":["Golden Idol"]},{"damage_healed":0.0,"max_hp_gain":0.0,"max_hp_loss":0.0,"gold_gain":0.0,"event_name":"Duplicator","player_choice":"Copied","floor":20.0,"gold_loss":0.0,"damage_taken":0.0,"cards_obtained":["Ball Lightning"]},{"damage_healed":0.0,"max_hp_gain":0.0,"max_hp_loss":0.0,"gold_gain":100.0,"event_name":"Golden Shrine","player_choice":"Pray","floor":22.0,"gold_loss":0.0,"damage_taken":0.0}],"is_beta":false,"boss_relics":[{"not_picked":["Runic Dome","Inserter"],"picked":"Cursed Key"}],"items_purged_floors":[],"is_endless":false,"potions_floor_spawned":[5,12,13,14,19,21],"killed_by":"Cultist and Chosen","ascension_level":0}