{"gold_per_floor":[118,138,288,288,31,31,60,60,60,60,73,87,104,104,104,181,181,201,201,251,251,264,264,290,290,314,331,362,379,379,409,409,482,482,495,544,544,559,235,264,264,296,296,308,327,327,337,371,371,371],"floor_reached":50,"playtime":2855,"items_purged":["Strike_G+1"],"score":1159,"play_id":"07da4cd4-14fe-48b5-ba0a-3354b4e285f1","local_time":"20190621111757","is_ascension_mode":true,"campfire_choices":[{"data":"Neutralize","floor":6.0,"key":"SMITH"},{"floor":8.0,"key":"REST"},{"data":"Survivor","floor":10.0,"key":"SMITH"},{"data":"PiercingWail","floor":15.0,"key":"SMITH"},{"data":"Footwork","floor":23,"key":"SMITH"},{"data":"Envenom","floor":25,"key":"SMITH"},{"floor":30,"key":"REST"},{"data":"Caltrops","floor":32,"key":"SMITH"},{"floor":41,"key":"RECALL"},{"floor":49,"key":"REST"}],"neow_cost":"NONE","seed_source_timestamp":2931141534818,"circlet_count":0,"master_deck":["AscendersBane","Defend_G+1","Defend_G+1","Defend_G+1","Defend_G+1","Defend_G+1","Strike_G+1","Strike_G+1","Strike_G+1","Strike_G+1","Survivor+1","Neutralize+1","Well Laid Plans+1","PiercingWail+1","Dodge and Roll+1","Backflip+1","Deadly Poison+1","Calculated Gamble+1","Envenom+1","Bane+1","Footwork+1","Caltrops+1","Dodge and Roll+1","Grand Finale","Deadly Poison+1","Terror+1","Outmaneuver+1","Flash of Steel","Acrobatics+1","Cloak And Dagger+1"],"special_seed":0,"relics":["Ring of the Snake","Smiling Mask","Spirit Poop","Toxic Egg 2","Juzu Bracelet","Ninja Scroll","Busted Crown","Thread and Needle","Pen Nib","Strawberry","Lantern","Black Star","Unceasing Top","Lee\u0027s Waffle","Bottled Lightning","Anchor","Snake Skull","Art of War","Question Card","The Specimen"],"potions_floor_usage":[42,50,50,50],"damage_taken":[{"damage":0.0,"enemies":"Small Slimes","floor":1.0,"turns":5.0},{"damage":0.0,"enemies":"2 Louse","floor":2.0,"turns":3.0},{"damage":48.0,"enemies":"Gremlin Nob","floor":7.0,"turns":6.0},{"damage":0.0,"enemies":"Cultist","floor":11.0,"turns":4.0},{"damage":2.0,"enemies":"Exordium Thugs","floor":12.0,"turns":7.0},{"damage":0.0,"enemies":"2 Fungi Beasts","floor":13.0,"turns":3.0},{"damage":12.0,"enemies":"Hexaghost","floor":16.0,"turns":12.0},{"damage":2.0,"enemies":"Chosen","floor":18.0,"turns":5.0},{"damage":0,"enemies":"3 Byrds","floor":22,"turns":5},{"damage":14,"enemies":"Slavers","floor":24,"turns":8},{"damage":0,"enemies":"Cultist and Chosen","floor":27,"turns":5},{"damage":2,"enemies":"Gremlin Leader","floor":28,"turns":8},{"damage":6,"enemies":"Snake Plant","floor":29,"turns":3},{"damage":0,"enemies":"Slavers","floor":31,"turns":7},{"damage":0,"enemies":"Automaton","floor":33,"turns":12},{"damage":0,"enemies":"Orb Walker","floor":35,"turns":4},{"damage":33,"enemies":"2 Orb Walkers","floor":36,"turns":5},{"damage":0,"enemies":"3 Shapes","floor":38,"turns":6},{"damage":2,"enemies":"Nemesis","floor":40,"turns":7},{"damage":17,"enemies":"Reptomancer","floor":42,"turns":13},{"damage":11,"enemies":"Transient","floor":44,"turns":5},{"damage":0,"enemies":"3 Darklings","floor":45,"turns":7},{"damage":10,"enemies":"Jaw Worm Horde","floor":47,"turns":5},{"damage":10,"enemies":"Nemesis","floor":48,"turns":6},{"damage":44,"enemies":"Time Eater","floor":50,"turns":13}],"seed_played":"6396639809944237117","potions_obtained":[{"floor":2.0,"key":"Swift Potion"},{"floor":11.0,"key":"GamblersBrew"},{"floor":13.0,"key":"GhostInAJar"},{"floor":16.0,"key":"PowerPotion"},{"floor":42,"key":"EntropicBrew"}],"is_trial":false,"path_per_floor":["M","M","?","?","$","R","E","R","T","R","M","M","M","?","R","B",null,"M","?","?","?","M","R","E","R","T","M","E","M","R","E","R","B",null,"M","?","?","M","$","E","R","E","T","M","M","?","M","E","R","B"],"character_chosen":"THE_SILENT","items_purchased":["Toxic Egg 2","Terror+1","Lee\u0027s Waffle"],"campfire_rested":3,"item_purchase_floors":[5,39,39],"current_hp_per_floor":[59,59,59,59,59,59,11,30,30,30,30,28,28,28,28,16,54,52,52,46,46,46,46,32,32,32,32,37,31,52,52,52,52,68,68,35,35,35,80,78,78,61,61,50,50,40,30,20,44,0],"gold":371,"neow_bonus":"RANDOM_COMMON_RELIC","is_prod":false,"is_daily":false,"chose_seed":false,"campfire_upgraded":6,"win_rate":0,"timestamp":1561105077,"path_taken":["M","M","?","?","$","R","E","R","T","R","M","M","M","?","R","BOSS","M","?","?","?","M","R","E","R","T","M","E","M","R","E","R","BOSS","M","?","?","M","$","E","R","E","T","M","M","?","M","E","R","BOSS"],"build_version":"2019-01-23","purchased_purges":1,"victory":false,"max_hp_per_floor":[66,66,66,66,66,66,66,66,66,66,66,66,66,66,66,66,66,66,66,66,66,66,66,66,66,66,66,73,73,73,73,73,73,73,73,73,73,73,80,80,80,80,80,80,80,80,80,80,80,80],"card_choices":[{"not_picked":["PiercingWail","Bane"],"picked":"Well Laid Plans","floor":1.0},{"not_picked":["Dagger Throw","Accuracy"],"picked":"PiercingWail","floor":2.0},{"not_picked":["Eviscerate","Tactician+1"],"picked":"Dodge and Roll+1","floor":7.0},{"not_picked":["Outmaneuver+1","Sucker Punch"],"picked":"Backflip+1","floor":11.0},{"not_picked":["Prepared+1","Backflip+1"],"picked":"Deadly Poison+1","floor":12.0},{"not_picked":["Underhanded Strike","Poisoned Stab"],"picked":"Calculated Gamble+1","floor":13.0},{"not_picked":["A Thousand Cuts","Phantasmal Killer+1"],"picked":"Envenom","floor":16.0},{"not_picked":[],"picked":"Bane+1","floor":18.0},{"not_picked":[],"picked":"Footwork","floor":22},{"not_picked":[],"picked":"Caltrops","floor":24},{"not_picked":["Bane"],"picked":"SKIP","floor":27},{"not_picked":["Finisher+1"],"picked":"SKIP","floor":28},{"not_picked":["Finisher+1"],"picked":"SKIP","floor":28},{"not_picked":[],"picked":"Dodge and Roll+1","floor":29},{"not_picked":["Accuracy"],"picked":"SKIP","floor":31},{"not_picked":[],"picked":"Grand Finale","floor":33},{"not_picked":["Flying Knee"],"picked":"SKIP","floor":35},{"not_picked":[],"picked":"Deadly Poison+1","floor":38},{"not_picked":["Poisoned Stab"],"picked":"SKIP","floor":40},{"not_picked":["Reflex+1"],"picked":"SKIP","floor":42},{"not_picked":[],"picked":"Outmaneuver+1","floor":44},{"not_picked":["Outmaneuver+1"],"picked":"SKIP","floor":45},{"not_picked":[],"picked":"Flash of Steel","floor":46},{"not_picked":[],"picked":"Acrobatics+1","floor":47},{"not_picked":[],"picked":"Cloak And Dagger+1","floor":48}],"player_experience":988318,"relics_obtained":[{"floor":7.0,"key":"Juzu Bracelet"},{"floor":9.0,"key":"Ninja Scroll"},{"floor":24,"key":"Thread and Needle"},{"floor":26,"key":"Pen Nib"},{"floor":28,"key":"Strawberry"},{"floor":31,"key":"Lantern"},{"floor":36,"key":"Unceasing Top"},{"floor":40,"key":"Bottled Lightning"},{"floor":40,"key":"Anchor"},{"floor":42,"key":"Snake Skull"},{"floor":42,"key":"Art of War"},{"floor":48,"key":"Question Card"},{"floor":48,"key":"The Specimen"}],"event_choices":[{"damage_healed":0.0,"max_hp_gain":0.0,"max_hp_loss":0.0,"gold_gain":150.0,"event_name":"Liars Game","player_choice":"AGREE","floor":3.0,"gold_loss":0.0,"damage_taken":0.0,"cards_obtained":["Doubt"]},{"cards_removed":["Doubt"],"damage_healed":0.0,"max_hp_gain":0.0,"max_hp_loss":0.0,"gold_gain":0.0,"event_name":"Bonfire Elementals","player_choice":"Offered Curse","floor":4.0,"gold_loss":0.0,"damage_taken":0.0,"relics_obtained":["Spirit Poop"]},{"damage_healed":0.0,"max_hp_gain":0.0,"max_hp_loss":0.0,"gold_gain":0.0,"event_name":"Accursed Blacksmith","player_choice":"Forge","floor":14.0,"gold_loss":0.0,"damage_taken":0.0,"cards_upgraded":["Well Laid Plans"]},{"damage_healed":0.0,"max_hp_gain":0.0,"max_hp_loss":0.0,"gold_gain":0.0,"event_name":"The Mausoleum","player_choice":"Ignored","floor":19.0,"gold_loss":0.0,"damage_taken":0.0},{"damage_healed":0.0,"max_hp_gain":0.0,"max_hp_loss":0.0,"gold_gain":50.0,"event_name":"FaceTrader","player_choice":"Touch","floor":20.0,"gold_loss":0.0,"damage_taken":6.0},{"damage_healed":0.0,"max_hp_gain":0.0,"max_hp_loss":0.0,"gold_gain":0.0,"event_name":"Back to Basics","player_choice":"Simplicity","floor":21.0,"gold_loss":0.0,"damage_taken":0.0,"cards_upgraded":["Defend_G","Defend_G","Defend_G","Defend_G","Defend_G","Strike_G","Strike_G","Strike_G","Strike_G","Strike_G"]},{"damage_healed":0,"gold_gain":0,"player_choice":"Fight","damage_taken":0,"max_hp_gain":0,"max_hp_loss":0,"event_name":"Mysterious Sphere","floor":36,"gold_loss":0},{"damage_healed":0,"gold_gain":0,"player_choice":"Got Potions","damage_taken":0,"max_hp_gain":0,"max_hp_loss":0,"event_name":"Lab","floor":37,"gold_loss":0},{"damage_healed":0,"gold_gain":0,"player_choice":"Memory 3","damage_taken":10,"max_hp_gain":0,"max_hp_loss":0,"event_name":"SensoryStone","floor":46,"gold_loss":0}],"is_beta":false,"boss_relics":[{"not_picked":["Eternal Feather","Lizard Tail"],"picked":"Busted Crown"},{"not_picked":["Coffee Dripper","WristBlade"],"picked":"Black Star"}],"items_purged_floors":[39],"is_endless":false,"potions_floor_spawned":[2,11,13,16,27,31,33,35,40,42,47],"killed_by":"Time Eater","ascension_level":15}