{"gold_per_floor":[118,118,129,144,156,1,28,28,96,96,108,142,153,172,172,246,246,258,271,271,271,103,103],"floor_reached":23,"playtime":932,"items_purged":["Strike_G"],"score":376,"play_id":"1d04007f-9ff1-4424-9061-13bcb511fc4e","local_time":"20190129154722","is_ascension_mode":true,"campfire_choices":[{"data":"Footwork","floor":8.0,"key":"SMITH"},{"floor":10.0,"key":"REST"},{"data":"Deadly Poison","floor":15.0,"key":"SMITH"}],"neow_cost":"NONE","seed_source_timestamp":11854208277196,"circlet_count":0,"master_deck":["AscendersBane","Survivor","Neutralize+1","Cloak And Dagger","Deflect","Deadly Poison+1","Cloak And Dagger","Footwork+1","Adrenaline","Glass Knife","Blur","Envenom","Footwork","Endless Agony","Backstab","All Out Attack","Noxious Fumes","Grand Finale","Distraction","Acrobatics","Acrobatics","Dagger Throw"],"special_seed":0,"relics":["Ring of the Snake","Bag of Preparation","Pantograph","Dream Catcher","Pandora\u0027s Box"],"potions_floor_usage":[23],"damage_taken":[{"damage":5.0,"enemies":"Jaw Worm","floor":1.0,"turns":6.0},{"damage":0.0,"enemies":"Cultist","floor":3.0,"turns":4.0},{"damage":4.0,"enemies":"Small Slimes","floor":4.0,"turns":6.0},{"damage":12.0,"enemies":"2 Fungi Beasts","floor":5.0,"turns":5.0},{"damage":1.0,"enemies":"Looter","floor":11.0,"turns":4.0},{"damage":24.0,"enemies":"Gremlin Nob","floor":12.0,"turns":4.0},{"damage":0.0,"enemies":"Gremlin Gang","floor":13.0,"turns":7.0},{"damage":0.0,"enemies":"Blue Slaver","floor":14.0,"turns":4.0},{"damage":1.0,"enemies":"The Guardian","floor":16.0,"turns":10.0},{"damage":5.0,"enemies":"Spheric Guardian","floor":18.0,"turns":6.0},{"damage":9.0,"enemies":"Chosen","floor":19.0,"turns":5.0},{"damage":56,"enemies":"Slavers","floor":23,"turns":5}],"seed_played":"7159181802572123576","potions_obtained":[{"floor":1.0,"key":"AttackPotion"},{"floor":2.0,"key":"PowerPotion"},{"floor":13.0,"key":"Ancient Potion"},{"floor":14.0,"key":"PowerPotion"}],"is_trial":false,"path_per_floor":["M","?","M","M","M","$","T","R","T","R","M","E","M","M","R","B",null,"M","M","?","?","$","E"],"character_chosen":"THE_SILENT","items_purchased":["Footwork","Fruit Juice","PowerPotion"],"campfire_rested":1,"item_purchase_floors":[6,22,22],"current_hp_per_floor":[54,54,54,50,38,38,38,38,38,57,56,32,32,32,32,56,64,59,50,50,50,55,0],"gold":103,"neow_bonus":"UPGRADE_CARD","is_prod":false,"is_daily":false,"chose_seed":false,"campfire_upgraded":2,"win_rate":0,"timestamp":1548766042,"path_taken":["M","?","M","M","?","$","?","R","T","R","M","E","?","M","R","BOSS","M","M","?","?","$","E"],"build_version":"2019-01-23","purchased_purges":1,"victory":false,"max_hp_per_floor":[66,66,66,66,66,66,66,66,66,66,66,66,66,66,66,66,66,66,66,66,66,71,71],"card_choices":[{"not_picked":["PiercingWail","Catalyst"],"picked":"Cloak And Dagger","floor":1.0},{"not_picked":["Slice","All Out Attack"],"picked":"Deflect","floor":3.0},{"not_picked":["Blade Dance","Endless Agony"],"picked":"Deadly Poison","floor":4.0},{"not_picked":["Bane","Poisoned Stab"],"picked":"Cloak And Dagger","floor":5.0},{"not_picked":["Caltrops","Quick Slash"],"picked":"Adrenaline","floor":11.0},{"not_picked":["Backflip","Blade Dance"],"picked":"Glass Knife","floor":12.0},{"not_picked":["Setup","Eviscerate"],"picked":"Blur","floor":13.0},{"not_picked":["Deflect","Accuracy","Reflex"],"picked":"SKIP","floor":14.0},{"not_picked":["Storm of Steel","Unload"],"picked":"Envenom","floor":16.0},{"not_picked":["Underhanded Strike","Flechettes"],"picked":"Dagger Throw","floor":18.0},{"not_picked":["Endless Agony","Accuracy","Quick Slash"],"picked":"SKIP","floor":19.0}],"player_experience":720817,"relics_obtained":[{"floor":7.0,"key":"Bag of Preparation"},{"floor":9.0,"key":"Pantograph"},{"floor":12.0,"key":"Dream Catcher"}],"event_choices":[{"damage_healed":0.0,"max_hp_gain":0.0,"max_hp_loss":0.0,"gold_gain":0.0,"event_name":"Lab","player_choice":"Got Potions","floor":2.0,"gold_loss":0.0,"damage_taken":0.0},{"damage_healed":0.0,"max_hp_gain":0.0,"max_hp_loss":0.0,"gold_gain":0.0,"event_name":"Vampires","player_choice":"Ignored","floor":20.0,"gold_loss":0.0,"damage_taken":0.0},{"damage_healed":0.0,"max_hp_gain":0.0,"max_hp_loss":0.0,"gold_gain":0.0,"event_name":"Ghosts","player_choice":"Ignored","floor":21.0,"gold_loss":0.0,"damage_taken":0.0}],"is_beta":false,"boss_relics":[{"not_picked":["Calling Bell","Snecko Eye"],"picked":"Pandora\u0027s Box"}],"items_purged_floors":[6],"is_endless":false,"potions_floor_spawned":[1,4,13,14],"killed_by":"Slavers","ascension_level":19}