{"gold_per_floor":[114,126,73,23,23,23,37,37,60,60,74,50,50,75,75,75],"floor_reached":16,"playtime":284,"items_purged":[],"score":149,"play_id":"7f880280-8b34-4087-b332-09a1c28cfee8","local_time":"20181115020053","is_ascension_mode":true,"campfire_choices":[{"data":"Sucker Punch","floor":6,"key":"SMITH"},{"data":"Flying Knee","floor":8,"key":"SMITH"},{"data":"Survivor","floor":10,"key":"SMITH"},{"data":"Caltrops","floor":15,"key":"SMITH"}],"neow_cost":"NONE","seed_source_timestamp":52199169746083,"circlet_count":0,"master_deck":["AscendersBane","Defend_G","Defend_G+1","Defend_G","Defend_G","Defend_G+1","Strike_G","Strike_G","Strike_G","Strike_G","Survivor+1","Neutralize","Caltrops+1","Sucker Punch+1","Quick Slash","Flying Knee+1","Deflect"],"relics":["Philosopher\u0027s Stone","Golden Idol","Juzu Bracelet"],"potions_floor_usage":[],"damage_taken":[{"damage":8,"enemies":"Small Slimes","floor":1,"turns":4},{"damage":3,"enemies":"2 Louse","floor":2,"turns":4},{"damage":1,"enemies":"Jaw Worm","floor":7,"turns":4},{"damage":9,"enemies":"Red Slaver","floor":11,"turns":3},{"damage":0,"enemies":"Exordium Wildlife","floor":14,"turns":3},{"damage":34,"enemies":"Hexaghost","floor":16,"turns":9}],"seed_played":"-8875856051472345731","potions_obtained":[{"floor":2,"key":"Fire Potion"}],"is_trial":false,"path_per_floor":["M","M","$","?","?","R","M","R","T","R","M","$","?","M","R","B"],"character_chosen":"THE_SILENT","items_purchased":["Quick Slash","Deflect"],"campfire_rested":0,"item_purchase_floors":[3,12],"current_hp_per_floor":[55,52,52,52,52,52,51,51,51,51,42,42,29,29,29,0],"gold":75,"neow_bonus":"BOSS_RELIC","is_prod":false,"is_daily":false,"chose_seed":false,"campfire_upgraded":4,"win_rate":0,"timestamp":1542236453,"path_taken":["M","M","$","?","?","R","M","R","T","R","M","$","?","M","R","BOSS"],"build_version":"2018-11-08","purchased_purges":0,"victory":false,"max_hp_per_floor":[70,70,70,70,65,65,65,65,65,65,65,65,65,65,65,65],"card_choices":[{"not_picked":["Poisoned Stab","Predator"],"picked":"Caltrops","floor":1},{"not_picked":["Choke","Backflip"],"picked":"Sucker Punch","floor":2},{"not_picked":["Catalyst","Crippling Poison"],"picked":"Flying Knee","floor":7},{"not_picked":["Accuracy","Poisoned Stab","Flying Knee"],"picked":"SKIP","floor":11},{"not_picked":["Concentrate","Bane","Cloak And Dagger"],"picked":"SKIP","floor":14}],"player_experience":513351,"relics_obtained":[{"floor":9,"key":"Juzu Bracelet"}],"event_choices":[{"cards_removed":["Strike_G"],"damage_healed":0,"gold_gain":0,"player_choice":"Card Removal","damage_taken":0,"max_hp_gain":0,"max_hp_loss":0,"event_name":"The Cleric","floor":4,"gold_loss":50},{"damage_healed":0,"gold_gain":0,"player_choice":"Lose Max HP","damage_taken":0,"relics_obtained":["Golden Idol"],"max_hp_gain":0,"max_hp_loss":5,"event_name":"Golden Idol","floor":5,"gold_loss":0},{"damage_healed":0,"gold_gain":0,"player_choice":"Entered Light","damage_taken":13,"max_hp_gain":0,"max_hp_loss":0,"event_name":"Shining Light","floor":13,"gold_loss":0,"cards_upgraded":["Defend_G","Defend_G"]}],"is_beta":false,"boss_relics":[],"items_purged_floors":[],"is_endless":false,"potions_floor_spawned":[2],"killed_by":"Hexaghost","ascension_level":13}