{"gold_per_floor":[116,126,201,201,214,214,241,241,241,86,50,68,102,120,120,120],"floor_reached":16,"playtime":423,"items_purged":[],"score":187,"play_id":"5a91cb4a-697c-4b76-80bf-ddd957b272ad","local_time":"20180802225730","is_ascension_mode":true,"campfire_choices":[{"floor":6,"key":"REST"},{"floor":8,"key":"REST"},{"floor":15,"key":"REST"}],"neow_cost":"NONE","seed_source_timestamp":31320322248872,"circlet_count":0,"master_deck":["Strike_R","Strike_R","Strike_R","Strike_R","Strike_R","Defend_R","Defend_R","Defend_R","Defend_R","Bash+1","AscendersBane","Pommel Strike+1","Whirlwind","Flame Barrier"],"relics":["Burning Blood","Mummified Hand","Bag of Preparation","Vajra","Bag of Marbles"],"potions_floor_usage":[7],"damage_taken":[{"damage":10,"enemies":"Small Slimes","floor":1,"turns":4},{"damage":12,"enemies":"Jaw Worm","floor":2,"turns":3},{"damage":6,"enemies":"2 Louse","floor":5,"turns":4},{"damage":39,"enemies":"3 Sentries","floor":7,"turns":9},{"damage":0,"enemies":"Large Slime","floor":12,"turns":4},{"damage":48,"enemies":"Lagavulin","floor":13,"turns":7},{"damage":8,"enemies":"Blue Slaver","floor":14,"turns":3},{"damage":44,"enemies":"The Guardian","floor":16,"turns":13}],"seed_played":"4108427903999431917","potions_obtained":[{"floor":2,"key":"PowerPotion"},{"floor":7,"key":"Explosive Potion"},{"floor":12,"key":"Ancient Potion"}],"is_trial":false,"path_per_floor":["M","M","?","?","M","R","E","R","T","$","$","M","E","M","R"],"character_chosen":"IRONCLAD","items_purchased":["Vajra","Flame Barrier"],"campfire_rested":3,"item_purchase_floors":[10,11],"current_hp_per_floor":[64,58,47,47,47,69,36,58,58,58,58,64,22,20,42,0],"gold":120,"neow_bonus":"UPGRADE_CARD","is_prod":false,"is_daily":false,"chose_seed":false,"campfire_upgraded":0,"win_rate":0,"timestamp":1533239850,"path_taken":["M","M","?","?","M","R","E","R","T","?","$","M","E","M","R","BOSS"],"build_version":"2018-07-26","purchased_purges":0,"victory":false,"max_hp_per_floor":[75,75,75,75,75,75,75,75,75,75,75,75,75,75,75,75],"card_choices":[{"not_picked":["Heavy Blade","Body Slam"],"picked":"Pommel Strike","floor":1},{"not_picked":["Uppercut","Combust","Heavy Blade"],"picked":"SKIP","floor":2},{"not_picked":["Perfected Strike","Clothesline","Heavy Blade"],"picked":"SKIP","floor":5},{"not_picked":["Disarm","Body Slam"],"picked":"Whirlwind","floor":7},{"not_picked":["Armaments","Whirlwind","Pommel Strike"],"picked":"SKIP","floor":12},{"not_picked":["Wild Strike","Disarm","Heavy Blade"],"picked":"SKIP","floor":13},{"not_picked":["Feel No Pain","Blood for Blood","Dark Embrace"],"picked":"SKIP","floor":14}],"player_experience":396220,"relics_obtained":[{"floor":7,"key":"Mummified Hand"},{"floor":9,"key":"Bag of Preparation"},{"floor":13,"key":"Bag of Marbles"}],"event_choices":[{"event_name":"World of Goop","player_choice":"Gather Gold","floor":3,"damage_taken":0},{"event_name":"Living Wall","player_choice":"Grow","floor":4,"damage_taken":0}],"is_beta":false,"boss_relics":[],"items_purged_floors":[],"is_endless":false,"potions_floor_spawned":[2,7,12,14],"killed_by":"The Guardian","ascension_level":14}