{"gold_per_floor":[213,213,163,63,75,75,104,104,104,122,151,151,151,164,164,238,238,254,264,264],"floor_reached":20,"playtime":633,"items_purged":["Strike_R"],"score":309,"play_id":"ef895d48-270c-4ce4-bbfd-8c036048bd5e","local_time":"20180803061011","is_ascension_mode":true,"campfire_choices":[{"data":"Metallicize","floor":6,"key":"SMITH"},{"data":"Cleave","floor":8,"key":"SMITH"},{"data":"Bludgeon","floor":13,"key":"SMITH"},{"data":"Bash","floor":15,"key":"SMITH"}],"neow_cost":"NONE","seed_source_timestamp":378284389282,"circlet_count":0,"master_deck":["Strike_R","Strike_R","Strike_R","Defend_R","Defend_R","Defend_R","Defend_R","Bash+1","AscendersBane","Cleave+1","Clothesline","Metallicize+1","Bludgeon+1","Flex","Battle Trance","Body Slam","Twin Strike","Shrug It Off"],"special_seed":0,"relics":["Burning Blood","Dead Branch","Torii","Pear","Orrery"],"potions_floor_usage":[19],"damage_taken":[{"damage":6.0,"enemies":"Cultist","floor":1.0,"turns":3.0},{"damage":7,"enemies":"2 Louse","floor":5,"turns":2},{"damage":14,"enemies":"3 Sentries","floor":7,"turns":10},{"damage":0,"enemies":"Small Slimes","floor":10,"turns":3},{"damage":14,"enemies":"Lagavulin","floor":11,"turns":7},{"damage":9,"enemies":"Blue Slaver","floor":14,"turns":3},{"damage":37,"enemies":"The Guardian","floor":16,"turns":8},{"damage":51,"enemies":"3 Byrds","floor":18,"turns":7},{"damage":30,"enemies":"Shell Parasite","floor":19,"turns":7},{"damage":10,"enemies":"Centurion and Healer","floor":20,"turns":1}],"seed_played":"-4888377440968665952","potions_obtained":[{"floor":1.0,"key":"Block Potion"},{"floor":10,"key":"SteroidPotion"},{"floor":19,"key":"BloodPotion"}],"is_trial":false,"path_per_floor":["M","?","?","$","M","R","E","R","T","M","E","?","R","M","R","B",null,"M","M"],"character_chosen":"IRONCLAD","items_purchased":["Clothesline"],"campfire_rested":0,"item_purchase_floors":[4],"current_hp_per_floor":[68,73,73,73,72,72,64,64,64,70,72,72,72,69,69,38,77,32,8,0],"gold":264,"neow_bonus":"HUNDRED_GOLD","is_prod":false,"is_daily":false,"chose_seed":false,"campfire_upgraded":4,"win_rate":0,"timestamp":1533265811,"path_taken":["M","?","?","$","M","R","E","R","T","?","E","?","R","M","R","BOSS","M","M","M"],"build_version":"2018-08-02","purchased_purges":1,"victory":false,"max_hp_per_floor":[75,80,80,80,80,80,80,80,80,80,90,90,90,90,90,90,90,90,90,90],"card_choices":[{"not_picked":["Iron Wave","Wild Strike"],"picked":"Cleave","floor":1.0},{"not_picked":["Rampage","Twin Strike"],"picked":"Metallicize","floor":5},{"not_picked":["Anger","Demon Form"],"picked":"Bludgeon","floor":7},{"not_picked":["Havoc","Spot Weakness"],"picked":"Flex","floor":10},{"not_picked":["Spot Weakness","Corruption"],"picked":"Battle Trance","floor":11},{"not_picked":["Thunderclap","Pummel","Combust"],"picked":"SKIP","floor":14},{"not_picked":["Cleave","True Grit"],"picked":"Body Slam","floor":17},{"not_picked":["Sword Boomerang","Clash"],"picked":"Twin Strike","floor":17},{"not_picked":["Perfected Strike","Blood for Blood"],"picked":"Shrug It Off","floor":17},{"not_picked":["Pummel","Burning Pact","Shockwave"],"picked":"SKIP","floor":18},{"not_picked":["Clothesline","Infernal Blade","Seeing Red"],"picked":"SKIP","floor":19}],"player_experience":396643,"relics_obtained":[{"floor":7,"key":"Dead Branch"},{"floor":9,"key":"Torii"},{"floor":11,"key":"Pear"}],"event_choices":[{"event_name":"Big Fish","player_choice":"Donut","floor":2.0,"damage_taken":0.0},{"event_name":"The Cleric","player_choice":"Card Removal","floor":3.0,"damage_taken":0.0},{"event_name":"Liars Game","player_choice":"disagreed","floor":12,"damage_taken":0}],"is_beta":false,"boss_relics":[{"not_picked":["Black Blood","Runic Cube"],"picked":"Orrery"}],"items_purged_floors":[4],"is_endless":false,"potions_floor_spawned":[1,10,16,19],"killed_by":"Centurion and Healer","ascension_level":14}