{"gold_per_floor":[113,33,51,62,14,40,40,70,70,90,103,123,149,114,114,193,193,207,147,147],"floor_reached":20,"playtime":1340,"items_purged":[],"score":343,"play_id":"a3c5eab9-b47d-4895-83c3-ffc0c616807b","local_time":"20190807155214","is_ascension_mode":true,"campfire_choices":[{"data":"Neutralize","floor":7,"key":"SMITH"},{"floor":15,"key":"REST"}],"neow_cost":"NONE","seed_source_timestamp":23747037514410,"circlet_count":0,"master_deck":["AscendersBane","Strike_G","Strike_G","Strike_G","Strike_G","Strike_G","Defend_G","Defend_G","Defend_G","Defend_G","Defend_G","Survivor","Neutralize+1","Poisoned Stab","Sucker Punch","Noxious Fumes","Poisoned Stab","Backflip","Deflect","Cloak And Dagger","Terror","PiercingWail","Dagger Throw","Dagger Spray","Skewer","After Image","Noxious Fumes","Endless Agony","Crippling Poison","Dodge and Roll","Flying Knee","Glass Knife"],"relics":["Ring of the Snake","Blood Vial","Prayer Wheel","The Courier","Unceasing Top","Orrery"],"potions_floor_usage":[6,6,13,13,13,16,16,19],"damage_taken":[{"damage":1,"enemies":"Cultist","floor":1,"turns":3},{"damage":2,"enemies":"2 Louse","floor":3,"turns":3},{"damage":4,"enemies":"Jaw Worm","floor":4,"turns":4},{"damage":20,"enemies":"Gremlin Nob","floor":6,"turns":4},{"damage":28,"enemies":"Lagavulin","floor":8,"turns":7},{"damage":5,"enemies":"3 Louse","floor":10,"turns":5},{"damage":0,"enemies":"2 Fungi Beasts","floor":11,"turns":4},{"damage":3,"enemies":"Exordium Thugs","floor":12,"turns":7},{"damage":1,"enemies":"Gremlin Nob","floor":13,"turns":5},{"damage":20,"enemies":"The Guardian","floor":16,"turns":11},{"damage":5,"enemies":"Spheric Guardian","floor":18,"turns":6},{"damage":15,"enemies":"2 Thieves","floor":19,"turns":3},{"damage":47,"enemies":"Masked Bandits","floor":20,"turns":4}],"seed_played":"498344507662283339","potions_obtained":[{"floor":3,"key":"Weak Potion"},{"floor":8,"key":"GhostInAJar"},{"floor":10,"key":"Energy Potion"},{"floor":11,"key":"EntropicBrew"},{"floor":13,"key":"Dexterity Potion"},{"floor":18,"key":"SmokeBomb"}],"is_trial":false,"path_per_floor":["M","$","M","M","$","E","R","E","T","M","M","M","E","?","R","B",null,"M","M","?"],"character_chosen":"THE_SILENT","items_purchased":["Noxious Fumes","FearPotion"],"campfire_rested":1,"item_purchase_floors":[2,5],"current_hp_per_floor":[58,58,56,52,52,32,32,6,6,3,5,4,5,21,40,22,55,52,39,0],"gold":147,"neow_bonus":"THREE_CARDS","is_prod":false,"is_daily":false,"chose_seed":false,"campfire_upgraded":1,"win_rate":0,"timestamp":1565185934,"path_taken":["M","?","M","M","$","E","R","E","T","M","M","M","E","?","R","BOSS","M","M","?"],"build_version":"2019-07-17","purchased_purges":0,"victory":false,"max_hp_per_floor":[66,66,66,66,66,66,66,66,66,66,66,66,66,66,66,66,66,66,66,66],"card_choices":[{"not_picked":["Dodge and Roll","Backflip"],"picked":"Poisoned Stab","floor":0},{"not_picked":["Acrobatics","Distraction"],"picked":"Sucker Punch","floor":1},{"not_picked":["Deflect","Underhanded Strike"],"picked":"Poisoned Stab","floor":3},{"not_picked":["Acrobatics","Prepared"],"picked":"Backflip","floor":4},{"not_picked":["Deadly Poison","Blade Dance"],"picked":"Deflect","floor":6},{"not_picked":["Acrobatics","Venomology"],"picked":"Cloak And Dagger","floor":8},{"not_picked":["Blade Dance","Well Laid Plans"],"picked":"Terror","floor":10},{"not_picked":["Sucker Punch","Distraction"],"picked":"PiercingWail","floor":10},{"not_picked":["Dodge and Roll","Choke"],"picked":"Dagger Throw","floor":11},{"not_picked":["Infinite Blades","Bouncing Flask","Calculated Gamble"],"picked":"SKIP","floor":11},{"not_picked":["Infinite Blades","Bouncing Flask","Calculated Gamble"],"picked":"SKIP","floor":11},{"not_picked":["Dash","Slice"],"picked":"Dagger Spray","floor":12},{"not_picked":["Deadly Poison","Quick Slash"],"picked":"Skewer","floor":12},{"not_picked":["Bullet Time","Quick Slash","PiercingWail"],"picked":"SKIP","floor":13},{"not_picked":["Glass Knife","Tools of the Trade"],"picked":"After Image","floor":16},{"not_picked":["Acrobatics","Distraction"],"picked":"Noxious Fumes","floor":17},{"not_picked":["Underhanded Strike","Poisoned Stab"],"picked":"Endless Agony","floor":17},{"not_picked":["Infinite Blades","Quick Slash"],"picked":"Crippling Poison","floor":17},{"not_picked":["Prepared","Choke"],"picked":"Dodge and Roll","floor":17},{"not_picked":["Finisher","Sucker Punch"],"picked":"Flying Knee","floor":17},{"not_picked":["Deflect","Terror"],"picked":"Glass Knife","floor":18},{"not_picked":["Noxious Fumes","Prepared","Underhanded Strike"],"picked":"SKIP","floor":18}],"player_experience":752560,"relics_obtained":[{"floor":6,"key":"Blood Vial"},{"floor":8,"key":"Prayer Wheel"},{"floor":9,"key":"The Courier"},{"floor":13,"key":"Unceasing Top"}],"event_choices":[{"damage_healed":16,"gold_gain":0,"player_choice":"Healed","damage_taken":0,"max_hp_gain":0,"max_hp_loss":0,"event_name":"The Cleric","floor":14,"gold_loss":35},{"damage_healed":0,"gold_gain":0,"player_choice":"Fought Bandits","damage_taken":0,"max_hp_gain":0,"max_hp_loss":0,"event_name":"Masked Bandits","floor":20,"gold_loss":0}],"is_beta":false,"boss_relics":[{"not_picked":["White Beast Statue","Lizard Tail"],"picked":"Orrery"}],"items_purged_floors":[],"is_endless":false,"potions_floor_spawned":[3,8,10,11,12,13,18,19],"killed_by":"Masked Bandits","ascension_level":15}