{"gold_per_floor":[117,117,48,68,84,119,119,153,153,166,166,183,217,236,236,339,339,352,371,383,383,82,82,82,113,140,140,156,170,199,216,216,319,319,333,31,131,148,148,176,193,219,219,233,253,287,287,315,315,315],"floor_reached":50,"playtime":1424,"items_purged":["Defend_R"],"score":924,"play_id":"7815d0fc-0f92-4916-843f-bc14f58f7a68","local_time":"20190710215051","is_ascension_mode":true,"campfire_choices":[{"data":"Immolate","floor":7.0,"key":"SMITH"},{"floor":11.0,"key":"REST"},{"data":"Bash","floor":15.0,"key":"SMITH"},{"data":"Bludgeon","floor":23.0,"key":"SMITH"},{"data":"Demon Form","floor":27.0,"key":"SMITH"},{"data":"Metallicize","floor":32.0,"key":"SMITH"},{"floor":49,"key":"RECALL"}],"neow_cost":"NONE","seed_source_timestamp":23689739553095,"circlet_count":0,"master_deck":["Strike_R","Strike_R","Strike_R","Defend_R","Defend_R","Defend_R","Bash+1","Perfected Strike","Disarm","Immolate+1","Perfected Strike","Ghostly Armor","Inflame","Bludgeon+1","Battle Trance","Offering+1","Metallicize+1","Demon Form+1","Shrug It Off","Double Tap","Disarm+1","Armaments"],"special_seed":0,"relics":["Burning Blood","NeowsBlessing","Regal Pillow","Mummified Hand","Singing Bowl","Pear","Coffee Dripper","Enchiridion","Kunai","Strawberry","Prayer Wheel","Busted Crown","Lantern","Oddly Smooth Stone","Girya","Torii","Bag of Preparation","Juzu Bracelet","Sundial"],"potions_floor_usage":[50,50],"damage_taken":[{"damage":0.0,"enemies":"Small Slimes","floor":1.0,"turns":1.0},{"damage":0.0,"enemies":"Cultist","floor":4.0,"turns":1.0},{"damage":0.0,"enemies":"2 Louse","floor":5.0,"turns":1.0},{"damage":44.0,"enemies":"Lagavulin","floor":6.0,"turns":7.0},{"damage":32.0,"enemies":"Gremlin Nob","floor":8.0,"turns":4.0},{"damage":6.0,"enemies":"Large Slime","floor":10.0,"turns":6.0},{"damage":16.0,"enemies":"Gremlin Gang","floor":12.0,"turns":4.0},{"damage":35.0,"enemies":"Lagavulin","floor":13.0,"turns":5.0},{"damage":3.0,"enemies":"Blue Slaver","floor":14.0,"turns":2.0},{"damage":0.0,"enemies":"Slime Boss","floor":16.0,"turns":4.0},{"damage":23.0,"enemies":"Spheric Guardian","floor":18.0,"turns":4.0},{"damage":13.0,"enemies":"2 Thieves","floor":19.0,"turns":3.0},{"damage":12.0,"enemies":"Centurion and Healer","floor":20.0,"turns":5.0},{"damage":28.0,"enemies":"Slavers","floor":25.0,"turns":3.0},{"damage":6.0,"enemies":"Chosen and Byrds","floor":28.0,"turns":3.0},{"damage":0.0,"enemies":"Snecko","floor":29.0,"turns":2.0},{"damage":22.0,"enemies":"Gremlin Leader","floor":30.0,"turns":3.0},{"damage":14.0,"enemies":"Sentry and Sphere","floor":31.0,"turns":4.0},{"damage":44.0,"enemies":"Collector","floor":33.0,"turns":5.0},{"damage":6.0,"enemies":"3 Shapes","floor":35.0,"turns":1.0},{"damage":13.0,"enemies":"Mind Bloom Boss Battle","floor":37.0,"turns":4.0},{"damage":8.0,"enemies":"3 Darklings","floor":38.0,"turns":3.0},{"damage":18.0,"enemies":"Reptomancer","floor":40.0,"turns":5.0},{"damage":6.0,"enemies":"Sphere and 2 Shapes","floor":41.0,"turns":2.0},{"damage":6.0,"enemies":"Giant Head","floor":42.0,"turns":5.0},{"damage":28.0,"enemies":"4 Shapes","floor":44.0,"turns":7.0},{"damage":0.0,"enemies":"Writhing Mass","floor":45.0,"turns":4.0},{"damage":34,"enemies":"Nemesis","floor":46,"turns":3},{"damage":15,"enemies":"Giant Head","floor":48,"turns":5},{"damage":59,"enemies":"Awakened One","floor":50,"turns":8}],"seed_played":"-461800236070537478","potions_obtained":[{"floor":10.0,"key":"Strength Potion"},{"floor":12.0,"key":"Fire Potion"},{"floor":14.0,"key":"AttackPotion"},{"floor":16.0,"key":"SmokeBomb"},{"floor":18.0,"key":"FairyPotion"},{"floor":29.0,"key":"Regen Potion"},{"floor":35.0,"key":"Weak Potion"},{"floor":44.0,"key":"PowerPotion"}],"is_trial":false,"path_per_floor":["M","?","$","M","M","E","R","E","T","M","R","M","E","M","R","B",null,"M","M","M","?","$","R","?","E","T","R","M","M","E","M","R","B",null,"M","$","?","M","?","E","M","E","T","M","M","E","?","E","R","B"],"character_chosen":"IRONCLAD","items_purchased":["Immolate","Offering","Metallicize","Lantern","Oddly Smooth Stone"],"campfire_rested":1,"item_purchase_floors":[3,22,22,36,36],"current_hp_per_floor":[80,80,80,80,80,42,42,16,16,18,57,49,32,37,37,43,84,67,62,58,42,42,42,76,54,61,61,63,71,55,51,51,27,95,99,99,94,94,94,84,88,90,90,72,82,56,56,49,49,0],"gold":315,"neow_bonus":"THREE_ENEMY_KILL","is_prod":false,"is_daily":false,"chose_seed":false,"campfire_upgraded":5,"win_rate":0,"timestamp":1562784651,"path_taken":["M","?","$","?","M","E","R","E","T","M","R","M","E","M","R","BOSS","M","M","M","?","$","R","?","E","T","R","M","M","E","M","R","BOSS","M","$","?","M","?","E","?","E","T","?","M","E","?","E","R","BOSS"],"build_version":"2019-07-05","purchased_purges":1,"victory":false,"max_hp_per_floor":[80,80,80,80,80,80,80,80,80,82,82,84,96,98,98,98,98,98,100,102,102,102,102,102,102,109,109,111,113,113,117,117,117,117,121,121,123,125,125,127,131,133,133,137,141,143,143,145,145,145],"card_choices":[{"not_picked":["Warcry","Sentinel"],"picked":"Perfected Strike","floor":1.0},{"not_picked":["Immolate","Clothesline"],"picked":"Perfected Strike","floor":4.0},{"not_picked":["Flex","Headbutt"],"picked":"Ghostly Armor","floor":5.0},{"not_picked":["Dropkick","Carnage"],"picked":"Inflame","floor":6.0},{"not_picked":["Rage","Feel No Pain","Cleave"],"picked":"SKIP","floor":8.0},{"not_picked":["Combust","Clash","Whirlwind"],"picked":"Singing Bowl","floor":10.0},{"not_picked":["Infernal Blade","Body Slam","Brutality"],"picked":"Singing Bowl","floor":12.0},{"not_picked":["Pommel Strike","Burning Pact","Dark Embrace"],"picked":"Singing Bowl","floor":13.0},{"not_picked":["Power Through","Sentinel","Sever Soul"],"picked":"Singing Bowl","floor":14.0},{"not_picked":["Reaper","Fiend Fire"],"picked":"Bludgeon","floor":16.0},{"not_picked":["Perfected Strike","Combust"],"picked":"Battle Trance","floor":18.0},{"not_picked":["Pommel Strike","Body Slam+1","Flex"],"picked":"Singing Bowl","floor":19.0},{"not_picked":["Armaments","Heavy Blade","True Grit"],"picked":"Singing Bowl","floor":20.0},{"not_picked":["Havoc","Perfected Strike"],"picked":"Demon Form","floor":25.0},{"not_picked":["Cleave","Heavy Blade","Battle Trance"],"picked":"Singing Bowl","floor":28.0},{"not_picked":["Pommel Strike","Clothesline","Body Slam"],"picked":"Singing Bowl","floor":29.0},{"not_picked":["Dual Wield","Clothesline"],"picked":"Shrug It Off","floor":30.0},{"not_picked":["Bloodletting","Armaments","Anger"],"picked":"Singing Bowl","floor":31.0},{"not_picked":["Rage","Anger","Bludgeon"],"picked":"Singing Bowl","floor":31.0},{"not_picked":["Immolate","Dark Embrace"],"picked":"Double Tap","floor":33.0},{"not_picked":["Rage"],"picked":"Singing Bowl","floor":35.0},{"not_picked":["Second Wind+1"],"picked":"Singing Bowl","floor":35.0},{"not_picked":["Twin Strike"],"picked":"Singing Bowl","floor":37.0},{"not_picked":[],"picked":"Disarm+1","floor":38.0},{"not_picked":["Disarm"],"picked":"Singing Bowl","floor":38.0},{"not_picked":["Whirlwind+1"],"picked":"Singing Bowl","floor":40.0},{"not_picked":["Wild Strike"],"picked":"Singing Bowl","floor":41.0},{"not_picked":["Anger+1"],"picked":"Singing Bowl","floor":41.0},{"not_picked":["Armaments"],"picked":"Singing Bowl","floor":42.0},{"not_picked":["Rampage+1"],"picked":"Singing Bowl","floor":44.0},{"not_picked":["Anger+1"],"picked":"Singing Bowl","floor":44.0},{"not_picked":["Twin Strike+1"],"picked":"Singing Bowl","floor":45.0},{"not_picked":["Clash"],"picked":"Singing Bowl","floor":45.0},{"not_picked":["Anger"],"picked":"Singing Bowl","floor":46},{"not_picked":["Feed"],"picked":"Singing Bowl","floor":48}],"player_experience":1054195,"relics_obtained":[{"floor":6.0,"key":"Regal Pillow"},{"floor":8.0,"key":"Mummified Hand"},{"floor":9.0,"key":"Singing Bowl"},{"floor":13.0,"key":"Pear"},{"floor":21.0,"key":"Enchiridion"},{"floor":25.0,"key":"Kunai"},{"floor":26.0,"key":"Strawberry"},{"floor":30.0,"key":"Prayer Wheel"},{"floor":37.0,"key":"Girya"},{"floor":40.0,"key":"Torii"},{"floor":42.0,"key":"Bag of Preparation"},{"floor":46,"key":"Juzu Bracelet"},{"floor":48,"key":"Sundial"}],"event_choices":[{"damage_healed":0.0,"max_hp_gain":0.0,"max_hp_loss":0.0,"gold_gain":0.0,"cards_transformed":["Strike_R"],"event_name":"Transmorgrifier","player_choice":"Transformed","floor":2.0,"gold_loss":0.0,"damage_taken":0.0,"cards_obtained":["Disarm"]},{"damage_healed":0.0,"max_hp_gain":0.0,"max_hp_loss":0.0,"gold_gain":0.0,"event_name":"Cursed Tome","player_choice":"Obtained Book","floor":21.0,"gold_loss":0.0,"damage_taken":16.0},{"damage_healed":34.0,"max_hp_gain":0.0,"max_hp_loss":0.0,"gold_gain":0.0,"event_name":"The Library","player_choice":"Heal","floor":24.0,"gold_loss":0.0,"damage_taken":0.0},{"damage_healed":0.0,"max_hp_gain":0.0,"max_hp_loss":0.0,"gold_gain":0.0,"event_name":"MindBloom","player_choice":"Fight","floor":37.0,"gold_loss":0.0,"damage_taken":0.0},{"damage_healed":0.0,"max_hp_gain":0.0,"max_hp_loss":0.0,"gold_gain":0.0,"event_name":"Upgrade Shrine","player_choice":"Upgraded","floor":39.0,"gold_loss":0.0,"damage_taken":0.0,"cards_upgraded":["Offering"]},{"damage_healed":0,"gold_gain":0,"cards_transformed":["Strike_R"],"player_choice":"Transformed","damage_taken":0,"max_hp_gain":0,"max_hp_loss":0,"event_name":"Transmorgrifier","floor":47,"gold_loss":0,"cards_obtained":["Armaments"]}],"is_beta":false,"boss_relics":[{"not_picked":["Eternal Feather","Astrolabe"],"picked":"Coffee Dripper"},{"not_picked":["Tiny House","Runic Cube"],"picked":"Busted Crown"}],"items_purged_floors":[22],"is_endless":false,"potions_floor_spawned":[10,12,14,16,18,20,29,30,35,38,44,46],"killed_by":"Awakened One","ascension_level":5}