{"gold_per_floor":[210,19,33,51,0,0,34,34,34,34,51,69,69,89,89,168,168,181,181,181,231,156,190,190,201,201,201,201,229,57,69,69,145,145,164,184,184,3,15,15,41,41,41,58,58,83,83,43,43,43],"floor_reached":51,"playtime":2245,"items_purged":["Strike_R","Strike_R"],"score":1496,"play_id":"e6a74a1c-1a3f-4e91-8a2d-75328f107e84","local_time":"20181202050734","is_ascension_mode":true,"campfire_choices":[{"data":"Body Slam","floor":6.0,"key":"SMITH"},{"data":"Feed","floor":8.0,"key":"SMITH"},{"data":"Shrug It Off","floor":10.0,"key":"SMITH"},{"data":"Bash","floor":15.0,"key":"SMITH"},{"data":"Barricade","floor":24.0,"key":"SMITH"},{"floor":27.0,"key":"REST"},{"data":"Body Slam","floor":32.0,"key":"SMITH"},{"floor":40.0,"key":"REST"},{"data":"Armaments","floor":42,"key":"SMITH"},{"floor":47,"key":"REST"},{"data":"Battle Trance","floor":49,"key":"SMITH"}],"neow_cost":"NONE","seed_source_timestamp":607718783974,"circlet_count":0,"master_deck":["AscendersBane","Strike_R+1","Strike_R+1","Defend_R","Defend_R","Defend_R","Bash+1","Sword Boomerang","Shrug It Off+1","Body Slam+1","Feed+1","Clothesline","Battle Trance+1","Barricade+1","Inflame","Uppercut","Flame Barrier","True Grit","Body Slam+1","Armaments+1","Shrug It Off","Disarm","Pommel Strike+1","Panacea"],"special_seed":0,"relics":["Burning Blood","Happy Flower","FossilizedHelix","Pen Nib","Mercury Hourglass","Busted Crown","MutagenicStrength","Letter Opener","Darkstone Periapt","PreservedInsect","Regal Pillow","Lizard Tail","Whetstone","Bottled Lightning","Gambling Chip"],"potions_floor_usage":[41,46,50,50],"damage_taken":[{"damage":5.0,"enemies":"2 Louse","floor":1.0,"turns":4.0},{"damage":1.0,"enemies":"Cultist","floor":3.0,"turns":4.0},{"damage":2.0,"enemies":"Jaw Worm","floor":4.0,"turns":4.0},{"damage":24.0,"enemies":"Gremlin Nob","floor":7.0,"turns":4.0},{"damage":0.0,"enemies":"3 Louse","floor":11.0,"turns":2.0},{"damage":5.0,"enemies":"Large Slime","floor":12.0,"turns":5.0},{"damage":0.0,"enemies":"Looter","floor":14.0,"turns":2.0},{"damage":41.0,"enemies":"The Guardian","floor":16.0,"turns":14.0},{"damage":19.0,"enemies":"2 Thieves","floor":18.0,"turns":4.0},{"damage":22.0,"enemies":"Gremlin Leader","floor":23.0,"turns":7.0},{"damage":6.0,"enemies":"Shell Parasite","floor":25.0,"turns":3.0},{"damage":21.0,"enemies":"Slavers","floor":29.0,"turns":4.0},{"damage":0.0,"enemies":"Cultist and Chosen","floor":31.0,"turns":5.0},{"damage":56.0,"enemies":"Automaton","floor":33.0,"turns":10.0},{"damage":38.0,"enemies":"3 Darklings","floor":35.0,"turns":5.0},{"damage":0.0,"enemies":"Orb Walker","floor":36.0,"turns":3.0},{"damage":19.0,"enemies":"3 Darklings","floor":39.0,"turns":6.0},{"damage":0,"enemies":"Nemesis","floor":41,"turns":5},{"damage":10,"enemies":"4 Shapes","floor":44,"turns":7},{"damage":47,"enemies":"Reptomancer","floor":46,"turns":6},{"damage":69,"enemies":"Awakened One","floor":50,"turns":24}],"seed_played":"3854600847047532358","potions_obtained":[{"floor":1.0,"key":"Explosive Potion"},{"floor":11.0,"key":"Fire Potion"},{"floor":16.0,"key":"Explosive Potion"},{"floor":25.0,"key":"PowerPotion"},{"floor":46,"key":"Swift Potion"},{"floor":48,"key":"Fruit Juice"}],"is_trial":false,"path_per_floor":["M","$","M","M","?","R","E","R","T","R","M","M","$","M","R","B",null,"M","?","?","?","?","E","R","M","T","R","T","E","$","M","R","B",null,"M","M","?","$","M","R","E","R","T","M","?","E","R","?","R","B",null],"character_chosen":"IRONCLAD","items_purchased":["Happy Flower","Shrug It Off","Flame Barrier","True Grit","Armaments","Shrug It Off"],"campfire_rested":3,"item_purchase_floors":[2,2,30,30,38,38],"current_hp_per_floor":[69,69,74,75,75,75,57,57,57,57,63,68,68,78,78,43,73,64,64,64,64,64,48,48,52,52,79,79,64,64,70,70,20,73,41,47,47,47,34,76,82,82,82,82,82,41,84,84,84,26],"gold":43,"neow_bonus":"HUNDRED_GOLD","is_prod":false,"is_daily":false,"chose_seed":false,"campfire_upgraded":8,"win_rate":0,"timestamp":1543716454,"path_taken":["M","$","M","M","?","R","E","R","T","R","M","?","?","M","R","BOSS","M","?","?","?","?","E","R","M","T","R","?","E","?","?","R","BOSS","M","?","?","?","M","R","E","R","T","M","?","E","R","?","R","BOSS"],"build_version":"2018-11-15","purchased_purges":2,"victory":true,"max_hp_per_floor":[75,75,75,75,75,75,75,75,75,75,75,79,79,83,83,83,83,87,87,87,87,87,87,87,91,91,91,91,91,91,91,91,91,91,91,91,91,91,91,91,91,91,91,95,95,95,95,95,95,100],"card_choices":[{"not_picked":["Sentinel","Shockwave"],"picked":"Sword Boomerang","floor":1.0},{"not_picked":["Shockwave","Pummel"],"picked":"Body Slam","floor":3.0},{"not_picked":["Shrug It Off","Hemokinesis","Searing Blow"],"picked":"SKIP","floor":4.0},{"not_picked":["Clash","Headbutt"],"picked":"Feed","floor":7.0},{"not_picked":["Warcry","Clash","Perfected Strike"],"picked":"SKIP","floor":11.0},{"not_picked":["Clash","Anger"],"picked":"Clothesline","floor":12.0},{"not_picked":["Pummel","Pommel Strike"],"picked":"Battle Trance","floor":14.0},{"not_picked":["Dark Embrace","Berserk"],"picked":"Barricade","floor":16.0},{"not_picked":["Perfected Strike"],"picked":"SKIP","floor":18.0},{"not_picked":["Hemokinesis"],"picked":"SKIP","floor":23.0},{"not_picked":["Heavy Blade"],"picked":"SKIP","floor":25.0},{"not_picked":[],"picked":"Uppercut","floor":29.0},{"not_picked":[],"picked":"Body Slam","floor":31.0},{"not_picked":["Clothesline"],"picked":"SKIP","floor":35.0},{"not_picked":["Body Slam"],"picked":"SKIP","floor":36.0},{"not_picked":["Anger+1"],"picked":"SKIP","floor":39.0},{"not_picked":[],"picked":"Disarm","floor":41},{"not_picked":[],"picked":"Pommel Strike+1","floor":44},{"not_picked":[],"picked":"Panacea","floor":45},{"not_picked":["Seeing Red"],"picked":"SKIP","floor":46}],"player_experience":553993,"relics_obtained":[{"floor":7.0,"key":"Pen Nib"},{"floor":9.0,"key":"Mercury Hourglass"},{"floor":23.0,"key":"Letter Opener"},{"floor":26.0,"key":"Darkstone Periapt"},{"floor":28.0,"key":"PreservedInsect"},{"floor":29.0,"key":"Regal Pillow"},{"floor":41,"key":"Whetstone"},{"floor":43,"key":"Bottled Lightning"},{"floor":46,"key":"Gambling Chip"}],"event_choices":[{"damage_healed":0.0,"max_hp_gain":0.0,"max_hp_loss":0.0,"gold_gain":0.0,"event_name":"WeMeetAgain","player_choice":"Paid Gold","floor":5.0,"gold_loss":51.0,"damage_taken":0.0,"relics_obtained":["FossilizedHelix"]},{"damage_healed":0.0,"max_hp_gain":0.0,"max_hp_loss":0.0,"gold_gain":0.0,"event_name":"The Library","player_choice":"Read","floor":19.0,"gold_loss":0.0,"damage_taken":0.0,"cards_obtained":["Inflame"]},{"damage_healed":0.0,"max_hp_gain":0.0,"max_hp_loss":0.0,"gold_gain":0.0,"event_name":"Drug Dealer","player_choice":"Inject Mutagens","floor":20.0,"gold_loss":0.0,"damage_taken":0.0,"relics_obtained":["MutagenicStrength"]},{"damage_healed":0.0,"max_hp_gain":0.0,"max_hp_loss":0.0,"gold_gain":50.0,"event_name":"Nest","player_choice":"Stole From Cult","floor":21.0,"gold_loss":0.0,"damage_taken":0.0},{"cards_removed":["Strike_R"],"damage_healed":0.0,"max_hp_gain":0.0,"max_hp_loss":0.0,"gold_gain":0.0,"event_name":"Beggar","player_choice":"Gave Gold","floor":22.0,"gold_loss":75.0,"damage_taken":0.0},{"cards_removed":["Defend_R"],"damage_healed":0.0,"max_hp_gain":0.0,"max_hp_loss":0.0,"gold_gain":0.0,"event_name":"Purifier","player_choice":"Purged","floor":37.0,"gold_loss":0.0,"damage_taken":0.0},{"damage_healed":0,"gold_gain":0,"player_choice":"Memory 1","damage_taken":0,"max_hp_gain":0,"max_hp_loss":0,"event_name":"SensoryStone","floor":45,"gold_loss":0},{"damage_healed":0,"gold_gain":0,"player_choice":"Bought 3 Potions","damage_taken":0,"max_hp_gain":0,"max_hp_loss":0,"event_name":"The Woman in Blue","floor":48,"gold_loss":0}],"is_beta":false,"boss_relics":[{"not_picked":["Tiny House","Runic Cube"],"picked":"Busted Crown"},{"not_picked":["Cursed Key","Snecko Eye"],"picked":"Lizard Tail"}],"items_purged_floors":[30,38],"is_endless":false,"potions_floor_spawned":[1,11,16,25,33,35,46],"ascension_level":19}