{"gold_per_floor":[18,38,108,118,118,118,145,145,145,204,204,220,220,233,233,334,334,344,344,362,379,10,10,41,41],"floor_reached":25,"playtime":2478,"items_purged":["Strike_R"],"score":289,"play_id":"5ff3b191-ab82-4897-bc3b-101477b0389c","local_time":"20190801183420","is_ascension_mode":true,"campfire_choices":[{"data":"Uppercut","floor":6,"key":"SMITH"},{"data":"Seeing Red","floor":8,"key":"SMITH"},{"data":"True Grit","floor":11,"key":"SMITH"},{"data":"Sentinel","floor":13,"key":"SMITH"},{"data":"Sword Boomerang","floor":15,"key":"SMITH"},{"data":"Combust","floor":23,"key":"SMITH"}],"neow_cost":"NO_GOLD","seed_source_timestamp":1463553196318100,"circlet_count":0,"master_deck":["Strike_R","Strike_R","Defend_R","Defend_R","Defend_R","Defend_R","Bash","Uppercut+1","Seeing Red+1","True Grit+1","Blood for Blood","Sentinel+1","Sword Boomerang+1","Battle Trance","Juggernaut","Iron Wave","Combust+1","Wild Strike","Armaments","Inflame"],"relics":["Burning Blood","Matryoshka","Boot","Ornamental Fan","Tiny Chest","Sozu","Nloth\u0027s Gift","Paper Frog","Question Card"],"potions_floor_usage":[16,24],"damage_taken":[{"damage":2,"enemies":"Jaw Worm","floor":1,"turns":3},{"damage":0,"enemies":"Small Slimes","floor":2,"turns":3},{"damage":4,"enemies":"Cultist","floor":4,"turns":5},{"damage":26,"enemies":"Gremlin Nob","floor":7,"turns":5},{"damage":32,"enemies":"3 Sentries","floor":10,"turns":8},{"damage":17,"enemies":"Large Slime","floor":12,"turns":6},{"damage":2,"enemies":"Exordium Thugs","floor":14,"turns":4},{"damage":18,"enemies":"Hexaghost","floor":16,"turns":13},{"damage":12,"enemies":"Spheric Guardian","floor":18,"turns":4},{"damage":8,"enemies":"Shell Parasite","floor":20,"turns":5},{"damage":17,"enemies":"Snake Plant","floor":21,"turns":3},{"damage":52,"enemies":"Book of Stabbing","floor":24,"turns":5},{"damage":21,"enemies":"Masked Bandits","floor":25,"turns":3}],"seed_played":"-9184241989452070461","potions_obtained":[{"floor":1,"key":"SpeedPotion"},{"floor":10,"key":"BloodPotion"}],"is_trial":false,"path_per_floor":["M","M","?","M","?","R","E","R","T","E","R","M","R","M","R","B",null,"M","?","M","M","$","R","E","?"],"character_chosen":"IRONCLAD","items_purchased":["Paper Frog","Armaments"],"campfire_rested":0,"item_purchase_floors":[22,22],"current_hp_per_floor":[80,80,80,80,80,80,60,60,60,34,34,23,23,27,27,15,64,58,58,56,45,45,45,19,0],"gold":41,"neow_bonus":"TRANSFORM_TWO_CARDS","is_prod":false,"is_daily":false,"chose_seed":false,"campfire_upgraded":6,"win_rate":0,"timestamp":1564698860,"path_taken":["M","M","?","M","?","R","E","R","T","E","R","?","R","M","R","BOSS","M","?","M","M","?","R","E","?"],"build_version":"2019-07-17","purchased_purges":1,"victory":false,"max_hp_per_floor":[80,80,80,80,80,80,80,80,80,80,80,80,80,80,80,80,80,80,80,80,80,80,80,80,80],"card_choices":[{"not_picked":["Havoc","Armaments"],"picked":"Fire Breathing","floor":1},{"not_picked":["Armaments","Warcry"],"picked":"True Grit","floor":2},{"not_picked":["Anger","Twin Strike","Evolve"],"picked":"SKIP","floor":4},{"not_picked":["Searing Blow","Anger"],"picked":"Blood for Blood","floor":7},{"not_picked":["Heavy Blade","Reckless Charge"],"picked":"Sentinel","floor":10},{"not_picked":["Shockwave","Searing Blow"],"picked":"Sword Boomerang","floor":12},{"not_picked":["Iron Wave","Blood for Blood"],"picked":"Battle Trance","floor":14},{"not_picked":["Fiend Fire","Berserk"],"picked":"Juggernaut","floor":16},{"not_picked":["Clash","Searing Blow"],"picked":"Iron Wave","floor":18},{"not_picked":["Corruption","Infernal Blade"],"picked":"Combust","floor":20},{"not_picked":["Twin Strike","Juggernaut"],"picked":"Wild Strike","floor":21},{"not_picked":["Cleave+1","Clothesline+1"],"picked":"Inflame","floor":24}],"player_experience":511100,"relics_obtained":[{"floor":7,"key":"Art of War"},{"floor":9,"key":"Boot"},{"floor":9,"key":"Ornamental Fan"},{"floor":10,"key":"Tiny Chest"},{"floor":24,"key":"Question Card"}],"event_choices":[{"damage_healed":0,"gold_gain":70,"player_choice":"Gained Gold","damage_taken":0,"max_hp_gain":0,"max_hp_loss":0,"event_name":"Golden Wing","floor":3,"gold_loss":0},{"cards_removed":["Fire Breathing"],"damage_healed":0,"gold_gain":0,"player_choice":"Gave Card","damage_taken":0,"relics_obtained":["Matryoshka"],"max_hp_gain":0,"max_hp_loss":0,"event_name":"WeMeetAgain","floor":5,"gold_loss":0},{"damage_healed":0,"gold_gain":0,"player_choice":"Traded Relic","damage_taken":0,"relics_obtained":["Nloth\u0027s Gift"],"max_hp_gain":0,"max_hp_loss":0,"event_name":"N\u0027loth","floor":19,"relics_lost":["Art of War"],"gold_loss":0},{"damage_healed":0,"gold_gain":0,"player_choice":"Fought Bandits","damage_taken":0,"max_hp_gain":0,"max_hp_loss":0,"event_name":"Masked Bandits","floor":25,"gold_loss":0}],"is_beta":false,"boss_relics":[{"not_picked":["Orrery","Tiny House"],"picked":"Sozu"}],"items_purged_floors":[22],"is_endless":false,"potions_floor_spawned":[1,10,20,24],"killed_by":"Masked Bandits","ascension_level":5}