{"gold_per_floor":[119,133,208,208,221,247,247,276,276,276,307,307,307,359,359,359],"floor_reached":16,"playtime":589,"items_purged":[],"score":122,"play_id":"d136351e-5bca-4867-8172-d9027a1ead09","local_time":"20180818170900","is_ascension_mode":true,"campfire_choices":[{"floor":7,"key":"REST"},{"data":"Dualcast","floor":10,"key":"SMITH"},{"floor":12,"key":"REST"},{"data":"Multi-Cast","floor":15,"key":"SMITH"}],"neow_cost":"PERCENT_DAMAGE","seed_source_timestamp":24324000407336,"circlet_count":0,"master_deck":["Strike_B","Strike_B","Strike_B","Defend_B","Defend_B","Defend_B","Zap","Dualcast+1","Doom and Gloom","Seek","BootSequence","Storm+1","Double Energy","Rebound","Hologram","Multi-Cast+1"],"relics":["Cracked Core","Letter Opener","Pear","Mercury Hourglass","Oddly Smooth Stone","Darkstone Periapt"],"potions_floor_usage":[11],"damage_taken":[{"damage":1,"enemies":"Cultist","floor":1,"turns":3},{"damage":2,"enemies":"Jaw Worm","floor":2,"turns":3},{"damage":3,"enemies":"2 Louse","floor":5,"turns":2},{"damage":13,"enemies":"Gremlin Nob","floor":6,"turns":4},{"damage":22,"enemies":"3 Sentries","floor":8,"turns":4},{"damage":15,"enemies":"Gremlin Nob","floor":11,"turns":3},{"damage":40,"enemies":"Hexaghost","floor":16,"turns":9}],"seed_played":"7526652575773325253","potions_obtained":[{"floor":6,"key":"Energy Potion"},{"floor":11,"key":"Ancient Potion"}],"is_trial":false,"path_per_floor":["M","M","?","?","M","E","R","E","T","R","E","R","?","?","R"],"character_chosen":"DEFECT","items_purchased":[],"campfire_rested":2,"item_purchase_floors":[],"current_hp_per_floor":[53,51,40,40,37,24,46,34,34,34,19,44,37,37,37,0],"gold":359,"neow_bonus":"TRANSFORM_TWO_CARDS","is_prod":false,"is_daily":false,"chose_seed":false,"campfire_upgraded":2,"win_rate":0,"timestamp":1534608540,"path_taken":["M","?","?","?","M","E","R","E","T","R","E","R","?","?","R","BOSS"],"build_version":"2018-08-16","purchased_purges":0,"victory":false,"max_hp_per_floor":[75,75,75,75,75,75,75,85,85,85,85,85,85,85,85,85],"card_choices":[{"not_picked":["Steam","Compile Driver"],"picked":"BootSequence","floor":1},{"not_picked":["Hologram","Double Energy"],"picked":"Storm","floor":2},{"not_picked":["Compile Driver","Steam"],"picked":"Double Energy","floor":5},{"not_picked":["Barrage","Auto Shields"],"picked":"Rebound","floor":6},{"not_picked":["Go for the Eyes","Turbo"],"picked":"Hologram","floor":8},{"not_picked":["Steam","Scrape"],"picked":"Multi-Cast","floor":11}],"player_experience":113239,"relics_obtained":[{"floor":6,"key":"Letter Opener"},{"floor":8,"key":"Pear"},{"floor":9,"key":"Mercury Hourglass"},{"floor":11,"key":"Oddly Smooth Stone"}],"event_choices":[{"event_name":"World of Goop","player_choice":"Gather Gold","floor":3,"damage_taken":0},{"event_name":"Living Wall","player_choice":"Grow","floor":4,"damage_taken":0},{"event_name":"Scrap Ooze","player_choice":"success","floor":13,"damage_taken":7},{"event_name":"Golden Wing","player_choice":"Gained Gold","floor":14,"damage_taken":0}],"is_beta":false,"boss_relics":[],"items_purged_floors":[],"is_endless":false,"potions_floor_spawned":[6,11],"killed_by":"Hexaghost","ascension_level":1}