{"gold_per_floor":[116,116,116,130,150,150,177,201,201,212,212],"floor_reached":11,"playtime":442,"items_purged":[],"score":117,"play_id":"09a07bd6-0e01-4107-9ed9-1fc00fb4dbb6","local_time":"20190716230249","is_ascension_mode":true,"campfire_choices":[{"data":"Neutralize","floor":6.0,"key":"SMITH"}],"neow_cost":"NONE","seed_source_timestamp":10933292200933,"circlet_count":0,"master_deck":["AscendersBane","Strike_G","Strike_G","Strike_G","Strike_G","Strike_G","Defend_G","Defend_G","Defend_G","Defend_G","Defend_G","Survivor","Neutralize+1","Leg Sweep+1","Deflect+1","Tactician+1","Cloak And Dagger+1","Tactician+1"],"special_seed":0,"relics":["Ring of the Snake","NeowsBlessing","Toxic Egg 2","Art of War","Odd Mushroom","The Courier"],"potions_floor_usage":[11,11],"damage_taken":[{"damage":0.0,"enemies":"Small Slimes","floor":1.0,"turns":1.0},{"damage":0.0,"enemies":"Jaw Worm","floor":4.0,"turns":1.0},{"damage":0.0,"enemies":"Cultist","floor":5.0,"turns":1.0},{"damage":17.0,"enemies":"3 Sentries","floor":7.0,"turns":16.0},{"damage":33.0,"enemies":"The Mushroom Lair","floor":8.0,"turns":10.0},{"damage":0.0,"enemies":"2 Fungi Beasts","floor":10.0,"turns":6.0},{"damage":17,"enemies":"Gremlin Nob","floor":11,"turns":4}],"seed_played":"-4061747892521314864","potions_obtained":[{"floor":8.0,"key":"Ancient Potion"},{"floor":10.0,"key":"FearPotion"}],"is_trial":false,"path_per_floor":["M","?","T","M","M","R","E","?","T","M","E"],"character_chosen":"THE_SILENT","items_purchased":[],"campfire_rested":0,"item_purchase_floors":[],"current_hp_per_floor":[63,51,51,51,51,51,34,1,1,1,0],"gold":212,"neow_bonus":"THREE_ENEMY_KILL","is_prod":false,"is_daily":false,"chose_seed":false,"campfire_upgraded":1,"win_rate":0,"timestamp":1563343369,"path_taken":["M","?","?","M","?","R","E","?","T","M","E"],"build_version":"2019-07-05","purchased_purges":0,"victory":false,"max_hp_per_floor":[70,70,70,70,70,70,70,70,70,70,70],"card_choices":[{"not_picked":["Quick Slash","Bane","PiercingWail"],"picked":"SKIP","floor":1.0},{"not_picked":["Eviscerate","PiercingWail+1"],"picked":"Leg Sweep+1","floor":4.0},{"not_picked":["Backstab","Underhanded Strike"],"picked":"Deflect+1","floor":5.0},{"not_picked":["Calculated Gamble+1","Bane"],"picked":"Tactician+1","floor":7.0},{"not_picked":["Tactician+1","Dodge and Roll+1"],"picked":"Cloak And Dagger+1","floor":8.0},{"not_picked":["Expertise+1","Riddle With Holes"],"picked":"Tactician+1","floor":10.0}],"player_experience":608335,"relics_obtained":[{"floor":7.0,"key":"Art of War"},{"floor":8.0,"key":"Odd Mushroom"},{"floor":9.0,"key":"The Courier"}],"event_choices":[{"damage_healed":0.0,"max_hp_gain":0.0,"max_hp_loss":0.0,"gold_gain":0.0,"event_name":"Scrap Ooze","player_choice":"Success","floor":2.0,"gold_loss":0.0,"damage_taken":12.0,"relics_obtained":["Toxic Egg 2"]},{"damage_healed":0.0,"max_hp_gain":0.0,"max_hp_loss":0.0,"gold_gain":0.0,"event_name":"Mushrooms","player_choice":"Fought Mushrooms","floor":8.0,"gold_loss":0.0,"damage_taken":0.0}],"is_beta":false,"boss_relics":[],"items_purged_floors":[],"is_endless":false,"potions_floor_spawned":[8,10],"killed_by":"Gremlin Nob","ascension_level":12}