{"gold_per_floor":[99,99,99,99,99,99,99,99,99,99,99,99,99,63,63,63,63,63,3,3,3,3,3,3,3,3,3,3,3,3,3,3,3,3,3,3,3,3,3,3,3,3,3,3,3,3,0,0,0,0,0,0,0,0,0],"floor_reached":55,"playtime":2413,"items_purged":[],"score":910,"play_id":"21328253-7021-4f84-96c6-ef47c1ac8772","local_time":"20190722211356","is_ascension_mode":true,"campfire_choices":[{"data":"Bash","floor":6.0,"key":"SMITH"},{"data":"Inflame","floor":15.0,"key":"SMITH"},{"data":"Limit Break","floor":24,"key":"SMITH"},{"data":"Metallicize","floor":28,"key":"SMITH"},{"data":"Sword Boomerang","floor":30,"key":"SMITH"},{"data":"Shrug It Off","floor":32,"key":"SMITH"},{"floor":44,"key":"RECALL"},{"data":"Dual Wield","floor":49,"key":"SMITH"},{"data":"Offering","floor":52,"key":"SMITH"}],"neow_cost":"NONE","seed_source_timestamp":24569900353334,"circlet_count":0,"master_deck":["Strike_R","Strike_R+1","Strike_R+1","Strike_R","Defend_R","Defend_R+1","Defend_R+1","Defend_R","Bash+1","Cleave","Metallicize+1","Shrug It Off+1","Pommel Strike+1","Metallicize+1","Inflame+1","Limit Break+1","Shockwave+1","Shrug It Off+1","Sword Boomerang+1","Feed+1","Sword Boomerang+1","Finesse","Flame Barrier+1","Offering+1","Dual Wield+1","Flame Barrier"],"special_seed":0,"relics":["Ectoplasm","Whetstone","Juzu Bracelet","Orichalcum","Pen Nib","Eternal Feather","War Paint","FossilizedHelix","Singing Bowl","Bag of Preparation","Unceasing Top","Lantern","Lizard Tail","Nunchaku","Smiling Mask","Incense Burner","Red Mask","Charon\u0027s Ashes","Bag of Marbles"],"potions_floor_usage":[55,55,55],"damage_taken":[{"damage":1.0,"enemies":"Cultist","floor":1.0,"turns":3.0},{"damage":0.0,"enemies":"Small Slimes","floor":4.0,"turns":3.0},{"damage":0.0,"enemies":"2 Louse","floor":5.0,"turns":3.0},{"damage":22.0,"enemies":"Lagavulin","floor":7.0,"turns":7.0},{"damage":19.0,"enemies":"Gremlin Nob","floor":10.0,"turns":4.0},{"damage":0.0,"enemies":"3 Sentries","floor":13.0,"turns":6.0},{"damage":10.0,"enemies":"Slime Boss","floor":16.0,"turns":6.0},{"damage":2,"enemies":"Shell Parasite","floor":18,"turns":5},{"damage":7,"enemies":"2 Thieves","floor":19,"turns":4},{"damage":7,"enemies":"Centurion and Healer","floor":21,"turns":4},{"damage":0,"enemies":"Shelled Parasite and Fungi","floor":22,"turns":5},{"damage":22,"enemies":"Slavers","floor":23,"turns":5},{"damage":10,"enemies":"Gremlin Leader","floor":25,"turns":6},{"damage":18,"enemies":"Slavers","floor":27,"turns":6},{"damage":1,"enemies":"Book of Stabbing","floor":29,"turns":4},{"damage":0,"enemies":"Chosen and Byrds","floor":31,"turns":4},{"damage":44,"enemies":"Automaton","floor":33,"turns":9},{"damage":1,"enemies":"Orb Walker","floor":35,"turns":3},{"damage":0,"enemies":"Mind Bloom Boss Battle","floor":38,"turns":7},{"damage":4,"enemies":"Reptomancer","floor":40,"turns":7},{"damage":0,"enemies":"3 Darklings","floor":41,"turns":10},{"damage":0,"enemies":"Nemesis","floor":42,"turns":7},{"damage":1,"enemies":"Maw","floor":45,"turns":7},{"damage":6,"enemies":"Writhing Mass","floor":46,"turns":11},{"damage":12,"enemies":"2 Orb Walkers","floor":48,"turns":5},{"damage":25,"enemies":"Awakened One","floor":50,"turns":11},{"damage":73,"enemies":"Shield and Spear","floor":54,"turns":10},{"damage":141,"enemies":"The Heart","floor":55,"turns":11}],"seed_played":"-8649611916940838535","potions_obtained":[{"floor":1.0,"key":"Fire Potion"},{"floor":5.0,"key":"LiquidBronze"},{"floor":16.0,"key":"Regen Potion"},{"floor":23,"key":"EssenceOfSteel"},{"floor":41,"key":"Dexterity Potion"}],"is_trial":false,"path_per_floor":["M","$","?","M","M","R","E","?","T","E","?","?","E","$","R","B",null,"M","M","?","M","M","E","R","E","T","E","R","E","R","M","R","B",null,"M","?","?","?","$","E","M","E","T","R","M","M","?","?","R","B",null,"R","$","E","B"],"character_chosen":"IRONCLAD","items_purchased":["Inflame"],"campfire_rested":0,"item_purchase_floors":[14],"current_hp_per_floor":[79,79,79,79,79,79,57,57,57,38,38,22,22,22,22,12,80,78,71,71,64,64,42,51,43,43,27,36,37,46,48,57,13,88,87,81,81,87,87,87,93,99,99,111,110,108,108,102,117,92,124,124,124,55,0],"gold":0,"neow_bonus":"BOSS_RELIC","is_prod":false,"is_daily":false,"chose_seed":false,"campfire_upgraded":8,"win_rate":0,"timestamp":1563819236,"path_taken":["M","?","?","M","?","R","E","?","T","E","?","?","E","?","R","BOSS","M","M","?","M","M","E","R","E","T","E","R","E","R","M","R","BOSS","M","?","?","?","$","E","M","E","T","R","M","M","?","?","R","BOSS","R","$","E","BOSS"],"build_version":"2019-07-17","purchased_purges":0,"victory":false,"max_hp_per_floor":[80,80,80,80,80,80,80,80,80,80,80,80,80,80,80,80,80,80,80,80,80,80,80,80,82,82,84,84,86,86,88,88,88,88,88,92,92,98,98,102,108,114,114,114,114,118,118,124,124,124,124,124,124,128,128],"card_choices":[{"not_picked":["Combust","Burning Pact"],"picked":"Cleave","floor":1.0},{"not_picked":["Sword Boomerang","Disarm"],"picked":"Metallicize","floor":4.0},{"not_picked":["Thunderclap","Fire Breathing"],"picked":"Shrug It Off","floor":5.0},{"not_picked":["Body Slam","Sword Boomerang","Anger"],"picked":"SKIP","floor":7.0},{"not_picked":["Iron Wave","Thunderclap"],"picked":"Pommel Strike","floor":10.0},{"not_picked":["Sword Boomerang","True Grit"],"picked":"Metallicize","floor":13.0},{"not_picked":["Impervious","Barricade"],"picked":"Limit Break","floor":16.0},{"not_picked":["Infernal Blade","Intimidate"],"picked":"Shockwave+1","floor":18},{"not_picked":["Flex","Cleave","Clash"],"picked":"SKIP","floor":19},{"not_picked":["Pommel Strike","Cleave"],"picked":"Shrug It Off+1","floor":21},{"not_picked":["Fire Breathing","Seeing Red"],"picked":"Sword Boomerang","floor":22},{"not_picked":["Anger","Carnage","Intimidate"],"picked":"SKIP","floor":23},{"not_picked":["Berserk","Wild Strike","Perfected Strike"],"picked":"Singing Bowl","floor":25},{"not_picked":["Ghostly Armor","Twin Strike","Dark Embrace"],"picked":"Singing Bowl","floor":27},{"not_picked":["Twin Strike","Wild Strike","Corruption"],"picked":"Singing Bowl","floor":29},{"not_picked":["Heavy Blade","Perfected Strike","Clothesline+1"],"picked":"Singing Bowl","floor":31},{"not_picked":["Brutality","Offering"],"picked":"Feed","floor":33},{"not_picked":["Flex+1","Wild Strike+1"],"picked":"Sword Boomerang+1","floor":35},{"not_picked":["Secret Weapon","The Bomb","Metamorphosis"],"picked":"Singing Bowl","floor":36},{"not_picked":["Blind","PanicButton","Deep Breath"],"picked":"Singing Bowl","floor":36},{"not_picked":["Sadistic Nature","Madness"],"picked":"Finesse","floor":36},{"not_picked":["Reckless Charge+1","Corruption","Body Slam+1"],"picked":"Singing Bowl","floor":38},{"not_picked":["Exhume","Heavy Blade"],"picked":"Flame Barrier+1","floor":40},{"not_picked":["Seeing Red+1","Evolve+1","Twin Strike+1"],"picked":"Singing Bowl","floor":41},{"not_picked":["Feel No Pain","Warcry","Twin Strike"],"picked":"Singing Bowl","floor":42},{"not_picked":["Clothesline","Power Through+1"],"picked":"Offering","floor":45},{"not_picked":["Armaments+1","Combust"],"picked":"Dual Wield","floor":46},{"not_picked":["Anger+1","Twin Strike+1","Intimidate+1"],"picked":"Singing Bowl","floor":48},{"not_picked":["Body Slam","Blood for Blood"],"picked":"Flame Barrier","floor":54}],"player_experience":1078936,"relics_obtained":[{"floor":7.0,"key":"Whetstone"},{"floor":9.0,"key":"Juzu Bracelet"},{"floor":10.0,"key":"Orichalcum"},{"floor":13.0,"key":"Pen Nib"},{"floor":23,"key":"FossilizedHelix"},{"floor":25,"key":"Singing Bowl"},{"floor":26,"key":"Bag of Preparation"},{"floor":27,"key":"Unceasing Top"},{"floor":29,"key":"Lantern"},{"floor":38,"key":"Nunchaku"},{"floor":40,"key":"Smiling Mask"},{"floor":42,"key":"Incense Burner"},{"floor":48,"key":"Charon\u0027s Ashes"},{"floor":54,"key":"Bag of Marbles"}],"event_choices":[{"cards_removed":["Strike_R"],"damage_healed":0.0,"max_hp_gain":0.0,"max_hp_loss":0.0,"gold_gain":0.0,"event_name":"Purifier","player_choice":"Purged","floor":3.0,"gold_loss":0.0,"damage_taken":0.0},{"damage_healed":0.0,"max_hp_gain":0.0,"max_hp_loss":0.0,"gold_gain":0.0,"event_name":"The Woman in Blue","player_choice":"Bought 0 Potions","floor":8.0,"gold_loss":0.0,"damage_taken":0.0},{"damage_healed":0.0,"max_hp_gain":0.0,"max_hp_loss":0.0,"gold_gain":0.0,"event_name":"Liars Game","player_choice":"Ignored","floor":11.0,"gold_loss":0.0,"damage_taken":0.0},{"damage_healed":0.0,"max_hp_gain":0.0,"max_hp_loss":0.0,"gold_gain":0.0,"event_name":"Shining Light","player_choice":"Entered Light","floor":12.0,"gold_loss":0.0,"damage_taken":16.0,"cards_upgraded":["Pommel Strike","Metallicize"]},{"damage_healed":0,"gold_gain":0,"player_choice":"Opened","damage_taken":0,"relics_obtained":["War Paint"],"max_hp_gain":0,"max_hp_loss":0,"event_name":"The Mausoleum","floor":20,"gold_loss":0},{"damage_healed":0,"gold_gain":0,"player_choice":"Memory 3","damage_taken":10,"max_hp_gain":0,"max_hp_loss":0,"event_name":"SensoryStone","floor":36,"gold_loss":0},{"damage_healed":0,"gold_gain":0,"player_choice":"Upgraded","damage_taken":0,"max_hp_gain":0,"max_hp_loss":0,"event_name":"Upgrade Shrine","floor":37,"gold_loss":0,"cards_upgraded":["Feed"]},{"damage_healed":0,"gold_gain":0,"player_choice":"Fight","damage_taken":0,"max_hp_gain":0,"max_hp_loss":0,"event_name":"MindBloom","floor":38,"gold_loss":0},{"damage_healed":0,"gold_gain":0,"player_choice":"Paid","damage_taken":0,"relics_obtained":["Red Mask"],"max_hp_gain":0,"max_hp_loss":0,"event_name":"Tomb of Lord Red Mask","floor":47,"gold_loss":3},{"damage_healed":0,"gold_gain":0,"player_choice":"Fight","damage_taken":0,"max_hp_gain":0,"max_hp_loss":0,"event_name":"Mysterious Sphere","floor":48,"gold_loss":0}],"is_beta":false,"boss_relics":[{"not_picked":["Pandora\u0027s Box","Tiny House"],"picked":"Eternal Feather"},{"not_picked":["Coffee Dripper","Fusion Hammer"],"picked":"Lizard Tail"}],"items_purged_floors":[],"is_endless":false,"potions_floor_spawned":[1,5,16,23,25,31,38,40,41,46],"killed_by":"The Heart","ascension_level":1}