{"gold_per_floor":[113,133,63,63,75,87,134,164,249,292,304,121,156,174,174,249,249,261,272,95,95,106,135,153,153,153,53,53,68,127,127,127,199,199,209,209,224,238,238],"floor_reached":39,"playtime":5267,"items_purged":["Strike_G","Defend_G","Strike_G"],"score":812,"play_id":"4fa4d87f-6bfa-4449-8563-e84acc5be34e","local_time":"20190413141407","is_ascension_mode":true,"campfire_choices":[{"data":"Envenom","floor":6.0,"key":"SMITH"},{"data":"Well Laid Plans","floor":11.0,"key":"SMITH"},{"data":"Deadly Poison","floor":15.0,"key":"SMITH"},{"data":"Cloak And Dagger","floor":25.0,"key":"SMITH"},{"data":"Crippling Poison","floor":28.0,"key":"SMITH"},{"floor":32.0,"key":"REST"}],"neow_cost":"NONE","seed_source_timestamp":2614683596899,"circlet_count":0,"master_deck":["AscendersBane","Defend_G","Defend_G","Defend_G","Defend_G","Strike_G","Strike_G","Survivor","Neutralize+1","Envenom+1","Sucker Punch","Poisoned Stab","Well Laid Plans+1","PiercingWail","Blur","Deflect","Leg Sweep","Bane","Cloak And Dagger+1","Deadly Poison+1","Corpse Explosion","Infinite Blades+1","PiercingWail+1","Accuracy","Caltrops","Crippling Poison+1","Dash","Cloak And Dagger+1","Writhe","Decay"],"special_seed":0,"relics":["Ring of the Snake","MawBank","The Courier","Meat on the Bone","Orichalcum","Question Card","Philosopher\u0027s Stone","Bag of Preparation","Gambling Chip","Tiny Chest","Frozen Egg 2","WristBlade"],"potions_floor_usage":[33,33,39],"damage_taken":[{"damage":2.0,"enemies":"Small Slimes","floor":1.0,"turns":9.0},{"damage":0.0,"enemies":"2 Louse","floor":2.0,"turns":2.0},{"damage":28.0,"enemies":"Gremlin Nob","floor":7.0,"turns":5.0},{"damage":0.0,"enemies":"Cultist","floor":8.0,"turns":3.0},{"damage":13.0,"enemies":"Lagavulin","floor":10.0,"turns":8.0},{"damage":16.0,"enemies":"Gremlin Nob","floor":13.0,"turns":5.0},{"damage":11.0,"enemies":"Exordium Thugs","floor":14.0,"turns":6.0},{"damage":1.0,"enemies":"Hexaghost","floor":16.0,"turns":12.0},{"damage":9.0,"enemies":"Chosen","floor":18.0,"turns":6.0},{"damage":7.0,"enemies":"Shell Parasite","floor":19.0,"turns":7.0},{"damage":17.0,"enemies":"Snake Plant","floor":22.0,"turns":5.0},{"damage":19.0,"enemies":"Gremlin Leader","floor":23.0,"turns":8.0},{"damage":17.0,"enemies":"Centurion and Healer","floor":24.0,"turns":6.0},{"damage":1.0,"enemies":"Shelled Parasite and Fungi","floor":29.0,"turns":4.0},{"damage":38.0,"enemies":"Slavers","floor":30.0,"turns":4.0},{"damage":36,"enemies":"Champ","floor":33,"turns":11},{"damage":5,"enemies":"3 Darklings","floor":35,"turns":4},{"damage":0,"enemies":"3 Shapes","floor":37,"turns":3},{"damage":32,"enemies":"Maw","floor":38,"turns":7},{"damage":32,"enemies":"Writhing Mass","floor":39,"turns":10}],"seed_played":"-4803033933457729017","potions_obtained":[{"floor":2.0,"key":"Regen Potion"},{"floor":7.0,"key":"FearPotion"},{"floor":13.0,"key":"Swift Potion"},{"floor":14.0,"key":"Fire Potion"},{"floor":21.0,"key":"Fruit Juice"},{"floor":21.0,"key":"SneckoOil"},{"floor":22.0,"key":"PowerPotion"},{"floor":33,"key":"Block Potion"},{"floor":37,"key":"LiquidBronze"}],"is_trial":false,"path_per_floor":["M","M","$","?","?","R","E","M","T","E","R","$","E","M","R","B",null,"M","M","$","?","M","E","M","R","T","$","R","M","E","?","R","B",null,"M","?","M","M","M"],"character_chosen":"THE_SILENT","items_purchased":["Well Laid Plans","Leg Sweep","Bane","Cloak And Dagger","Accuracy","Caltrops"],"campfire_rested":1,"item_purchase_floors":[3,12,12,12,20,20],"current_hp_per_floor":[57,57,57,46,46,46,32,32,32,31,31,31,27,28,28,39,59,50,43,43,48,43,36,31,31,31,31,31,42,16,16,37,13,57,52,52,52,32,0],"gold":238,"neow_bonus":"TRANSFORM_CARD","is_prod":false,"is_daily":false,"chose_seed":false,"campfire_upgraded":5,"win_rate":0,"timestamp":1555154047,"path_taken":["M","M","$","?","?","R","E","M","T","E","R","$","E","?","R","BOSS","M","M","$","?","?","E","M","R","T","$","R","M","E","?","R","BOSS","M","?","?","M","?"],"build_version":"2019-01-23","purchased_purges":3,"victory":false,"max_hp_per_floor":[66,66,66,66,66,66,66,66,66,66,66,66,66,66,66,66,66,66,66,66,71,71,71,71,71,71,71,71,71,71,71,71,71,71,71,71,71,71,71],"card_choices":[{"not_picked":["Dodge and Roll","Acrobatics"],"picked":"Sucker Punch","floor":1.0},{"not_picked":["Bouncing Flask","Blade Dance"],"picked":"Poisoned Stab","floor":2.0},{"not_picked":["Outmaneuver","Caltrops"],"picked":"PiercingWail","floor":7.0},{"not_picked":["Dagger Spray","Endless Agony"],"picked":"Blur","floor":8.0},{"not_picked":["Prepared","Tactician"],"picked":"Deflect","floor":10.0},{"not_picked":["Dagger Throw","Infinite Blades","Accuracy"],"picked":"SKIP","floor":13.0},{"not_picked":["Heel Hook","Dagger Throw","Acrobatics"],"picked":"Deadly Poison","floor":14.0},{"not_picked":["Phantasmal Killer","Bullet Time","Envenom"],"picked":"Corpse Explosion","floor":16.0},{"not_picked":["Choke","Underhanded Strike+1","Dagger Spray"],"picked":"Infinite Blades+1","floor":18.0},{"not_picked":["Setup","Slice","Blade Dance+1"],"picked":"PiercingWail+1","floor":19.0},{"not_picked":["Calculated Gamble","Underhanded Strike","Deflect","Choke"],"picked":"SKIP","floor":22.0},{"not_picked":["Bullet Time","Sucker Punch","Backflip"],"picked":"Crippling Poison","floor":23.0},{"not_picked":["Dodge and Roll","Acrobatics","Bane+1","Underhanded Strike"],"picked":"SKIP","floor":24.0},{"not_picked":["Prepared+1","Riddle With Holes","Concentrate"],"picked":"Dash","floor":29.0},{"not_picked":["Tactician","Envenom","Blade Dance"],"picked":"Cloak And Dagger+1","floor":30.0},{"not_picked":["Deflect","Acrobatics+1","Outmaneuver","Underhanded Strike+1"],"picked":"SKIP","floor":35},{"not_picked":["Setup","Heel Hook","Blade Dance+1","Sucker Punch"],"picked":"SKIP","floor":37},{"not_picked":["Cloak And Dagger+1","Blade Dance","Outmaneuver","Bane"],"picked":"SKIP","floor":38}],"player_experience":840126,"relics_obtained":[{"floor":7.0,"key":"The Courier"},{"floor":9.0,"key":"Meat on the Bone"},{"floor":10.0,"key":"Orichalcum"},{"floor":13.0,"key":"Question Card"},{"floor":23.0,"key":"Bag of Preparation"},{"floor":26.0,"key":"Gambling Chip"},{"floor":30.0,"key":"Tiny Chest"}],"event_choices":[{"damage_healed":0.0,"max_hp_gain":0.0,"max_hp_loss":0.0,"gold_gain":0.0,"event_name":"Scrap Ooze","player_choice":"Success","floor":4.0,"gold_loss":0.0,"damage_taken":11.0,"relics_obtained":["MawBank"]},{"damage_healed":0.0,"max_hp_gain":0.0,"max_hp_loss":0.0,"gold_gain":0.0,"event_name":"Accursed Blacksmith","player_choice":"Forge","floor":5.0,"gold_loss":0.0,"damage_taken":0.0,"cards_upgraded":["Neutralize"]},{"damage_healed":0.0,"max_hp_gain":0.0,"max_hp_loss":0.0,"gold_gain":0.0,"event_name":"Lab","player_choice":"Got Potions","floor":21.0,"gold_loss":0.0,"damage_taken":0.0},{"damage_healed":0.0,"max_hp_gain":0.0,"max_hp_loss":0.0,"gold_gain":0.0,"event_name":"The Mausoleum","player_choice":"Opened","floor":31.0,"gold_loss":0.0,"damage_taken":0.0,"relics_obtained":["Frozen Egg 2"],"cards_obtained":["Writhe"]},{"damage_healed":0,"gold_gain":0,"player_choice":"Cursed","damage_taken":0,"max_hp_gain":0,"max_hp_loss":0,"event_name":"Wheel of Change","floor":36,"gold_loss":0,"cards_obtained":["Decay"]}],"is_beta":false,"boss_relics":[{"not_picked":["White Beast Statue","Pandora\u0027s Box"],"picked":"Philosopher\u0027s Stone"},{"not_picked":["Lizard Tail","Snecko Eye"],"picked":"WristBlade"}],"items_purged_floors":[12,20,27],"is_endless":false,"potions_floor_spawned":[2,7,13,14,22,29,30,33,37,38],"killed_by":"Writhing Mass","ascension_level":15}