{"gold_per_floor":[115,115,115,131,151,151,426,443,520,33,43,58,58,75,75,147,147,158,73,93,93],"floor_reached":21,"playtime":587,"items_purged":["Regret"],"score":285,"play_id":"3c930d5b-faf8-4cab-b893-0751bdc8494b","local_time":"20181216223925","is_ascension_mode":true,"campfire_choices":[{"data":"Armaments","floor":6,"key":"SMITH"},{"data":"Inflame","floor":13,"key":"SMITH"},{"data":"Juggernaut","floor":15,"key":"SMITH"}],"neow_cost":"CURSE","seed_source_timestamp":40437999384725,"circlet_count":0,"master_deck":["AscendersBane","Strike_R","Strike_R","Strike_R","Strike_R","Strike_R","Defend_R","Defend_R+1","Defend_R","Bash","Regret","Perfected Strike+1","Juggernaut+1","Armaments+1","Twin Strike","Inflame+1","Twin Strike","Pommel Strike","Metallicize","Battle Trance","Ghostly Armor","Feed","True Grit+1"],"special_seed":0,"relics":["Burning Blood","Thread and Needle","Sundial","Pantograph","Philosopher\u0027s Stone","Omamori"],"potions_floor_usage":[20,20],"damage_taken":[{"damage":3,"enemies":"Small Slimes","floor":1,"turns":3},{"damage":3,"enemies":"Jaw Worm","floor":4,"turns":2},{"damage":5,"enemies":"2 Louse","floor":5,"turns":2},{"damage":23,"enemies":"Lots of Slimes","floor":8,"turns":5},{"damage":0,"enemies":"2 Fungi Beasts","floor":11,"turns":3},{"damage":9,"enemies":"Exordium Wildlife","floor":12,"turns":3},{"damage":4,"enemies":"Looter","floor":14,"turns":3},{"damage":27,"enemies":"Slime Boss","floor":16,"turns":7},{"damage":31,"enemies":"Shell Parasite","floor":18,"turns":5},{"damage":59,"enemies":"3 Byrds","floor":20,"turns":7},{"damage":16,"enemies":"Snake Plant","floor":21,"turns":3}],"seed_played":"3711228281999705275","potions_obtained":[{"floor":1,"key":"Regen Potion"},{"floor":5,"key":"SneckoOil"}],"is_trial":false,"path_per_floor":["M","?","?","M","M","R","?","M","T","$","M","M","R","M","R","B",null,"M","?","M","M"],"character_chosen":"IRONCLAD","items_purchased":["Inflame","Twin Strike","Pantograph","Pommel Strike"],"campfire_rested":0,"item_purchase_floors":[10,10,10,10],"current_hp_per_floor":[75,59,59,62,63,63,63,46,46,46,52,49,49,51,51,55,74,52,52,14,0],"gold":93,"neow_bonus":"ONE_RARE_RELIC","is_prod":false,"is_daily":false,"chose_seed":false,"campfire_upgraded":3,"win_rate":0,"timestamp":1544989165,"path_taken":["M","?","?","M","M","R","?","M","T","$","?","M","R","M","R","BOSS","M","?","M","M"],"build_version":"2018-12-13","purchased_purges":1,"victory":false,"max_hp_per_floor":[80,80,80,80,80,80,80,80,80,80,80,80,80,80,80,80,80,83,83,86,86],"card_choices":[{"not_picked":["Corruption","Metallicize"],"picked":"Perfected Strike","floor":1},{"not_picked":["Cleave","Clash"],"picked":"Armaments","floor":4},{"not_picked":["Bloodletting","Warcry","Power Through"],"picked":"SKIP","floor":5},{"not_picked":["Sword Boomerang","Warcry"],"picked":"Twin Strike","floor":8},{"not_picked":["Infernal Blade","Thunderclap"],"picked":"Metallicize","floor":11},{"not_picked":["Hemokinesis","Second Wind"],"picked":"Battle Trance","floor":12},{"not_picked":["Clash","Infernal Blade"],"picked":"Ghostly Armor","floor":14},{"not_picked":["Limit Break","Double Tap"],"picked":"Feed","floor":16},{"not_picked":["Headbutt","Cleave","Havoc"],"picked":"SKIP","floor":18},{"not_picked":["Armaments","Heavy Blade"],"picked":"True Grit+1","floor":20}],"player_experience":589367,"relics_obtained":[{"floor":9,"key":"Sundial"}],"event_choices":[{"damage_healed":0,"gold_gain":0,"player_choice":"Entered Light","damage_taken":16,"max_hp_gain":0,"max_hp_loss":0,"event_name":"Shining Light","floor":2,"gold_loss":0,"cards_upgraded":["Perfected Strike","Defend_R"]},{"damage_healed":0,"gold_gain":0,"cards_transformed":["Defend_R"],"player_choice":"Change","damage_taken":0,"max_hp_gain":0,"max_hp_loss":0,"event_name":"Living Wall","floor":3,"gold_loss":0,"cards_obtained":["Juggernaut"]},{"damage_healed":0,"gold_gain":275,"player_choice":"Desecrate","damage_taken":0,"max_hp_gain":0,"max_hp_loss":0,"event_name":"Golden Shrine","floor":7,"gold_loss":0,"cards_obtained":["Regret"]},{"damage_healed":0,"gold_gain":0,"player_choice":"Obtained Relic","damage_taken":0,"relics_obtained":["Omamori"],"max_hp_gain":0,"max_hp_loss":0,"event_name":"Addict","floor":19,"gold_loss":85}],"is_beta":false,"boss_relics":[{"not_picked":["Coffee Dripper","Tiny House"],"picked":"Philosopher\u0027s Stone"}],"items_purged_floors":[10],"is_endless":false,"potions_floor_spawned":[1,5,12,14,18],"killed_by":"Snake Plant","ascension_level":13}