{"gold_per_floor":[109,109,109,120,195,195,223,223,223,240,253,279,279,24,24,120,120,136,61,78,78,78,78,91,117,173,206,223,223,223,234,234,337,337,353,29,129,129,148,148,158,193,284,296,318,330],"floor_reached":46,"playtime":3765,"items_purged":["Strike_R","Strike_R+1"],"score":596,"play_id":"5fee860e-2e6e-49de-995e-789cbce951d3","local_time":"20190716225420","is_ascension_mode":false,"campfire_choices":[{"data":"Bash","floor":6,"key":"SMITH"},{"data":"Panacea","floor":8,"key":"SMITH"},{"data":"Armaments","floor":15,"key":"SMITH"},{"data":"Flex","floor":23,"key":"SMITH"},{"floor":29,"key":"REST"},{"data":"Bloodletting","floor":32,"key":"SMITH"},{"data":"Metamorphosis","floor":40,"key":"SMITH"},{"data":"Heavy Blade","floor":44,"key":"SMITH"}],"neow_cost":"NONE","seed_source_timestamp":15105346567520,"circlet_count":0,"master_deck":["Strike_R+1","Defend_R+1","Defend_R+1","Defend_R+1","Defend_R+1","Bash+1","Panacea+1","Flex+1","Heavy Blade+1","Iron Wave","Whirlwind","Seeing Red+1","Armaments+1","Berserk","Heavy Blade+1","Clothesline","Feed","Warcry+1","Inflame","Clash","Headbutt","Bloodletting+1","Feed","Battle Trance+1","Spot Weakness","Heavy Blade","Panache","Bandage Up","Metamorphosis+1","Intimidate+1","Pommel Strike+1","Battle Trance"],"relics":["Burning Blood","Bronze Scales","Regal Pillow","Sundial","Red Skull","Runic Cube","Omamori","Tiny Chest","Boot","Eternal Feather","Strawberry","Bird Faced Urn","MawBank","Pear"],"potions_floor_usage":[7,12,16,16,27,42,42,46,46],"damage_taken":[{"damage":6,"enemies":"Jaw Worm","floor":1,"turns":5},{"damage":5,"enemies":"2 Louse","floor":4,"turns":3},{"damage":13,"enemies":"Gremlin Nob","floor":7,"turns":3},{"damage":7,"enemies":"Small Slimes","floor":10,"turns":3},{"damage":6,"enemies":"Exordium Thugs","floor":11,"turns":4},{"damage":31,"enemies":"3 Sentries","floor":12,"turns":5},{"damage":0,"enemies":"Slime Boss","floor":16,"turns":6},{"damage":13,"enemies":"Shell Parasite","floor":18,"turns":5},{"damage":25,"enemies":"2 Thieves","floor":20,"turns":3},{"damage":4,"enemies":"Centurion and Healer","floor":24,"turns":5},{"damage":14,"enemies":"Gremlin Leader","floor":25,"turns":5},{"damage":28,"enemies":"Slavers","floor":27,"turns":2},{"damage":13,"enemies":"3 Cultists","floor":28,"turns":4},{"damage":22,"enemies":"Shelled Parasite and Fungi","floor":31,"turns":5},{"damage":24,"enemies":"Automaton","floor":33,"turns":6},{"damage":24,"enemies":"3 Darklings","floor":35,"turns":3},{"damage":3,"enemies":"Mind Bloom Boss Battle","floor":37,"turns":5},{"damage":10,"enemies":"Orb Walker","floor":39,"turns":2},{"damage":46,"enemies":"4 Shapes","floor":41,"turns":5},{"damage":63,"enemies":"Reptomancer","floor":42,"turns":4},{"damage":53,"enemies":"Sphere and 2 Shapes","floor":45,"turns":3},{"damage":31,"enemies":"Maw","floor":46,"turns":4}],"seed_played":"-6114779259613817768","potions_obtained":[{"floor":1,"key":"AttackPotion"},{"floor":7,"key":"LiquidBronze"},{"floor":11,"key":"SkillPotion"},{"floor":12,"key":"Fire Potion"},{"floor":16,"key":"Weak Potion"},{"floor":24,"key":"Dexterity Potion"},{"floor":25,"key":"Swift Potion"},{"floor":37,"key":"Weak Potion"},{"floor":42,"key":"Swift Potion"},{"floor":45,"key":"AttackPotion"}],"is_trial":false,"path_per_floor":["M","?","?","M","?","R","E","R","T","M","M","E","?","$","R","B",null,"M","?","M","?","?","R","M","E","T","E","M","R","?","M","R","B",null,"M","$","?","?","M","R","M","E","T","R","M","M"],"character_chosen":"IRONCLAD","items_purchased":["Armaments","Red Skull","Spot Weakness","Strawberry"],"campfire_rested":1,"item_purchase_floors":[14,14,36,36],"current_hp_per_floor":[80,73,78,79,68,68,61,61,61,60,60,35,35,35,35,41,85,78,78,59,59,43,43,45,40,40,21,14,57,57,44,44,26,99,81,88,91,81,89,107,79,32,42,60,21,0],"gold":330,"neow_bonus":"RANDOM_COLORLESS","is_prod":false,"is_daily":false,"chose_seed":false,"campfire_upgraded":7,"win_rate":0.0,"timestamp":1563332060,"path_taken":["M","?","?","M","?","R","E","R","T","M","M","E","?","$","R","BOSS","M","?","M","?","?","R","?","E","T","E","M","R","?","?","R","BOSS","M","$","?","?","M","R","M","E","T","R","?","?"],"build_version":"2019-07-05","purchased_purges":2,"victory":false,"max_hp_per_floor":[80,80,85,85,85,85,85,85,85,85,85,85,85,85,85,85,85,85,85,85,85,90,90,90,93,93,96,96,96,96,99,99,99,99,99,106,106,106,110,110,116,116,126,126,126,126],"card_choices":[{"not_picked":["Uppercut","Blood for Blood"],"picked":"Flex","floor":1},{"not_picked":["Corruption","Feel No Pain"],"picked":"Heavy Blade","floor":4},{"not_picked":["Thunderclap","Disarm"],"picked":"Iron Wave","floor":7},{"not_picked":["Seeing Red","Anger"],"picked":"Whirlwind","floor":10},{"not_picked":["Iron Wave","Anger","Flex"],"picked":"SKIP","floor":11},{"not_picked":["Sword Boomerang","Perfected Strike"],"picked":"Seeing Red","floor":12},{"not_picked":["Dark Embrace","Fiend Fire"],"picked":"Berserk","floor":16},{"not_picked":["Iron Wave","Sever Soul+1"],"picked":"Heavy Blade+1","floor":18},{"not_picked":["Iron Wave","True Grit"],"picked":"Clothesline","floor":20},{"not_picked":["Perfected Strike+1","Corruption"],"picked":"Feed","floor":24},{"not_picked":["Carnage","Headbutt"],"picked":"Warcry+1","floor":25},{"not_picked":["Fire Breathing","Blood for Blood"],"picked":"Inflame","floor":27},{"not_picked":["Cleave+1","Reckless Charge"],"picked":"Clash","floor":28},{"not_picked":["Headbutt","Body Slam+1"],"picked":"Bloodletting","floor":31},{"not_picked":["Juggernaut","Bludgeon"],"picked":"Feed","floor":33},{"not_picked":["Burning Pact","Rampage"],"picked":"Battle Trance+1","floor":35},{"not_picked":["Cleave","Hemokinesis+1"],"picked":"Heavy Blade","floor":37},{"not_picked":["Trip","Jack Of All Trades"],"picked":"Panache","floor":38},{"not_picked":["Madness","Sadistic Nature"],"picked":"Bandage Up","floor":38},{"not_picked":["Secret Weapon","Trip"],"picked":"Metamorphosis","floor":38},{"not_picked":["Armaments+1","Twin Strike+1"],"picked":"Intimidate+1","floor":39},{"not_picked":["Flex","Thunderclap"],"picked":"Pommel Strike+1","floor":41},{"not_picked":["Body Slam+1","Corruption+1"],"picked":"Battle Trance","floor":42},{"not_picked":["Infernal Blade","Body Slam+1","Feel No Pain"],"picked":"SKIP","floor":45}],"player_experience":31230,"relics_obtained":[{"floor":7,"key":"Bronze Scales"},{"floor":9,"key":"Regal Pillow"},{"floor":12,"key":"Sundial"},{"floor":25,"key":"Omamori"},{"floor":26,"key":"Tiny Chest"},{"floor":27,"key":"Boot"},{"floor":37,"key":"Bird Faced Urn"},{"floor":42,"key":"MawBank"},{"floor":43,"key":"Pear"}],"event_choices":[{"cards_removed":["Strike_R"],"damage_healed":0,"gold_gain":0,"player_choice":"Card Removal","damage_taken":7,"max_hp_gain":0,"max_hp_loss":0,"event_name":"Golden Wing","floor":2,"gold_loss":0},{"damage_healed":0,"gold_gain":0,"player_choice":"Donut","damage_taken":0,"max_hp_gain":5,"max_hp_loss":0,"event_name":"Big Fish","floor":3,"gold_loss":0},{"damage_healed":0,"gold_gain":75,"player_choice":"Gather Gold","damage_taken":11,"max_hp_gain":0,"max_hp_loss":0,"event_name":"World of Goop","floor":5,"gold_loss":0},{"damage_healed":0,"gold_gain":0,"player_choice":"Grow","damage_taken":0,"max_hp_gain":0,"max_hp_loss":0,"event_name":"Living Wall","floor":13,"gold_loss":0,"cards_upgraded":["Seeing Red"]},{"cards_removed":["Strike_R"],"damage_healed":0,"gold_gain":0,"player_choice":"Gave Gold","damage_taken":0,"max_hp_gain":0,"max_hp_loss":0,"event_name":"Beggar","floor":19,"gold_loss":75},{"damage_healed":0,"gold_gain":0,"player_choice":"Simplicity","damage_taken":0,"max_hp_gain":0,"max_hp_loss":0,"event_name":"Back to Basics","floor":21,"gold_loss":0,"cards_upgraded":["Strike_R","Strike_R","Defend_R","Defend_R","Defend_R","Defend_R"]},{"damage_healed":0,"gold_gain":0,"player_choice":"Shed Blood","damage_taken":21,"max_hp_gain":5,"max_hp_loss":0,"event_name":"Forgotten Altar","floor":22,"gold_loss":0},{"damage_healed":0,"gold_gain":0,"player_choice":"1 cards matched","damage_taken":0,"max_hp_gain":0,"max_hp_loss":0,"event_name":"Match and Keep!","floor":30,"gold_loss":0,"cards_obtained":["Headbutt"]},{"damage_healed":0,"gold_gain":0,"player_choice":"Fight","damage_taken":0,"max_hp_gain":0,"max_hp_loss":0,"event_name":"MindBloom","floor":37,"gold_loss":0},{"damage_healed":0,"gold_gain":0,"player_choice":"Memory 3","damage_taken":10,"max_hp_gain":0,"max_hp_loss":0,"event_name":"SensoryStone","floor":38,"gold_loss":0}],"is_beta":false,"boss_relics":[{"not_picked":["Lizard Tail","Busted Crown"],"picked":"Runic Cube"},{"not_picked":["Cursed Key","White Beast Statue"],"picked":"Eternal Feather"}],"items_purged_floors":[14,36],"is_endless":false,"potions_floor_spawned":[1,7,11,12,16,24,25,37,42,45],"killed_by":"Maw","ascension_level":0}