{"gold_per_floor":[117,192,210,228,238,238,272,272,272,272,298,248,268,286,286,387,417,436,361,377,220,230,230,230],"floor_reached":24,"playtime":800,"items_purged":["Strike_R"],"score":260,"play_id":"368e53db-d560-4ef8-a10f-b15d2730a2b5","local_time":"20190207135550","is_ascension_mode":true,"campfire_choices":[{"data":"Cleave","floor":6.0,"key":"SMITH"},{"data":"Iron Wave","floor":8.0,"key":"SMITH"},{"data":"Pommel Strike","floor":10.0,"key":"SMITH"},{"data":"Armaments","floor":15.0,"key":"SMITH"},{"floor":23,"key":"REST"}],"neow_cost":"NONE","seed_source_timestamp":4260850560134,"circlet_count":0,"master_deck":["Strike_R","Strike_R","Strike_R","Defend_R","Defend_R","Defend_R","Defend_R","Bash+1","Cleave+1","Pommel Strike+1","Flex","Spot Weakness","Iron Wave+1","Ghostly Armor","Heavy Blade","Armaments+1","Feed","Normality","Clumsy","True Grit","Limit Break"],"special_seed":0,"relics":["Burning Blood","Dream Catcher","Bag of Preparation","Blue Candle","Calling Bell","Tiny Chest","Kunai","Torii"],"potions_floor_usage":[20,22,24],"damage_taken":[{"damage":0.0,"enemies":"Small Slimes","floor":1.0,"turns":3.0},{"damage":2.0,"enemies":"Jaw Worm","floor":3.0,"turns":3.0},{"damage":1.0,"enemies":"Cultist","floor":4.0,"turns":3.0},{"damage":23.0,"enemies":"Red Slaver","floor":5.0,"turns":5.0},{"damage":28.0,"enemies":"Gremlin Nob","floor":7.0,"turns":4.0},{"damage":23.0,"enemies":"3 Sentries","floor":11.0,"turns":6.0},{"damage":0.0,"enemies":"2 Fungi Beasts","floor":13.0,"turns":2.0},{"damage":6.0,"enemies":"Looter","floor":14.0,"turns":3.0},{"damage":24.0,"enemies":"The Guardian","floor":16.0,"turns":14.0},{"damage":37.0,"enemies":"Shell Parasite","floor":18.0,"turns":6.0},{"damage":5,"enemies":"3 Byrds","floor":20,"turns":2},{"damage":34,"enemies":"Snecko","floor":22,"turns":6},{"damage":42,"enemies":"Slavers","floor":24,"turns":2}],"seed_played":"261167736175653269","potions_obtained":[{"floor":5.0,"key":"GamblersBrew"},{"floor":7.0,"key":"EssenceOfSteel"},{"floor":13.0,"key":"LiquidBronze"},{"floor":16.0,"key":"FearPotion"},{"floor":18.0,"key":"SkillPotion"},{"floor":20,"key":"Fire Potion"}],"is_trial":false,"path_per_floor":["M","?","M","M","M","R","E","R","T","R","E","?","M","M","R","B",null,"M","?","M","$","M","R","E"],"character_chosen":"IRONCLAD","items_purchased":["Limit Break"],"campfire_rested":1,"item_purchase_floors":[21],"current_hp_per_floor":[80,69,73,78,61,61,39,39,39,39,22,22,28,28,28,10,63,36,36,37,37,12,38,0],"gold":230,"neow_bonus":"UPGRADE_CARD","is_prod":false,"is_daily":false,"chose_seed":false,"campfire_upgraded":4,"win_rate":0,"timestamp":1549536950,"path_taken":["M","?","M","M","M","R","E","R","T","R","E","?","M","M","R","BOSS","M","?","M","$","M","R","E"],"build_version":"2019-01-23","purchased_purges":1,"victory":false,"max_hp_per_floor":[80,80,80,80,80,80,80,80,80,80,80,80,80,80,80,80,80,84,84,84,84,87,87,87],"card_choices":[{"not_picked":["Flex","Headbutt"],"picked":"Cleave","floor":1.0},{"not_picked":["Havoc","Perfected Strike"],"picked":"Pommel Strike","floor":3.0},{"not_picked":["Whirlwind","Rampage"],"picked":"Flex","floor":4.0},{"not_picked":["Reckless Charge","Havoc"],"picked":"Spot Weakness","floor":5.0},{"not_picked":["Brutality","Evolve"],"picked":"Iron Wave","floor":7.0},{"not_picked":["Inflame","Anger"],"picked":"Ghostly Armor","floor":11.0},{"not_picked":["Body Slam","Twin Strike"],"picked":"Heavy Blade","floor":13.0},{"not_picked":["Searing Blow","Clash"],"picked":"Armaments","floor":14.0},{"not_picked":["Exhume","Juggernaut"],"picked":"Feed","floor":16.0},{"not_picked":["Sword Boomerang","Havoc+1"],"picked":"True Grit","floor":18.0},{"not_picked":["Perfected Strike+1","Seeing Red","Carnage"],"picked":"SKIP","floor":20},{"not_picked":["Rage","Corruption","Bloodletting"],"picked":"SKIP","floor":22}],"player_experience":754898,"relics_obtained":[{"floor":7.0,"key":"Dream Catcher"},{"floor":9.0,"key":"Bag of Preparation"},{"floor":11.0,"key":"Blue Candle"},{"floor":17.0,"key":"Tiny Chest"},{"floor":17.0,"key":"Kunai"},{"floor":17.0,"key":"Torii"}],"event_choices":[{"damage_healed":0.0,"max_hp_gain":0.0,"max_hp_loss":0.0,"gold_gain":75.0,"event_name":"World of Goop","player_choice":"Gather Gold","floor":2.0,"gold_loss":0.0,"damage_taken":11.0},{"cards_removed":["Strike_R"],"damage_healed":0.0,"max_hp_gain":0.0,"max_hp_loss":0.0,"gold_gain":0.0,"event_name":"The Cleric","player_choice":"Card Removal","floor":12.0,"gold_loss":50.0,"damage_taken":0.0},{"cards_removed":["Decay"],"damage_healed":0.0,"max_hp_gain":0.0,"max_hp_loss":0.0,"gold_gain":0.0,"event_name":"Beggar","player_choice":"Gave Gold","floor":19.0,"gold_loss":75.0,"damage_taken":0.0}],"is_beta":false,"boss_relics":[{"not_picked":["Runic Cube","Runic Pyramid"],"picked":"Calling Bell"}],"items_purged_floors":[21],"is_endless":false,"potions_floor_spawned":[5,7,13,16,18,20],"killed_by":"Slavers","ascension_level":5}