{"gold_per_floor":[117,130,141,141,3,37,37,55,55,88,100,137,149,186,198,315,327,356,368,12,12,28,57,57,91,117,217,217,217,229,244,244,344,344,354,354,368,368,384,447,2,102,102,62,162,179,192,227,227,227,227,227,23,53,53],"floor_reached":56,"playtime":6407,"items_purged":["Strike_G","Blade Dance"],"score":1670,"play_id":"8acb71ea-9180-4eba-a462-5e677bb9d00d","local_time":"20190805223541","is_ascension_mode":true,"campfire_choices":[{"data":"Crippling Poison","floor":7,"key":"SMITH"},{"floor":13,"key":"REST"},{"data":"Infinite Blades","floor":15,"key":"SMITH"},{"data":"Noxious Fumes","floor":24,"key":"SMITH"},{"data":"Cloak And Dagger","floor":28,"key":"SMITH"},{"data":"Burst","floor":32,"key":"SMITH"},{"floor":49,"key":"RECALL"},{"floor":52,"key":"DIG"}],"neow_cost":"NONE","seed_source_timestamp":1819750774434300,"circlet_count":0,"master_deck":["Defend_G","Defend_G","Defend_G","Defend_G","Survivor","Neutralize","Backflip","Terror","Caltrops","Well Laid Plans","Cloak And Dagger+1","Dagger Spray","Crippling Poison+1","Deadly Poison","PiercingWail","Storm of Steel","Infinite Blades+1","Die Die Die","Burst+1","Sucker Punch+1","Dodge and Roll+1","Noxious Fumes+1","Bite","Bite","Bite","Bite","Bite","Deflect+1","Wraith Form v2","Sucker Punch+1","Cloak And Dagger+1","Dagger Spray","Footwork","Cloak And Dagger","Acrobatics+1","Backstab","Poisoned Stab+1","Infinite Blades+1","Catalyst"],"relics":["WristBlade","Ninja Scroll","Turnip","WingedGreaves","MawBank","Bird Faced Urn","Unceasing Top","Coffee Dripper","Du-Vu Doll","Thread and Needle","Blood Vial","Pantograph","Smiling Mask","Tingsha","Mercury Hourglass","White Beast Statue","Tiny Chest","Dead Branch","Shovel","Strawberry","Mummified Hand","Lantern","Oddly Smooth Stone"],"potions_floor_usage":[6,16,23,23,23,33,39,40,40,46,48,50,50,54,55,55],"damage_taken":[{"damage":0,"enemies":"2 Louse","floor":1,"turns":3},{"damage":2,"enemies":"Jaw Worm","floor":2,"turns":5},{"damage":1,"enemies":"Small Slimes","floor":3,"turns":5},{"damage":6,"enemies":"Lagavulin","floor":6,"turns":5},{"damage":8,"enemies":"3 Louse","floor":8,"turns":2},{"damage":2,"enemies":"3 Sentries","floor":10,"turns":8},{"damage":27,"enemies":"Gremlin Nob","floor":12,"turns":4},{"damage":11,"enemies":"3 Sentries","floor":14,"turns":7},{"damage":7,"enemies":"The Guardian","floor":16,"turns":7},{"damage":0,"enemies":"Chosen","floor":18,"turns":4},{"damage":0,"enemies":"Shell Parasite","floor":22,"turns":3},{"damage":12,"enemies":"Gremlin Leader","floor":23,"turns":8},{"damage":30,"enemies":"Slavers","floor":25,"turns":5},{"damage":24,"enemies":"Colosseum Slavers","floor":27,"turns":3},{"damage":13,"enemies":"Colosseum Nobs","floor":27,"turns":4},{"damage":16,"enemies":"Snecko","floor":30,"turns":4},{"damage":6,"enemies":"Snake Plant","floor":31,"turns":4},{"damage":39,"enemies":"Collector","floor":33,"turns":8},{"damage":6,"enemies":"Orb Walker","floor":35,"turns":3},{"damage":6,"enemies":"3 Darklings","floor":37,"turns":4},{"damage":15,"enemies":"Transient","floor":39,"turns":5},{"damage":52,"enemies":"Reptomancer","floor":40,"turns":5},{"damage":0,"enemies":"Mind Bloom Boss Battle","floor":42,"turns":4},{"damage":10,"enemies":"Jaw Worm Horde","floor":46,"turns":3},{"damage":4,"enemies":"4 Shapes","floor":47,"turns":4},{"damage":26,"enemies":"Nemesis","floor":48,"turns":7},{"damage":49,"enemies":"Donu and Deca","floor":50,"turns":10},{"damage":0,"enemies":"Shield and Spear","floor":54,"turns":4},{"damage":76,"enemies":"The Heart","floor":55,"turns":7}],"seed_played":"5747955147220904084","potions_obtained":[{"floor":1,"key":"Block Potion"},{"floor":2,"key":"Poison Potion"},{"floor":12,"key":"Fire Potion"},{"floor":16,"key":"Energy Potion"},{"floor":18,"key":"Dexterity Potion"},{"floor":22,"key":"Strength Potion"},{"floor":27,"key":"LiquidBronze"},{"floor":31,"key":"Regen Potion"},{"floor":35,"key":"Dexterity Potion"},{"floor":37,"key":"Strength Potion"},{"floor":39,"key":"Fruit Juice"},{"floor":40,"key":"LiquidBronze"},{"floor":42,"key":"Fire Potion"},{"floor":46,"key":"Ancient Potion"},{"floor":47,"key":"Poison Potion"},{"floor":48,"key":"SteroidPotion"},{"floor":54,"key":"Poison Potion"}],"is_trial":false,"path_per_floor":["M","M","M","?","$","E","R","M","T","E","?","E","R","E","R","B",null,"M","?","$","?","M","E","R","E","T","?","R","?","M","M","R","B",null,"M","?","M","?","M","E","$","?","T","$","?","M","M","E","R","B",null,"R","$","E","B",null],"character_chosen":"THE_SILENT","items_purchased":["Well Laid Plans","Cloak And Dagger","Dagger Spray","Thread and Needle","Dead Branch","Footwork","Cloak And Dagger","Backstab","Lantern","Energy Potion"],"campfire_rested":1,"item_purchase_floors":[5,5,5,20,41,41,41,44,53,53],"current_hp_per_floor":[63,61,60,53,53,47,47,39,39,37,37,10,31,24,24,23,58,64,64,64,64,68,58,58,36,36,15,15,15,11,17,17,24,43,43,43,47,47,34,14,14,51,51,51,51,48,50,47,47,34,54,54,54,61,3],"gold":53,"neow_bonus":"BOSS_RELIC","is_prod":false,"is_daily":false,"chose_seed":false,"campfire_upgraded":5,"win_rate":0,"timestamp":1565058941,"path_taken":["M","M","M","?","$","E","R","M","T","E","?","E","R","E","R","BOSS","M","?","$","?","M","E","R","E","T","?","R","?","M","M","R","BOSS","M","?","M","?","?","E","$","?","T","$","?","M","?","E","R","BOSS","R","$","E","BOSS"],"build_version":"2019-07-17","purchased_purges":2,"victory":true,"max_hp_per_floor":[70,70,70,70,70,70,70,70,70,70,70,70,70,70,70,70,70,70,70,70,70,70,70,70,70,70,70,70,49,49,49,49,49,49,49,49,49,49,49,54,54,54,54,54,54,54,54,61,61,61,61,61,61,61,61],"card_choices":[{"not_picked":["Finisher","Quick Slash"],"picked":"Backflip","floor":1},{"not_picked":["Flying Knee","Prepared"],"picked":"Terror","floor":2},{"not_picked":["Slice","Acrobatics"],"picked":"Caltrops","floor":3},{"not_picked":["Predator","Masterful Stab"],"picked":"Crippling Poison","floor":6},{"not_picked":["Skewer","Predator"],"picked":"Deadly Poison","floor":8},{"not_picked":["Tactician","Poisoned Stab"],"picked":"PiercingWail","floor":10},{"not_picked":["Sucker Punch","Adrenaline"],"picked":"Infinite Blades","floor":12},{"not_picked":["Choke","Dagger Throw"],"picked":"Die Die Die","floor":14},{"not_picked":["Die Die Die","Grand Finale"],"picked":"Burst","floor":16},{"not_picked":["Distraction","Flechettes"],"picked":"Sucker Punch+1","floor":18},{"not_picked":["Dagger Throw+1","Flying Knee"],"picked":"Dodge and Roll+1","floor":22},{"not_picked":["Tactician+1","Caltrops"],"picked":"Noxious Fumes","floor":23},{"not_picked":["Dagger Throw","Sucker Punch","Bane"],"picked":"SKIP","floor":25},{"not_picked":["All Out Attack+1","Escape Plan"],"picked":"Riddle With Holes","floor":27},{"not_picked":["Riddle With Holes+1","Masterful Stab","Underhanded Strike"],"picked":"SKIP","floor":30},{"not_picked":["Well Laid Plans+1","Slice"],"picked":"Deflect+1","floor":31},{"not_picked":["Bullet Time","Grand Finale"],"picked":"Wraith Form v2","floor":33},{"not_picked":["Outmaneuver","Slice"],"picked":"Sucker Punch+1","floor":35},{"not_picked":["Catalyst","Outmaneuver"],"picked":"Cloak And Dagger+1","floor":37},{"not_picked":["Acrobatics","Dagger Throw"],"picked":"Blade Dance","floor":39},{"not_picked":["Burst","Skewer","Slice+1"],"picked":"SKIP","floor":40},{"not_picked":["Prepared+1","Deadly Poison"],"picked":"Acrobatics+1","floor":42},{"not_picked":["Masterful Stab","Deadly Poison"],"picked":"Poisoned Stab+1","floor":46},{"not_picked":["Cloak And Dagger+1","PiercingWail+1"],"picked":"Infinite Blades+1","floor":47},{"not_picked":["Deflect+1","Dash+1"],"picked":"Catalyst","floor":48},{"not_picked":["Dagger Spray","Underhanded Strike+1","Flying Knee"],"picked":"SKIP","floor":54}],"player_experience":535070,"relics_obtained":[{"floor":6,"key":"Turnip"},{"floor":9,"key":"WingedGreaves"},{"floor":10,"key":"MawBank"},{"floor":12,"key":"Bird Faced Urn"},{"floor":14,"key":"Unceasing Top"},{"floor":23,"key":"Blood Vial"},{"floor":25,"key":"Pantograph"},{"floor":26,"key":"Smiling Mask"},{"floor":27,"key":"Tingsha"},{"floor":27,"key":"Mercury Hourglass"},{"floor":40,"key":"Tiny Chest"},{"floor":42,"key":"Shovel"},{"floor":48,"key":"Strawberry"},{"floor":52,"key":"Mummified Hand"},{"floor":54,"key":"Oddly Smooth Stone"}],"event_choices":[{"damage_healed":0,"gold_gain":0,"player_choice":"Success","damage_taken":7,"relics_obtained":["Ninja Scroll"],"max_hp_gain":0,"max_hp_loss":0,"event_name":"Scrap Ooze","floor":4,"gold_loss":0},{"damage_healed":0,"gold_gain":0,"cards_transformed":["Strike_G"],"player_choice":"Change","damage_taken":0,"max_hp_gain":0,"max_hp_loss":0,"event_name":"Living Wall","floor":11,"gold_loss":0,"cards_obtained":["Storm of Steel"]},{"damage_healed":0,"gold_gain":0,"player_choice":"Opened","damage_taken":0,"relics_obtained":["Du-Vu Doll"],"max_hp_gain":0,"max_hp_loss":0,"event_name":"The Mausoleum","floor":19,"gold_loss":0},{"damage_healed":0,"gold_gain":0,"player_choice":"Fight","damage_taken":0,"max_hp_gain":0,"max_hp_loss":0,"event_name":"Colosseum","floor":27,"gold_loss":0},{"damage_healed":0,"gold_gain":0,"player_choice":"Fought Nobs","damage_taken":0,"max_hp_gain":0,"max_hp_loss":0,"event_name":"Colosseum","floor":27,"gold_loss":0},{"damage_healed":0,"gold_gain":0,"player_choice":"Became a vampire","damage_taken":0,"max_hp_gain":0,"max_hp_loss":21,"event_name":"Vampires","floor":29,"gold_loss":0,"cards_obtained":["Bite","Bite","Bite","Bite","Bite"]},{"cards_removed":["Riddle With Holes"],"damage_healed":0,"gold_gain":0,"player_choice":"Removed Attack","damage_taken":0,"max_hp_gain":0,"max_hp_loss":0,"event_name":"Falling","floor":36,"gold_loss":0},{"damage_healed":0,"gold_gain":0,"cards_transformed":["Defend_G"],"player_choice":"Transformed","damage_taken":0,"max_hp_gain":0,"max_hp_loss":0,"event_name":"Transmorgrifier","floor":38,"gold_loss":0,"cards_obtained":["Dagger Spray"]},{"damage_healed":0,"gold_gain":0,"player_choice":"Fight","damage_taken":0,"max_hp_gain":0,"max_hp_loss":0,"event_name":"MindBloom","floor":42,"gold_loss":0},{"damage_healed":0,"gold_gain":100,"player_choice":"Pray","damage_taken":0,"max_hp_gain":0,"max_hp_loss":0,"event_name":"Golden Shrine","floor":45,"gold_loss":0}],"is_beta":false,"boss_relics":[{"not_picked":["Runic Dome","Velvet Choker"],"picked":"Coffee Dripper"},{"not_picked":["Eternal Feather","Snecko Eye"],"picked":"White Beast Statue"}],"items_purged_floors":[20,41],"is_endless":false,"potions_floor_spawned":[1,2,12,16,18,22,27,31,35,37,39,40,42,46,47,48,54],"ascension_level":7}