{"gold_per_floor":[113,127,27,39,39,39,69,69,115,115,143,158,158,184,196,304,316,342,373,385,449,481,528,540,552,564,576,615,627,639,677,689,798,810,832,236,253,353,353,387,387,415,415,415,64,64,83,101,101,101,101,101,45,45],"floor_reached":54,"playtime":4648,"items_purged":["Strike_R","Strike_R+1","Strike_R+1"],"score":1071,"play_id":"808c15bd-8983-4550-8385-cc42726ced57","local_time":"20190803215112","is_ascension_mode":true,"campfire_choices":[{"data":"Infernal Blade","floor":6,"key":"SMITH"},{"data":"Whirlwind","floor":8,"key":"SMITH"},{"data":"Inflame","floor":13,"key":"SMITH"},{"data":"Rampage","floor":15,"key":"SMITH"},{"data":"Double Tap","floor":25,"key":"SMITH"},{"data":"Uppercut","floor":27,"key":"SMITH"},{"data":"Inflame","floor":30,"key":"SMITH"},{"data":"Headbutt","floor":32,"key":"SMITH"},{"data":"Demon Form","floor":41,"key":"SMITH"},{"floor":44,"key":"RECALL"},{"data":"Reaper","floor":49,"key":"SMITH"},{"data":"Shrug It Off","floor":52,"key":"SMITH"}],"neow_cost":"NONE","seed_source_timestamp":1646016368006000,"circlet_count":0,"master_deck":["Defend_R+1","Defend_R+1","Defend_R+1","Defend_R+1","Bash+1","Corruption","Infernal Blade+1","Whirlwind+1","Headbutt+1","Disarm+1","Impervious","Evolve","Inflame+1","Rampage+1","Double Tap+1","Uppercut+1","Shrug It Off+1","Dual Wield+1","Inflame+1","Demon Form+1","Clothesline+1","Shockwave","Rage","Dropkick","Reaper+1","Shrug It Off+1","Seeing Red"],"relics":["Black Blood","Pen Nib","Anchor","The Courier","MawBank","Coffee Dripper","Juzu Bracelet","Strawberry","Singing Bowl","Vajra","FaceOfCleric","Darkstone Periapt","Mummified Hand","Bottled Tornado","Whetstone","Du-Vu Doll","Champion Belt","Gremlin Horn","HandDrill","Ornamental Fan"],"potions_floor_usage":[16,23,23,33,42,50,50],"damage_taken":[{"damage":1,"enemies":"2 Louse","floor":1,"turns":3},{"damage":12,"enemies":"Jaw Worm","floor":2,"turns":2},{"damage":1,"enemies":"Cultist","floor":4,"turns":3},{"damage":37,"enemies":"Lagavulin","floor":7,"turns":7},{"damage":0,"enemies":"Gremlin Nob","floor":11,"turns":2},{"damage":0,"enemies":"Exordium Wildlife","floor":12,"turns":3},{"damage":17,"enemies":"Lagavulin","floor":14,"turns":8},{"damage":23,"enemies":"The Guardian","floor":16,"turns":11},{"damage":16,"enemies":"3 Byrds","floor":18,"turns":6},{"damage":17,"enemies":"Shell Parasite","floor":19,"turns":4},{"damage":24,"enemies":"Shelled Parasite and Fungi","floor":22,"turns":4},{"damage":20,"enemies":"Gremlin Leader","floor":23,"turns":5},{"damage":0,"enemies":"Slavers","floor":28,"turns":1},{"damage":0,"enemies":"Gremlin Leader","floor":31,"turns":4},{"damage":29,"enemies":"Champ","floor":33,"turns":7},{"damage":14,"enemies":"3 Darklings","floor":35,"turns":3},{"damage":2,"enemies":"3 Shapes","floor":37,"turns":5},{"damage":38,"enemies":"Mind Bloom Boss Battle","floor":38,"turns":7},{"damage":22,"enemies":"Nemesis","floor":40,"turns":5},{"damage":18,"enemies":"Giant Head","floor":42,"turns":6},{"damage":3,"enemies":"3 Darklings","floor":47,"turns":3},{"damage":51,"enemies":"4 Shapes","floor":48,"turns":4},{"damage":35,"enemies":"Time Eater","floor":50,"turns":9},{"damage":105,"enemies":"Shield and Spear","floor":54,"turns":5}],"seed_played":"-8321170067594132328","potions_obtained":[{"floor":2,"key":"Dexterity Potion"},{"floor":11,"key":"BloodPotion"},{"floor":12,"key":"Regen Potion"},{"floor":22,"key":"Dexterity Potion"},{"floor":23,"key":"Poison Potion"},{"floor":28,"key":"Ancient Potion"},{"floor":35,"key":"Explosive Potion"},{"floor":48,"key":"SteroidPotion"}],"is_trial":false,"path_per_floor":["M","M","$","M","?","R","E","R","T","?","E","M","R","E","R","B",null,"M","M","?","T","M","E","?","R","T","R","E","?","R","E","R","B",null,"M","$","M","?","?","E","R","E","T","R","$","T","M","M","R","B",null,"R","$","E"],"character_chosen":"IRONCLAD","items_purchased":["Headbutt","Mummified Hand","Bottled Tornado","Whetstone","Rage","HandDrill","Dropkick","Seeing Red"],"campfire_rested":0,"item_purchase_floors":[3,36,36,36,45,45,45,53],"current_hp_per_floor":[80,74,74,79,63,63,32,32,32,32,38,44,44,33,33,25,66,56,45,45,45,27,40,40,40,40,40,46,46,46,55,55,33,77,74,74,85,60,60,49,49,44,44,44,44,44,52,54,54,57,93,93,93,0],"gold":45,"neow_bonus":"TRANSFORM_CARD","is_prod":false,"is_daily":false,"chose_seed":false,"campfire_upgraded":11,"win_rate":0,"timestamp":1564883472,"path_taken":["M","M","$","M","?","R","E","R","T","?","E","M","R","E","R","BOSS","M","M","?","?","M","E","?","R","T","R","E","?","R","E","R","BOSS","M","$","M","?","?","E","R","E","T","R","$","?","M","M","R","BOSS","R","$","E"],"build_version":"2019-07-17","purchased_purges":3,"victory":false,"max_hp_per_floor":[80,80,80,80,80,80,80,80,80,80,80,80,80,80,80,80,80,80,80,80,80,80,87,87,87,87,87,87,87,87,90,90,91,91,92,92,95,98,98,99,99,102,102,102,102,102,103,104,104,105,105,105,105,105],"card_choices":[{"not_picked":["Heavy Blade","Havoc"],"picked":"Infernal Blade","floor":1},{"not_picked":["Entrench","Twin Strike"],"picked":"Whirlwind","floor":2},{"not_picked":["Shrug It Off","Iron Wave"],"picked":"Disarm","floor":4},{"not_picked":["Sword Boomerang","Clash"],"picked":"Impervious","floor":7},{"not_picked":["Havoc","Brutality"],"picked":"Evolve","floor":11},{"not_picked":["Flex","Clash"],"picked":"Inflame","floor":12},{"not_picked":["Armaments","Iron Wave"],"picked":"Rampage","floor":14},{"not_picked":["Brutality","Berserk"],"picked":"Double Tap","floor":16},{"not_picked":["Warcry","Dual Wield","Infernal Blade"],"picked":"SKIP","floor":18},{"not_picked":["Bloodletting","Disarm"],"picked":"Uppercut","floor":19},{"not_picked":["Armaments+1","Intimidate"],"picked":"Shrug It Off+1","floor":22},{"not_picked":["Hemokinesis","Anger+1"],"picked":"Dual Wield+1","floor":23},{"not_picked":["Armaments+1","Carnage"],"picked":"Inflame","floor":28},{"not_picked":["Flex","Twin Strike","Dark Embrace"],"picked":"Singing Bowl","floor":31},{"not_picked":["Exhume","Impervious"],"picked":"Demon Form","floor":33},{"not_picked":["Body Slam","Infernal Blade+1"],"picked":"Clothesline+1","floor":35},{"not_picked":["Twin Strike","Body Slam","Clothesline"],"picked":"Singing Bowl","floor":37},{"not_picked":["Headbutt","Iron Wave+1","Twin Strike"],"picked":"Singing Bowl","floor":38},{"not_picked":["Headbutt","Entrench"],"picked":"Shockwave","floor":40},{"not_picked":["Entrench+1","Evolve","Sever Soul"],"picked":"Singing Bowl","floor":42},{"not_picked":["Clothesline","Pommel Strike+1"],"picked":"Reaper","floor":47},{"not_picked":["Twin Strike","Perfected Strike+1"],"picked":"Shrug It Off","floor":48}],"player_experience":523339,"relics_obtained":[{"floor":7,"key":"Pen Nib"},{"floor":9,"key":"Anchor"},{"floor":11,"key":"The Courier"},{"floor":14,"key":"MawBank"},{"floor":21,"key":"Juzu Bracelet"},{"floor":23,"key":"Strawberry"},{"floor":26,"key":"Singing Bowl"},{"floor":28,"key":"Vajra"},{"floor":31,"key":"Darkstone Periapt"},{"floor":38,"key":"Du-Vu Doll"},{"floor":40,"key":"Champion Belt"},{"floor":42,"key":"Gremlin Horn"},{"floor":46,"key":"Ornamental Fan"}],"event_choices":[{"damage_healed":0,"gold_gain":0,"player_choice":"Entered Light","damage_taken":16,"max_hp_gain":0,"max_hp_loss":0,"event_name":"Shining Light","floor":5,"gold_loss":0,"cards_upgraded":["Defend_R","Disarm"]},{"damage_healed":0,"gold_gain":0,"player_choice":"Upgraded","damage_taken":0,"max_hp_gain":0,"max_hp_loss":0,"event_name":"Upgrade Shrine","floor":10,"gold_loss":0,"cards_upgraded":["Bash"]},{"damage_healed":0,"gold_gain":0,"player_choice":"Simplicity","damage_taken":0,"max_hp_gain":0,"max_hp_loss":0,"event_name":"Back to Basics","floor":20,"gold_loss":0,"cards_upgraded":["Strike_R","Strike_R","Strike_R","Defend_R","Defend_R","Defend_R"]},{"damage_healed":0,"gold_gain":0,"player_choice":"Ignored","damage_taken":0,"max_hp_gain":0,"max_hp_loss":0,"event_name":"Ghosts","floor":24,"gold_loss":0},{"damage_healed":0,"gold_gain":0,"player_choice":"Trade","damage_taken":0,"relics_obtained":["FaceOfCleric"],"max_hp_gain":0,"max_hp_loss":0,"event_name":"FaceTrader","floor":29,"gold_loss":0},{"damage_healed":0,"gold_gain":0,"player_choice":"Fight","damage_taken":0,"max_hp_gain":0,"max_hp_loss":0,"event_name":"MindBloom","floor":38,"gold_loss":0},{"cards_removed":["Strike_R"],"damage_healed":0,"gold_gain":0,"player_choice":"Purged","damage_taken":0,"max_hp_gain":0,"max_hp_loss":0,"event_name":"Purifier","floor":39,"gold_loss":0}],"is_beta":false,"boss_relics":[{"not_picked":["Philosopher\u0027s Stone","Empty Cage"],"picked":"Coffee Dripper"},{"not_picked":["Sozu","Cursed Key"],"picked":"Black Blood"}],"items_purged_floors":[3,36,45],"is_endless":false,"potions_floor_spawned":[2,11,12,22,23,28,31,35,37,48],"killed_by":"Shield and Spear","ascension_level":5}