{"gold_per_floor":[110,110,126,50,0,0,14,14,14,26,26,26,40,67,67,67],"floor_reached":16,"playtime":2421,"items_purged":[],"score":90,"play_id":"c359ee02-3385-41ad-94cd-39470f7f09b4","local_time":"20190805151032","is_ascension_mode":false,"campfire_choices":[{"data":"Corruption","floor":6,"key":"SMITH"},{"data":"Battle Trance","floor":8,"key":"SMITH"},{"data":"Shrug It Off","floor":11,"key":"SMITH"},{"floor":15,"key":"REST"}],"neow_cost":"NONE","seed_source_timestamp":446491327497505,"circlet_count":0,"master_deck":["Strike_R","Strike_R","Strike_R","Strike_R","Strike_R","Defend_R","Defend_R","Defend_R","Defend_R","Bash","Battle Trance+1","Power Through","Corruption+1","Shrug It Off+1","Cleave","Bloodletting","Shrug It Off"],"relics":["Burning Blood","Potion Belt","FaceOfCleric","Matryoshka","Odd Mushroom"],"potions_floor_usage":[16,16,16],"damage_taken":[{"damage":1,"enemies":"Cultist","floor":1,"turns":4},{"damage":9,"enemies":"Small Slimes","floor":3,"turns":4},{"damage":8,"enemies":"2 Louse","floor":7,"turns":3},{"damage":15,"enemies":"Exordium Thugs","floor":10,"turns":5},{"damage":2,"enemies":"3 Louse","floor":13,"turns":3},{"damage":19,"enemies":"The Mushroom Lair","floor":14,"turns":5},{"damage":86,"enemies":"Hexaghost","floor":16,"turns":10}],"seed_played":"-7032128541796970356","potions_obtained":[{"floor":1,"key":"Poison Potion"},{"floor":3,"key":"Ancient Potion"},{"floor":10,"key":"SmokeBomb"}],"is_trial":false,"path_per_floor":["M","?","M","$","$","R","M","R","T","M","R","?","M","?","R","B"],"character_chosen":"IRONCLAD","items_purchased":["Corruption","FearPotion"],"campfire_rested":1,"item_purchase_floors":[4,5],"current_hp_per_floor":[80,80,78,78,78,78,77,77,77,69,69,69,74,62,85,0],"gold":67,"neow_bonus":"RANDOM_COMMON_RELIC","is_prod":false,"is_daily":false,"chose_seed":false,"campfire_upgraded":3,"win_rate":0.0,"timestamp":1565032232,"path_taken":["M","?","M","?","$","R","M","R","T","M","R","?","M","?","R","BOSS"],"build_version":"2019-07-17","purchased_purges":0,"victory":false,"max_hp_per_floor":[80,80,81,81,81,81,82,82,82,83,83,83,84,85,85,85],"card_choices":[{"not_picked":["Intimidate","Armaments"],"picked":"Battle Trance","floor":1},{"not_picked":["Flex","Rampage"],"picked":"Power Through","floor":3},{"not_picked":["Flex","Fire Breathing"],"picked":"Anger","floor":7},{"not_picked":["Clothesline","Headbutt"],"picked":"Shrug It Off","floor":10},{"not_picked":["Iron Wave","Sword Boomerang"],"picked":"Bloodletting","floor":13},{"not_picked":["Iron Wave","Sword Boomerang"],"picked":"Shrug It Off","floor":14}],"player_experience":6002,"relics_obtained":[{"floor":9,"key":"Matryoshka"},{"floor":14,"key":"Odd Mushroom"}],"event_choices":[{"damage_healed":0,"gold_gain":0,"player_choice":"Trade","damage_taken":0,"relics_obtained":["FaceOfCleric"],"max_hp_gain":0,"max_hp_loss":0,"event_name":"FaceTrader","floor":2,"gold_loss":0},{"damage_healed":0,"gold_gain":0,"cards_transformed":["Anger"],"player_choice":"Change","damage_taken":0,"max_hp_gain":0,"max_hp_loss":0,"event_name":"Living Wall","floor":12,"gold_loss":0,"cards_obtained":["Cleave"]},{"damage_healed":0,"gold_gain":0,"player_choice":"Fought Mushrooms","damage_taken":0,"max_hp_gain":0,"max_hp_loss":0,"event_name":"Mushrooms","floor":14,"gold_loss":0}],"is_beta":false,"boss_relics":[],"items_purged_floors":[],"is_endless":false,"potions_floor_spawned":[1,3,10],"killed_by":"Hexaghost","ascension_level":0}