{"gold_per_floor":[116,131,131,147,162,162,196,196,223,60,60,92,102,129,129,129],"floor_reached":16,"playtime":1764,"items_purged":["Strike_G"],"score":156,"play_id":"8d73b1a0-d7ad-4a3f-b9a7-a23e5974ce51","local_time":"20190725213520","is_ascension_mode":true,"campfire_choices":[{"data":"Cloak And Dagger","floor":6,"key":"SMITH"},{"data":"Malaise","floor":8,"key":"SMITH"},{"floor":15,"key":"REST"}],"neow_cost":"NONE","seed_source_timestamp":870156314449000,"circlet_count":0,"master_deck":["Strike_G","Strike_G","Strike_G","Strike_G","Defend_G","Defend_G","Defend_G","Defend_G","Defend_G","Survivor","Neutralize","PiercingWail","Cloak And Dagger+1","Flying Knee","Malaise+1","Crippling Poison","Dagger Spray","Corpse Explosion","Dagger Throw","Blur"],"relics":["Ring of the Snake","Smiling Mask","Oddly Smooth Stone","Bronze Scales","Regal Pillow","Boot"],"potions_floor_usage":[12,16,16,16],"damage_taken":[{"damage":4,"enemies":"Jaw Worm","floor":1,"turns":9},{"damage":0,"enemies":"Cultist","floor":2,"turns":3},{"damage":0,"enemies":"2 Louse","floor":4,"turns":3},{"damage":5,"enemies":"Looter","floor":5,"turns":4},{"damage":25,"enemies":"3 Sentries","floor":7,"turns":12},{"damage":4,"enemies":"Lagavulin","floor":12,"turns":11},{"damage":0,"enemies":"2 Fungi Beasts","floor":13,"turns":3},{"damage":26,"enemies":"Gremlin Nob","floor":14,"turns":4},{"damage":44,"enemies":"Slime Boss","floor":16,"turns":8}],"seed_played":"506342952996362007","potions_obtained":[{"floor":5,"key":"EssenceOfSteel"},{"floor":11,"key":"Ancient Potion"},{"floor":11,"key":"LiquidBronze"},{"floor":11,"key":"Fire Potion"},{"floor":13,"key":"Poison Potion"}],"is_trial":false,"path_per_floor":["M","M","?","M","M","R","E","R","T","$","?","E","M","E","R","B"],"character_chosen":"THE_SILENT","items_purchased":["Crippling Poison","Dagger Spray"],"campfire_rested":1,"item_purchase_floors":[10,10],"current_hp_per_floor":[66,66,66,66,61,61,36,36,36,36,36,32,32,6,44,0],"gold":129,"neow_bonus":"TEN_PERCENT_HP_BONUS","is_prod":false,"is_daily":false,"chose_seed":false,"campfire_upgraded":2,"win_rate":0,"timestamp":1564104920,"path_taken":["M","M","?","M","?","R","E","R","T","$","?","E","?","E","R","BOSS"],"build_version":"2019-07-17","purchased_purges":1,"victory":false,"max_hp_per_floor":[77,77,77,77,77,77,77,77,77,77,77,77,77,77,77,77],"card_choices":[{"not_picked":["Flying Knee","Backflip"],"picked":"PiercingWail","floor":1},{"not_picked":["Acrobatics","Underhanded Strike"],"picked":"Deflect","floor":2},{"not_picked":["Blur","PiercingWail"],"picked":"Cloak And Dagger","floor":4},{"not_picked":["Slice","Cloak And Dagger"],"picked":"Flying Knee","floor":5},{"not_picked":["Dagger Spray","Bane"],"picked":"Malaise","floor":7},{"not_picked":["Prepared","Heel Hook"],"picked":"Corpse Explosion","floor":12},{"not_picked":["Bane","Prepared"],"picked":"Dagger Throw","floor":13},{"not_picked":["Terror","Eviscerate"],"picked":"Blur","floor":14}],"player_experience":494446,"relics_obtained":[{"floor":7,"key":"Oddly Smooth Stone"},{"floor":9,"key":"Bronze Scales"},{"floor":12,"key":"Regal Pillow"},{"floor":14,"key":"Boot"}],"event_choices":[{"cards_removed":["Deflect"],"damage_healed":0,"gold_gain":0,"player_choice":"Gave Card","damage_taken":0,"relics_obtained":["Smiling Mask"],"max_hp_gain":0,"max_hp_loss":0,"event_name":"WeMeetAgain","floor":3,"gold_loss":0},{"damage_healed":0,"gold_gain":0,"player_choice":"Got Potions","damage_taken":0,"max_hp_gain":0,"max_hp_loss":0,"event_name":"Lab","floor":11,"gold_loss":0}],"is_beta":false,"boss_relics":[],"items_purged_floors":[10],"is_endless":false,"potions_floor_spawned":[5,13],"killed_by":"Slime Boss","ascension_level":6}