{"gold_per_floor":[116,129,204,220,220,247,312,346,417,417,62,72,86,102,102,207,207,217,217,132,152,171,204,204],"floor_reached":24,"playtime":1540,"items_purged":[],"score":304,"play_id":"852f7b74-ba28-46b3-98a7-3f0be2b65202","local_time":"20180830210457","is_ascension_mode":true,"campfire_choices":[{"data":"Creative AI","floor":10.0,"key":"SMITH"},{"floor":15.0,"key":"REST"}],"neow_cost":"","seed_source_timestamp":0,"circlet_count":0,"master_deck":["Strike_B","Strike_B","Strike_B","Defend_B","Defend_B","Defend_B","Defend_B","Zap","Dualcast","Hologram","Gash","Doom and Gloom","Beam Cell","Compile Driver","Creative AI+1","Scrape","All For One","Static Discharge","Dramatic Entrance","Defragment","Hello World","Echo Form","Steam","Gash","Steam+1","White Noise+1"],"special_seed":0,"relics":["Cracked Core","Thread and Needle","Boot","Pantograph","Question Card","Nuclear Battery","Dream Catcher","Meat on the Bone"],"potions_floor_usage":[23,23,23],"damage_taken":[{"damage":2.0,"enemies":"Jaw Worm","floor":1.0,"turns":3.0},{"damage":0.0,"enemies":"2 Louse","floor":2.0,"turns":2.0},{"damage":0.0,"enemies":"Small Slimes","floor":4.0,"turns":3.0},{"damage":22.0,"enemies":"3 Sentries","floor":6.0,"turns":4.0},{"damage":9.0,"enemies":"Gremlin Nob","floor":7.0,"turns":3.0},{"damage":0.0,"enemies":"Gremlin Nob","floor":8.0,"turns":2.0},{"damage":6.0,"enemies":"Blue Slaver","floor":12.0,"turns":3.0},{"damage":7.0,"enemies":"Gremlin Gang","floor":13.0,"turns":3.0},{"damage":14.0,"enemies":"Large Slime","floor":14.0,"turns":5.0},{"damage":38.0,"enemies":"The Guardian","floor":16.0,"turns":8.0},{"damage":15.0,"enemies":"3 Byrds","floor":18.0,"turns":4.0},{"damage":13.0,"enemies":"2 Thieves","floor":21.0,"turns":4.0},{"damage":13.0,"enemies":"Chosen and Byrds","floor":22.0,"turns":4.0},{"damage":26,"enemies":"Slavers","floor":23,"turns":4},{"damage":14,"enemies":"Snecko","floor":24,"turns":4}],"seed_played":"-6589213339021786120","potions_obtained":[{"floor":7.0,"key":"Fruit Juice"},{"floor":7.0,"key":"AttackPotion"},{"floor":12.0,"key":"SpeedPotion"},{"floor":13.0,"key":"FearPotion"},{"floor":16.0,"key":"Strength Potion"},{"floor":22.0,"key":"Block Potion"}],"is_trial":false,"path_per_floor":["M","M","?","M","?","E","?","E","T","R","$","M","M","M","R","B",null,"M","?","?","M","M","E"],"character_chosen":"DEFECT","items_purchased":["Scrape","All For One","Static Discharge","Dramatic Entrance"],"campfire_rested":1,"item_purchase_floors":[11,11,11,11],"current_hp_per_floor":[73,73,62,62,62,40,31,36,36,36,36,30,23,9,33,20,80,65,65,65,52,39,13,0],"gold":204,"neow_bonus":"","is_prod":false,"is_daily":false,"chose_seed":false,"campfire_upgraded":1,"win_rate":0,"timestamp":1535688297,"path_taken":["M","M","?","M","?","E","?","E","T","R","$","M","M","M","R","BOSS","M","?","?","?","M","E","?"],"build_version":"2018-08-23v2","purchased_purges":0,"victory":false,"max_hp_per_floor":[75,75,75,75,75,75,75,80,80,80,80,80,80,80,80,80,80,80,80,80,80,80,80,80],"card_choices":[{"not_picked":["Compile Driver","Barrage"],"picked":"Hologram","floor":1.0},{"not_picked":["Sweeping Beam","Loop"],"picked":"Gash","floor":2.0},{"not_picked":["Stack","Turbo"],"picked":"Doom and Gloom","floor":4.0},{"not_picked":["Redo","Hologram"],"picked":"Beam Cell","floor":6.0},{"not_picked":["Ball Lightning","Reprogram"],"picked":"Compile Driver","floor":7.0},{"not_picked":["Tempest","Cold Snap"],"picked":"Creative AI","floor":8.0},{"not_picked":["Ball Lightning","Reprogram","Steam"],"picked":"Defragment","floor":12.0},{"not_picked":["Reinforced Body","Doom and Gloom","Hologram"],"picked":"Hello World","floor":13.0},{"not_picked":["Sweeping Beam","Darkness","Doom and Gloom","Redo"],"picked":"SKIP","floor":14.0},{"not_picked":["Electrodynamics","Biased Cognition","Meteor Strike"],"picked":"Echo Form","floor":16.0},{"not_picked":["Compile Driver+1","Steam Power","Rip and Tear"],"picked":"Steam","floor":18.0},{"not_picked":["Conserve Battery","Hologram","Darkness"],"picked":"Gash","floor":21.0},{"not_picked":["Turbo","Redo","Streamline"],"picked":"Steam+1","floor":22.0},{"not_picked":["Compile Driver+1","Skim+1","Thunder Strike"],"picked":"White Noise+1","floor":23}],"player_experience":230382,"relics_obtained":[{"floor":6.0,"key":"Thread and Needle"},{"floor":7.0,"key":"Boot"},{"floor":8.0,"key":"Pantograph"},{"floor":9.0,"key":"Question Card"},{"floor":23,"key":"Meat on the Bone"}],"event_choices":[{"event_name":"World of Goop","player_choice":"Gather Gold","floor":3.0,"damage_taken":0.0},{"event_name":"Bonfire Elementals","player_choice":"BASIC","floor":5.0,"damage_taken":0.0},{"event_name":"Dead Adventurer","player_choice":"Searched \u00272\u0027 times","floor":7.0,"damage_taken":0.0},{"event_name":"The Woman in Blue","player_choice":"Bought 0 Potions","floor":19.0,"damage_taken":0.0},{"event_name":"Addict","player_choice":"Obtained Relic","floor":20.0,"damage_taken":0.0}],"is_beta":false,"boss_relics":[{"not_picked":["Orrery","Tiny House"],"picked":"Nuclear Battery"}],"items_purged_floors":[],"is_endless":false,"potions_floor_spawned":[7,7,12,13,16,22],"killed_by":"Snecko","ascension_level":4}