{"gold_per_floor":[113,113,188,211,229,229,229,229,229,248,248],"floor_reached":11,"playtime":260,"items_purged":[],"score":126,"play_id":"d2364cad-3228-4426-ab81-09493cd20621","local_time":"20190806042930","is_ascension_mode":true,"campfire_choices":[{"data":"Cloak And Dagger","floor":6.0,"key":"SMITH"},{"data":"Neutralize","floor":8.0,"key":"SMITH"}],"neow_cost":"NONE","seed_source_timestamp":18654435333111,"circlet_count":0,"master_deck":["AscendersBane","Strike_G","Strike_G","Strike_G","Strike_G","Defend_G","Defend_G","Defend_G","Defend_G","Defend_G","Survivor","Neutralize+1","Deflect","Escape Plan","Cloak And Dagger+1","Backstab"],"special_seed":0,"relics":["Ring of the Snake","NeowsBlessing","Golden Idol","Shuriken"],"potions_floor_usage":[11,11,11,11],"damage_taken":[{"damage":0.0,"enemies":"2 Louse","floor":1.0,"turns":1.0},{"damage":0.0,"enemies":"Jaw Worm","floor":4.0,"turns":1.0},{"damage":0.0,"enemies":"Cultist","floor":5.0,"turns":1.0},{"damage":17.0,"enemies":"Gremlin Gang","floor":10.0,"turns":6.0},{"damage":11,"enemies":"3 Sentries","floor":11,"turns":4}],"seed_played":"-3081730573665737198","potions_obtained":[{"floor":5.0,"key":"EntropicBrew"},{"floor":10.0,"key":"Strength Potion"}],"is_trial":false,"path_per_floor":["M","?","?","M","M","R","?","R","T","M","E"],"character_chosen":"THE_SILENT","items_purchased":[],"campfire_rested":0,"item_purchase_floors":[],"current_hp_per_floor":[59,36,25,25,25,25,25,25,25,8,0],"gold":248,"neow_bonus":"THREE_ENEMY_KILL","is_prod":false,"is_daily":false,"chose_seed":false,"campfire_upgraded":2,"win_rate":0,"timestamp":1565090970,"path_taken":["M","?","?","M","?","R","?","R","T","?","E"],"build_version":"2019-07-17","purchased_purges":0,"victory":false,"max_hp_per_floor":[66,66,66,66,66,66,66,66,66,66,66],"card_choices":[{"not_picked":["Deflect","Sucker Punch","Poisoned Stab"],"picked":"SKIP","floor":1.0},{"not_picked":["Sucker Punch","Poisoned Stab"],"picked":"Deflect","floor":1.0},{"not_picked":["All Out Attack","Backflip"],"picked":"Escape Plan","floor":4.0},{"not_picked":["Blade Dance","Acrobatics"],"picked":"Cloak And Dagger","floor":5.0},{"not_picked":["Eviscerate","Dodge and Roll"],"picked":"Backstab","floor":10.0}],"player_experience":751446,"relics_obtained":[{"floor":9.0,"key":"Shuriken"}],"event_choices":[{"damage_healed":0.0,"max_hp_gain":0.0,"max_hp_loss":0.0,"gold_gain":0.0,"event_name":"Golden Idol","player_choice":"Take Damage","floor":2.0,"gold_loss":0.0,"damage_taken":23.0,"relics_obtained":["Golden Idol"]},{"damage_healed":0.0,"max_hp_gain":0.0,"max_hp_loss":0.0,"gold_gain":75.0,"event_name":"World of Goop","player_choice":"Gather Gold","floor":3.0,"gold_loss":0.0,"damage_taken":11.0},{"cards_removed":["Strike_G"],"damage_healed":0.0,"max_hp_gain":0.0,"max_hp_loss":0.0,"gold_gain":0.0,"event_name":"Bonfire Elementals","player_choice":"Offered Basic","floor":7.0,"gold_loss":0.0,"damage_taken":0.0}],"is_beta":false,"boss_relics":[],"items_purged_floors":[],"is_endless":false,"potions_floor_spawned":[5,10],"killed_by":"3 Sentries","ascension_level":20}