{"gold_per_floor":[118,118,293,303,316,351,351,380,380,393,393,393,393,408,408,532,532,557,557,336,355,57,57,57,92,147,147],"floor_reached":27,"playtime":774,"items_purged":["Strike_R"],"score":251,"play_id":"e9a6a37c-7163-42c6-8164-f91e10a15aa1","local_time":"20190726193126","is_ascension_mode":true,"campfire_choices":[{"data":"Uppercut","floor":7.0,"key":"SMITH"},{"data":"Sword Boomerang","floor":13.0,"key":"SMITH"},{"data":"Bash","floor":15.0,"key":"SMITH"},{"data":"Barricade","floor":23,"key":"SMITH"}],"neow_cost":"NONE","seed_source_timestamp":28943392307089,"circlet_count":0,"master_deck":["Strike_R","Strike_R","Strike_R","Defend_R+1","Defend_R+1","Defend_R","Defend_R","Bash+1","Uppercut+1","Sword Boomerang+1","Battle Trance","Barricade+1","True Grit+1","Evolve","Disarm","Seeing Red"],"special_seed":0,"relics":["Burning Blood","Omamori","Dream Catcher","Mercury Hourglass","Bag of Marbles","Golden Idol","Kunai","Runic Cube","War Paint","Happy Flower","Anchor","Singing Bowl","Nunchaku","Ancient Tea Set"],"potions_floor_usage":[25,25],"damage_taken":[{"damage":5.0,"enemies":"2 Louse","floor":1.0,"turns":3.0},{"damage":5.0,"enemies":"Small Slimes","floor":4.0,"turns":4.0},{"damage":6.0,"enemies":"Jaw Worm","floor":5.0,"turns":5.0},{"damage":20.0,"enemies":"Gremlin Nob","floor":6.0,"turns":4.0},{"damage":26.0,"enemies":"Lagavulin","floor":8.0,"turns":5.0},{"damage":0.0,"enemies":"2 Fungi Beasts","floor":10.0,"turns":2.0},{"damage":13.0,"enemies":"Red Slaver","floor":14.0,"turns":2.0},{"damage":23.0,"enemies":"Hexaghost","floor":16.0,"turns":9.0},{"damage":29,"enemies":"Spheric Guardian","floor":18,"turns":5},{"damage":10,"enemies":"Chosen","floor":21,"turns":7},{"damage":62,"enemies":"Gremlin Leader","floor":25,"turns":11},{"damage":26,"enemies":"Sentry and Sphere","floor":27,"turns":7}],"seed_played":"-8401286098909064674","potions_obtained":[{"floor":1.0,"key":"PowerPotion"},{"floor":4.0,"key":"Energy Potion"},{"floor":10.0,"key":"SteroidPotion"},{"floor":14.0,"key":"PowerPotion"},{"floor":21,"key":"BloodPotion"}],"is_trial":false,"path_per_floor":["M","?","?","M","M","E","R","E","T","M","?","T","R","M","R","B",null,"M","?","$","M","$","R","T","E","T","M"],"character_chosen":"IRONCLAD","items_purchased":["War Paint","Happy Flower","Anchor"],"campfire_rested":0,"item_purchase_floors":[20,22,22],"current_hp_per_floor":[80,85,85,85,85,71,71,51,51,57,36,36,36,29,29,12,85,62,62,62,58,58,58,58,23,23,0],"gold":147,"neow_bonus":"RANDOM_COMMON_RELIC","is_prod":false,"is_daily":false,"chose_seed":false,"campfire_upgraded":4,"win_rate":0,"timestamp":1564158686,"path_taken":["M","?","?","M","M","E","R","E","T","M","?","?","R","?","R","BOSS","M","?","$","?","?","R","?","E","T","M"],"build_version":"2019-07-17","purchased_purges":1,"victory":false,"max_hp_per_floor":[80,85,85,85,85,85,85,85,85,85,85,85,85,85,85,85,85,85,85,85,85,85,85,85,85,85,85],"card_choices":[{"not_picked":["Fire Breathing","Body Slam"],"picked":"Uppercut","floor":1.0},{"not_picked":["Body Slam","Warcry","Dual Wield"],"picked":"SKIP","floor":4.0},{"not_picked":["Clash","Seeing Red"],"picked":"Sword Boomerang","floor":5.0},{"not_picked":["True Grit","Rage","Bloodletting"],"picked":"SKIP","floor":6.0},{"not_picked":["Searing Blow","Heavy Blade"],"picked":"Battle Trance","floor":8.0},{"not_picked":["Wild Strike","Brutality","Twin Strike"],"picked":"SKIP","floor":10.0},{"not_picked":["Clash","Armaments","Havoc"],"picked":"SKIP","floor":14.0},{"not_picked":["Clash","Armaments","Havoc"],"picked":"SKIP","floor":14.0},{"not_picked":["Bludgeon","Fiend Fire"],"picked":"Barricade","floor":16.0},{"not_picked":["Shockwave","Pommel Strike"],"picked":"True Grit+1","floor":18},{"not_picked":["Headbutt","Flex"],"picked":"Disarm","floor":21},{"not_picked":["Headbutt","Limit Break"],"picked":"Seeing Red","floor":25}],"player_experience":1088406,"relics_obtained":[{"floor":6.0,"key":"Dream Catcher"},{"floor":8.0,"key":"Mercury Hourglass"},{"floor":9.0,"key":"Bag of Marbles"},{"floor":12.0,"key":"Kunai"},{"floor":24,"key":"Singing Bowl"},{"floor":25,"key":"Nunchaku"},{"floor":26,"key":"Ancient Tea Set"}],"event_choices":[{"damage_healed":0.0,"max_hp_gain":5.0,"max_hp_loss":0.0,"gold_gain":0.0,"event_name":"Big Fish","player_choice":"Donut","floor":2.0,"gold_loss":0.0,"damage_taken":0.0},{"damage_healed":0.0,"max_hp_gain":0.0,"max_hp_loss":0.0,"gold_gain":175.0,"event_name":"Liars Game","player_choice":"AGREE","floor":3.0,"gold_loss":0.0,"damage_taken":0.0,"cards_obtained":["Doubt"]},{"damage_healed":0.0,"max_hp_gain":0.0,"max_hp_loss":0.0,"gold_gain":0.0,"event_name":"Golden Idol","player_choice":"Take Damage","floor":11.0,"gold_loss":0.0,"damage_taken":21.0,"relics_obtained":["Golden Idol"]},{"damage_healed":0,"gold_gain":0,"cards_transformed":["Strike_R"],"player_choice":"Transformed","damage_taken":0,"max_hp_gain":0,"max_hp_loss":0,"event_name":"Transmorgrifier","floor":19,"gold_loss":0,"cards_obtained":["Evolve"]}],"is_beta":false,"boss_relics":[{"not_picked":["Pandora\u0027s Box","Fusion Hammer"],"picked":"Runic Cube"}],"items_purged_floors":[20],"is_endless":false,"potions_floor_spawned":[1,4,10,14,21],"killed_by":"Sentry and Sphere","ascension_level":1}