{"gold_per_floor":[117,40,50,60,76,111,111,122,148,148,148,159,159,172,172,277,277,290,310,323,323,50,50,30,30,54,68,68,86,96,195,195,292,292,306,324,379,379,379,379],"floor_reached":40,"playtime":12249,"items_purged":["Strike_G"],"score":390,"play_id":"66bfdc7a-b73c-46f9-a454-15186ad46a04","local_time":"20181229001826","is_ascension_mode":false,"campfire_choices":[{"data":"Acrobatics","floor":7.0,"key":"SMITH"},{"floor":10.0,"key":"RECALL"},{"data":"Bouncing Flask","floor":13.0,"key":"SMITH"},{"data":"Reflex","floor":15.0,"key":"SMITH"},{"data":"Panacea","floor":23.0,"key":"SMITH"},{"data":"Burst","floor":25.0,"key":"SMITH"},{"data":"Leg Sweep","floor":28.0,"key":"SMITH"},{"floor":32.0,"key":"REST"}],"neow_cost":"NONE","seed_source_timestamp":0,"circlet_count":0,"master_deck":["Defend_G","Defend_G","Defend_G","Defend_G","Defend_G","Strike_G","Strike_G","Strike_G","Strike_G","Survivor","Neutralize","Deflect","Riddle With Holes","Leg Sweep+1","Blur","Bouncing Flask+1","Acrobatics+1","Skewer","Blur","Reflex+1","Burst+1","Crippling Poison+1","Deadly Poison+1","Acrobatics+1","Backstab","Panacea+1","Caltrops","Venomology","Deadly Poison+1","Dash+1","Writhe"],"special_seed":0,"relics":["HoveringKite"],"potions_floor_usage":[35,35,37,37,37],"damage_taken":[{"damage":4.0,"enemies":"2 Louse","floor":1.0,"turns":3.0},{"damage":4.0,"enemies":"Cultist","floor":3.0,"turns":5.0},{"damage":0.0,"enemies":"Small Slimes","floor":4.0,"turns":5.0},{"damage":4.0,"enemies":"2 Fungi Beasts","floor":5.0,"turns":4.0},{"damage":12.0,"enemies":"Lagavulin","floor":6.0,"turns":8.0},{"damage":0.0,"enemies":"Lots of Slimes","floor":8.0,"turns":1.0},{"damage":2.0,"enemies":"Looter","floor":12.0,"turns":3.0},{"damage":2.0,"enemies":"Blue Slaver","floor":14.0,"turns":4.0},{"damage":5.0,"enemies":"Hexaghost","floor":16.0,"turns":12.0},{"damage":22.0,"enemies":"2 Thieves","floor":18.0,"turns":4.0},{"damage":0.0,"enemies":"3 Byrds","floor":19.0,"turns":5.0},{"damage":27.0,"enemies":"Centurion and Healer","floor":20.0,"turns":6.0},{"damage":14.0,"enemies":"Sentry and Sphere","floor":27.0,"turns":6.0},{"damage":12.0,"enemies":"Snake Plant","floor":29.0,"turns":7.0},{"damage":5.0,"enemies":"Centurion and Healer","floor":30.0,"turns":7.0},{"damage":29.0,"enemies":"Champ","floor":33.0,"turns":12.0},{"damage":1,"enemies":"Orb Walker","floor":35,"turns":4},{"damage":10,"enemies":"3 Shapes","floor":36,"turns":4},{"damage":51,"enemies":"2 Orb Walkers","floor":37,"turns":5},{"damage":30,"enemies":"Reptomancer","floor":40,"turns":3}],"seed_played":"-8897512335641936539","potions_obtained":[{"floor":3.0,"key":"Explosive Potion"},{"floor":4.0,"key":"PowerPotion"},{"floor":5.0,"key":"Dexterity Potion"},{"floor":12.0,"key":"Explosive Potion"},{"floor":14.0,"key":"Energy Potion"},{"floor":18.0,"key":"Regen Potion"},{"floor":20.0,"key":"Strength Potion"},{"floor":24.0,"key":"LiquidBronze"},{"floor":29.0,"key":"Regen Potion"},{"floor":33.0,"key":"Poison Potion"},{"floor":35,"key":"LiquidBronze"}],"is_trial":false,"path_per_floor":["M","$","M","M","M","E","E","R","M","T","R","?","M","R","M","R","B",null,"M","M","M","?","$","R","?","R","T","M","R","M","M","?","R","B",null,"M","M","?","?","?","E"],"character_chosen":"THE_SILENT","items_purchased":["Riddle With Holes","Backstab","Regen Potion","Panacea"],"campfire_rested":1,"item_purchase_floors":[2,22,22,22],"current_hp_per_floor":[66,66,62,62,58,46,46,46,46,46,70,68,68,66,66,61,70,48,48,36,36,36,36,36,36,36,37,37,25,35,35,56,27,70,69,59,8,26,26,0],"gold":379,"neow_bonus":"BOSS_RELIC","is_prod":false,"is_daily":false,"chose_seed":false,"campfire_upgraded":6,"win_rate":0,"timestamp":1546071506,"path_taken":["M","$","M","M","M","E","R","M","T","R","?","M","R","M","R","BOSS","M","M","?","?","$","R","?","R","T","?","R","M","M","?","R","BOSS","M","M","?","?","?","E"],"build_version":"2018-12-20","purchased_purges":1,"victory":false,"max_hp_per_floor":[70,70,70,70,70,70,70,70,70,70,70,70,70,70,70,70,70,70,70,70,70,70,70,70,70,70,70,70,70,70,70,70,70,70,70,70,70,70,70,70],"card_choices":[{"not_picked":["Outmaneuver","Cloak And Dagger"],"picked":"Deflect","floor":1.0},{"not_picked":["Die Die Die","Cloak And Dagger"],"picked":"Leg Sweep","floor":3.0},{"not_picked":["Blade Dance","Quick Slash"],"picked":"Blur","floor":4.0},{"not_picked":["Skewer","Masterful Stab"],"picked":"Bouncing Flask","floor":5.0},{"not_picked":["Outmaneuver","PiercingWail"],"picked":"Acrobatics","floor":6.0},{"not_picked":["Slice","Bane"],"picked":"Skewer","floor":8.0},{"not_picked":["Dagger Throw","Skewer"],"picked":"Blur","floor":12.0},{"not_picked":["Sucker Punch","Leg Sweep"],"picked":"Reflex","floor":14.0},{"not_picked":["Doppelganger","Venomology"],"picked":"Burst","floor":16.0},{"not_picked":["Escape Plan","Leg Sweep"],"picked":"Crippling Poison+1","floor":18.0},{"not_picked":["PiercingWail","Catalyst"],"picked":"Deadly Poison+1","floor":19.0},{"not_picked":["Quick Slash","Cloak And Dagger+1"],"picked":"Acrobatics+1","floor":20.0},{"not_picked":["Slice+1","Poisoned Stab","Deflect"],"picked":"SKIP","floor":27.0},{"not_picked":["Dagger Throw","Deadly Poison","Sucker Punch"],"picked":"SKIP","floor":29.0},{"not_picked":["Infinite Blades","After Image"],"picked":"Caltrops","floor":30.0},{"not_picked":["Die Die Die","Night Terror"],"picked":"Venomology","floor":33.0},{"not_picked":["Expertise","Calculated Gamble+1"],"picked":"Deadly Poison+1","floor":35},{"not_picked":["Dagger Throw","Bane","Flying Knee"],"picked":"SKIP","floor":36},{"not_picked":["Dagger Spray","Setup"],"picked":"Dash+1","floor":37}],"player_experience":527873,"relics_obtained":[],"event_choices":[{"damage_healed":24.0,"max_hp_gain":0.0,"max_hp_loss":0.0,"gold_gain":0.0,"event_name":"Wheel of Change","player_choice":"Full Heal","floor":11.0,"gold_loss":0.0,"damage_taken":0.0},{"damage_healed":0.0,"max_hp_gain":0.0,"max_hp_loss":0.0,"gold_gain":0.0,"event_name":"The Woman in Blue","player_choice":"Bought 1 Potion","floor":24.0,"gold_loss":0.0,"damage_taken":0.0},{"damage_healed":0.0,"max_hp_gain":0.0,"max_hp_loss":0.0,"gold_gain":99.0,"event_name":"Nest","player_choice":"Stole From Cult","floor":31.0,"gold_loss":0.0,"damage_taken":0.0},{"damage_healed":0,"gold_gain":0,"player_choice":"Fight","damage_taken":0,"max_hp_gain":0,"max_hp_loss":0,"event_name":"Mysterious Sphere","floor":37,"gold_loss":0},{"damage_healed":18,"gold_gain":0,"player_choice":"Writhe","damage_taken":0,"max_hp_gain":0,"max_hp_loss":0,"event_name":"Winding Halls","floor":38,"gold_loss":0,"cards_obtained":["Writhe"]},{"damage_healed":0,"gold_gain":0,"player_choice":"Ignored","damage_taken":0,"max_hp_gain":0,"max_hp_loss":0,"event_name":"Tomb of Lord Red Mask","floor":39,"gold_loss":0}],"is_beta":false,"boss_relics":[{"not_picked":["Sozu","Fusion Hammer","Coffee Dripper"]},{"not_picked":["Orrery","Empty Cage","Philosopher\u0027s Stone"]}],"items_purged_floors":[22],"is_endless":false,"potions_floor_spawned":[3,4,5,12,14,18,20,29,33,35],"killed_by":"Reptomancer","ascension_level":0}