{"gold_per_floor":[109,129,34,34,46,46,72,90,90,90,110,110,137,156,156,230,230,248,261,6,6,24,51,51,86,109,127,47,79,79,92,92,169,169,189,199,6,25,25,51,51,0,27,27,2,22,22,22,22,22,22,22,22,22],"floor_reached":54,"playtime":3501,"items_purged":[],"score":1362,"play_id":"1845c6c9-5f50-4f96-8d5a-abd0a7124300","local_time":"20190807002046","is_ascension_mode":true,"campfire_choices":[{"data":"Predator","floor":6,"key":"SMITH"},{"data":"Neutralize","floor":10,"key":"SMITH"},{"floor":15,"key":"REST"},{"data":"Blade Dance","floor":24,"key":"SMITH"},{"floor":30,"key":"REST"},{"floor":32,"key":"REST"},{"data":"Cloak And Dagger","floor":41,"key":"SMITH"},{"floor":47,"key":"RECALL"},{"data":"Riddle With Holes","floor":49,"key":"SMITH"},{"data":"Corpse Explosion","floor":52,"key":"SMITH"}],"neow_cost":"PERCENT_DAMAGE","seed_source_timestamp":31634204834172,"circlet_count":0,"master_deck":["AscendersBane","Strike_G","Defend_G","Defend_G","Defend_G","Defend_G","Defend_G","Survivor","Neutralize+1","Cloak And Dagger+1","Riddle With Holes+1","Distraction","Predator+1","Corpse Explosion+1","Flying Knee","Dagger Throw","Footwork+1","PiercingWail","A Thousand Cuts+1","Dodge and Roll","Blur+1","Backflip","A Thousand Cuts+1","Blade Dance+1","Footwork+1","Noxious Fumes+1","Bullet Time","Accuracy+1","Blade Dance+1","Violence","Backflip","Caltrops+1"],"relics":["Ring of the Snake","Calipers","Anchor","Blue Candle","Frozen Egg 2","Snecko Eye","Oddly Smooth Stone","Pear","Ice Cream","Omamori","Gremlin Horn","Empty Cage","Medical Kit","Thread and Needle","Red Mask"],"potions_floor_usage":[5,7,13,16,18,25,54,54],"damage_taken":[{"damage":2,"enemies":"Cultist","floor":1,"turns":5},{"damage":0,"enemies":"2 Louse","floor":2,"turns":3},{"damage":3,"enemies":"Small Slimes","floor":5,"turns":4},{"damage":25,"enemies":"3 Sentries","floor":7,"turns":6},{"damage":1,"enemies":"Gremlin Gang","floor":8,"turns":3},{"damage":0,"enemies":"Lots of Slimes","floor":11,"turns":2},{"damage":13,"enemies":"Gremlin Nob","floor":13,"turns":4},{"damage":0,"enemies":"Blue Slaver","floor":14,"turns":4},{"damage":26,"enemies":"Slime Boss","floor":16,"turns":12},{"damage":12,"enemies":"3 Byrds","floor":18,"turns":3},{"damage":7,"enemies":"2 Thieves","floor":19,"turns":3},{"damage":0,"enemies":"Chosen and Byrds","floor":22,"turns":4},{"damage":0,"enemies":"Gremlin Leader","floor":23,"turns":5},{"damage":19,"enemies":"Slavers","floor":25,"turns":3},{"damage":0,"enemies":"Centurion and Healer","floor":27,"turns":3},{"damage":0,"enemies":"Gremlin Leader","floor":29,"turns":4},{"damage":22,"enemies":"Cultist and Chosen","floor":31,"turns":5},{"damage":4,"enemies":"Champ","floor":33,"turns":12},{"damage":5,"enemies":"Orb Walker","floor":35,"turns":5},{"damage":0,"enemies":"3 Darklings","floor":36,"turns":2},{"damage":0,"enemies":"Sphere and 2 Shapes","floor":38,"turns":3},{"damage":0,"enemies":"Reptomancer","floor":40,"turns":5},{"damage":0,"enemies":"Spire Growth","floor":46,"turns":4},{"damage":11,"enemies":"Donu and Deca","floor":50,"turns":6},{"damage":95,"enemies":"Shield and Spear","floor":54,"turns":5}],"seed_played":"4837712887381520813","potions_obtained":[{"floor":2,"key":"Fruit Juice"},{"floor":5,"key":"Energy Potion"},{"floor":8,"key":"SkillPotion"},{"floor":16,"key":"Energy Potion"},{"floor":25,"key":"Dexterity Potion"},{"floor":27,"key":"Ancient Potion"},{"floor":38,"key":"PowerPotion"},{"floor":40,"key":"Fruit Juice"}],"is_trial":false,"path_per_floor":["M","M","$","?","M","R","E","M","T","R","M","?","E","M","R","B",null,"M","M","$","?","M","E","R","E","T","M","$","E","R","M","R","B",null,"M","M","$","M","?","E","R","?","T","?","$","M","R","$","R","B",null,"R","$","E"],"character_chosen":"THE_SILENT","items_purchased":["Dagger Spray","PowerPotion","Oddly Smooth Stone","FearPotion","Backflip","Footwork+1","Medical Kit","Backflip"],"campfire_rested":3,"item_purchase_floors":[3,3,20,20,20,28,37,45],"current_hp_per_floor":[43,43,43,43,45,45,20,19,19,19,19,19,6,6,28,2,57,45,38,38,38,38,48,48,29,29,29,29,29,54,32,57,53,77,72,72,72,72,72,72,72,72,72,72,72,72,72,72,72,61,79,79,79,0],"gold":22,"neow_bonus":"ONE_RARE_RELIC","is_prod":false,"is_daily":false,"chose_seed":false,"campfire_upgraded":6,"win_rate":0,"timestamp":1565130046,"path_taken":["M","M","$","?","?","R","E","M","T","R","M","?","E","M","R","BOSS","M","?","$","?","?","E","R","E","T","M","?","E","R","M","R","BOSS","M","M","$","M","?","E","R","?","T","?","?","M","R","$","R","BOSS","R","$","E"],"build_version":"2019-07-17","purchased_purges":0,"victory":false,"max_hp_per_floor":[70,70,70,70,75,75,75,75,75,75,75,75,75,75,75,75,75,75,75,75,75,75,85,85,85,85,85,85,85,85,85,85,85,85,85,85,85,85,85,85,85,85,85,85,85,85,85,85,85,85,85,85,85,90],"card_choices":[{"not_picked":["Outmaneuver","Escape Plan"],"picked":"Cloak And Dagger","floor":1},{"not_picked":["Backflip","Infinite Blades"],"picked":"Riddle With Holes","floor":2},{"not_picked":["Tactician","Footwork"],"picked":"Predator","floor":5},{"not_picked":["Quick Slash","PiercingWail"],"picked":"Corpse Explosion","floor":7},{"not_picked":["Acrobatics","Dagger Throw"],"picked":"Flying Knee","floor":8},{"not_picked":["Tactician","Prepared"],"picked":"Dagger Throw","floor":11},{"not_picked":["Dagger Spray","Heel Hook"],"picked":"Footwork","floor":13},{"not_picked":["Venomology","Blade Dance"],"picked":"PiercingWail","floor":14},{"not_picked":["Bullet Time","Grand Finale"],"picked":"A Thousand Cuts+1","floor":16},{"not_picked":["Deflect","Dagger Spray+1"],"picked":"Dodge and Roll","floor":18},{"not_picked":["Catalyst","Deflect+1"],"picked":"Blur+1","floor":19},{"not_picked":["Slice","Poisoned Stab"],"picked":"A Thousand Cuts+1","floor":22},{"not_picked":["Dagger Throw","Tactician"],"picked":"Blade Dance","floor":23},{"not_picked":["PiercingWail","Dagger Spray+1","Dodge and Roll+1"],"picked":"SKIP","floor":25},{"not_picked":["Quick Slash","Poisoned Stab","Dagger Throw"],"picked":"SKIP","floor":27},{"not_picked":["Corpse Explosion","Deflect","Outmaneuver+1"],"picked":"SKIP","floor":29},{"not_picked":["Heel Hook","Concentrate"],"picked":"Noxious Fumes+1","floor":31},{"not_picked":["Adrenaline","Tools of the Trade+1"],"picked":"Bullet Time","floor":33},{"not_picked":["Dodge and Roll+1","Calculated Gamble"],"picked":"Accuracy+1","floor":35},{"not_picked":["Dodge and Roll","Outmaneuver","Concentrate"],"picked":"SKIP","floor":36},{"not_picked":["Burst","Crippling Poison"],"picked":"Blade Dance+1","floor":38},{"not_picked":["Secret Technique","Impatience"],"picked":"Violence","floor":39},{"not_picked":["Flying Knee","Heel Hook","Outmaneuver+1"],"picked":"SKIP","floor":40},{"not_picked":["Outmaneuver+1","Dagger Spray+1"],"picked":"Caltrops+1","floor":46}],"player_experience":736667,"relics_obtained":[{"floor":7,"key":"Anchor"},{"floor":9,"key":"Blue Candle"},{"floor":13,"key":"Frozen Egg 2"},{"floor":23,"key":"Pear"},{"floor":25,"key":"Ice Cream"},{"floor":26,"key":"Omamori"},{"floor":29,"key":"Gremlin Horn"},{"floor":40,"key":"Thread and Needle"}],"event_choices":[{"damage_healed":0,"gold_gain":0,"cards_transformed":["Strike_G"],"player_choice":"Transformed","damage_taken":0,"max_hp_gain":0,"max_hp_loss":0,"event_name":"Transmorgrifier","floor":4,"gold_loss":0,"cards_obtained":["Distraction"]},{"damage_healed":0,"gold_gain":0,"player_choice":"Got Potions","damage_taken":0,"max_hp_gain":0,"max_hp_loss":0,"event_name":"Lab","floor":12,"gold_loss":0},{"cards_removed":["Strike_G"],"damage_healed":0,"gold_gain":0,"player_choice":"Purged","damage_taken":0,"max_hp_gain":0,"max_hp_loss":0,"event_name":"Purifier","floor":21,"gold_loss":0},{"damage_healed":0,"gold_gain":0,"player_choice":"Memory 1","damage_taken":0,"max_hp_gain":0,"max_hp_loss":0,"event_name":"SensoryStone","floor":39,"gold_loss":0},{"damage_healed":0,"gold_gain":0,"player_choice":"Paid","damage_taken":0,"relics_obtained":["Red Mask"],"max_hp_gain":0,"max_hp_loss":0,"event_name":"Tomb of Lord Red Mask","floor":42,"gold_loss":51},{"cards_removed":["Dagger Spray"],"damage_healed":0,"gold_gain":0,"player_choice":"Removed Attack","damage_taken":0,"max_hp_gain":0,"max_hp_loss":0,"event_name":"Falling","floor":44,"gold_loss":0}],"is_beta":false,"boss_relics":[{"not_picked":["HoveringKite","Runic Dome"],"picked":"Snecko Eye"},{"not_picked":["Philosopher\u0027s Stone","Lizard Tail"],"picked":"Empty Cage"}],"items_purged_floors":[],"is_endless":false,"potions_floor_spawned":[2,5,8,11,16,25,27,29,33,38,40],"killed_by":"Shield and Spear","ascension_level":13}