{"gold_per_floor":[115,115,132,12,23,23,23,23,47,66,78,111,130,130,130,203,203,223,212,212],"floor_reached":20,"playtime":1245,"items_purged":["Defend_R"],"score":299,"play_id":"d72fc641-3aa7-42d2-8b0e-3d6368aabe9f","local_time":"20190729133133","is_ascension_mode":true,"campfire_choices":[{"data":"Shrug It Off","floor":6.0,"key":"SMITH"},{"data":"Whirlwind","floor":8.0,"key":"SMITH"},{"data":"1","floor":15.0,"key":"LIFT"}],"neow_cost":"NONE","seed_source_timestamp":97921824962981,"circlet_count":0,"master_deck":["AscendersBane","Strike_R+1","Strike_R","Strike_R","Strike_R+1","Strike_R","Defend_R","Defend_R","Defend_R","Whirlwind+1","Shrug It Off+1","Shrug It Off","True Grit","Disarm","Barricade","Double Tap","Flame Barrier"],"special_seed":0,"relics":["Burning Blood","Orichalcum","Whetstone","Girya","Black Star"],"potions_floor_usage":[16,16,19],"damage_taken":[{"damage":1.0,"enemies":"Small Slimes","floor":1.0,"turns":4.0},{"damage":3.0,"enemies":"Jaw Worm","floor":3.0,"turns":4.0},{"damage":3.0,"enemies":"Cultist","floor":5.0,"turns":4.0},{"damage":2.0,"enemies":"Exordium Wildlife","floor":10.0,"turns":3.0},{"damage":0.0,"enemies":"3 Louse","floor":11.0,"turns":1.0},{"damage":42.0,"enemies":"Lagavulin","floor":12.0,"turns":9.0},{"damage":0.0,"enemies":"Large Slime","floor":13.0,"turns":10.0},{"damage":37,"enemies":"Slime Boss","floor":16,"turns":10},{"damage":25,"enemies":"Shell Parasite","floor":18,"turns":9},{"damage":19,"enemies":"2 Thieves","floor":19,"turns":4},{"damage":33,"enemies":"Snake Plant","floor":20,"turns":5}],"seed_played":"-7792339572586935066","potions_obtained":[{"floor":12.0,"key":"LiquidBronze"},{"floor":13.0,"key":"LiquidBronze"},{"floor":18,"key":"Explosive Potion"},{"floor":19,"key":"AttackPotion"}],"is_trial":false,"path_per_floor":["M","?","M","$","M","R","?","R","T","M","M","E","M","T","R","B",null,"M","M","M"],"character_chosen":"IRONCLAD","items_purchased":["Shrug It Off"],"campfire_rested":0,"item_purchase_floors":[4],"current_hp_per_floor":[73,78,80,80,80,80,80,80,80,80,80,44,50,50,50,19,65,46,33,0],"gold":212,"neow_bonus":"UPGRADE_CARD","is_prod":false,"is_daily":false,"chose_seed":false,"campfire_upgraded":2,"win_rate":0,"timestamp":1564399893,"path_taken":["M","?","M","$","M","R","?","R","T","?","M","E","M","?","R","BOSS","M","M","M"],"build_version":"2019-07-05","purchased_purges":1,"victory":false,"max_hp_per_floor":[75,80,80,80,80,80,80,80,80,80,80,80,80,80,80,80,80,80,80,80],"card_choices":[{"not_picked":["Body Slam","Combust"],"picked":"Whirlwind","floor":1.0},{"not_picked":["Headbutt","Wild Strike"],"picked":"Shrug It Off","floor":3.0},{"not_picked":["Headbutt","Rupture","Feel No Pain"],"picked":"SKIP","floor":5.0},{"not_picked":["Hemokinesis","Cleave"],"picked":"True Grit","floor":10.0},{"not_picked":["Pummel","True Grit"],"picked":"Disarm","floor":11.0},{"not_picked":["Twin Strike","Thunderclap"],"picked":"Barricade","floor":12.0},{"not_picked":["Infernal Blade","Clash","Sword Boomerang"],"picked":"SKIP","floor":13.0},{"not_picked":["Feed","Juggernaut"],"picked":"Double Tap","floor":16},{"not_picked":["Warcry","Twin Strike+1","Clash"],"picked":"SKIP","floor":18},{"not_picked":["Combust","Seeing Red"],"picked":"Flame Barrier","floor":19}],"player_experience":377833,"relics_obtained":[{"floor":9.0,"key":"Orichalcum"},{"floor":12.0,"key":"Whetstone"},{"floor":14.0,"key":"Girya"}],"event_choices":[{"damage_healed":0.0,"max_hp_gain":5.0,"max_hp_loss":0.0,"gold_gain":0.0,"event_name":"Big Fish","player_choice":"Donut","floor":2.0,"gold_loss":0.0,"damage_taken":0.0},{"cards_removed":["Bash"],"damage_healed":0.0,"max_hp_gain":0.0,"max_hp_loss":0.0,"gold_gain":0.0,"event_name":"Bonfire Elementals","player_choice":"Offered Basic","floor":7.0,"gold_loss":0.0,"damage_taken":0.0}],"is_beta":false,"boss_relics":[{"not_picked":["Runic Dome","Fusion Hammer"],"picked":"Black Star"}],"items_purged_floors":[4],"is_endless":false,"potions_floor_spawned":[12,13,18,19],"killed_by":"Snake Plant","ascension_level":14}