{"gold_per_floor":[117,117,133,147,160,160,188,208,208,208,58,58,75,105,105,176,176,211,224,224,224,268,268,268],"floor_reached":24,"playtime":783,"items_purged":[],"score":395,"play_id":"1025cd82-b1c3-4867-be04-30bc74ec93aa","local_time":"20181102234936","is_ascension_mode":true,"campfire_choices":[{"data":"Loop","floor":6,"key":"SMITH"},{"floor":10,"key":"REST"},{"data":"HandOfGreed","floor":12,"key":"SMITH"},{"floor":15,"key":"REST"},{"floor":23,"key":"REST"}],"neow_cost":"NONE","seed_source_timestamp":40790419325591,"circlet_count":0,"master_deck":["AscendersBane","Strike_B","Strike_B","Strike_B","Strike_B","Defend_B","Defend_B","Defend_B","Defend_B","Zap+1","Dualcast","Go for the Eyes","Loop+1","BootSequence","Leap","Coolheaded","HandOfGreed+1","Electrodynamics","Decay","Sweeping Beam"],"special_seed":0,"relics":["Cracked Core","The Courier","Question Card","Ancient Tea Set","Cursed Key"],"potions_floor_usage":[16,24],"damage_taken":[{"damage":2.0,"enemies":"Cultist","floor":1.0,"turns":4.0},{"damage":2,"enemies":"Jaw Worm","floor":3,"turns":3},{"damage":3,"enemies":"Small Slimes","floor":4,"turns":3},{"damage":2,"enemies":"Exordium Wildlife","floor":5,"turns":4},{"damage":24,"enemies":"Gremlin Nob","floor":7,"turns":4},{"damage":7,"enemies":"Exordium Thugs","floor":8,"turns":4},{"damage":4,"enemies":"Blue Slaver","floor":13,"turns":5},{"damage":20,"enemies":"Lagavulin","floor":14,"turns":6},{"damage":25,"enemies":"The Guardian","floor":16,"turns":14},{"damage":14,"enemies":"3 Byrds","floor":18,"turns":4},{"damage":11,"enemies":"Chosen","floor":19,"turns":5},{"damage":29,"enemies":"Centurion and Healer","floor":22,"turns":9},{"damage":35,"enemies":"Snecko","floor":24,"turns":5}],"seed_played":"-2456657641946416581","potions_obtained":[{"floor":3,"key":"Strength Potion"},{"floor":5,"key":"LiquidBronze"},{"floor":7,"key":"Swift Potion"},{"floor":18,"key":"Poison Potion"}],"is_trial":false,"path_per_floor":["M","?","M","M","M","R","E","M","T","R","$","R","M","E","R","B",null,"M","M","?","?","M","R","M"],"character_chosen":"DEFECT","items_purchased":["HandOfGreed"],"campfire_rested":3,"item_purchase_floors":[11],"current_hp_per_floor":[62,62,60,57,55,55,31,24,24,45,45,45,41,21,42,17,58,44,33,33,33,4,25,0],"gold":268,"neow_bonus":"UPGRADE_CARD","is_prod":false,"is_daily":false,"chose_seed":false,"campfire_upgraded":2,"win_rate":0,"timestamp":1541191776,"path_taken":["M","?","M","M","M","R","E","M","T","R","?","R","M","E","R","BOSS","M","M","?","?","M","R","M"],"build_version":"2018-11-01","purchased_purges":0,"victory":false,"max_hp_per_floor":[71,71,71,71,71,71,71,71,71,71,71,71,71,71,71,71,71,71,71,71,71,71,71,71],"card_choices":[{"not_picked":["Steam Power","Turbo"],"picked":"Go for the Eyes","floor":1.0},{"not_picked":["Streamline","Heatsinks"],"picked":"Loop","floor":3},{"not_picked":["Skim","Redo","Darkness"],"picked":"SKIP","floor":4},{"not_picked":["Compile Driver","Barrage"],"picked":"BootSequence","floor":5},{"not_picked":["Creative AI","Gash"],"picked":"Leap","floor":7},{"not_picked":["Aggregate","Go for the Eyes"],"picked":"Coolheaded","floor":8},{"not_picked":["Force Field","Streamline","Coolheaded","Leap"],"picked":"SKIP","floor":13},{"not_picked":["Gash","Coolheaded","Machine Learning","Streamline"],"picked":"SKIP","floor":14},{"not_picked":["Seek","Hyperbeam","All For One"],"picked":"Electrodynamics","floor":16},{"not_picked":["Coolheaded","Hologram","Reinforced Body","Force Field"],"picked":"SKIP","floor":18},{"not_picked":["Go for the Eyes+1","Multi-Cast","Turbo","Blizzard"],"picked":"SKIP","floor":19},{"not_picked":["Redo","Streamline+1","Static Discharge"],"picked":"Sweeping Beam","floor":22}],"player_experience":494903,"relics_obtained":[{"floor":7,"key":"The Courier"},{"floor":9,"key":"Question Card"},{"floor":14,"key":"Ancient Tea Set"}],"event_choices":[{"damage_healed":0,"gold_gain":0,"player_choice":"Fled","damage_taken":0,"max_hp_gain":0,"max_hp_loss":0,"event_name":"Scrap Ooze","floor":2,"gold_loss":0},{"damage_healed":0,"gold_gain":0,"player_choice":"Smashed Altar","damage_taken":0,"max_hp_gain":0,"max_hp_loss":0,"event_name":"Forgotten Altar","floor":20,"gold_loss":0,"cards_obtained":["Decay"]},{"damage_healed":0,"gold_gain":0,"player_choice":"Ignored","damage_taken":0,"max_hp_gain":0,"max_hp_loss":0,"event_name":"The Mausoleum","floor":21,"gold_loss":0}],"is_beta":false,"boss_relics":[{"not_picked":["Orrery","Philosopher\u0027s Stone"],"picked":"Cursed Key"}],"items_purged_floors":[],"is_endless":false,"potions_floor_spawned":[3,5,7,8,14,18,22],"killed_by":"Snecko","ascension_level":18}