{"gold_per_floor":[111,111,129,129,144,144,160,170,195,195,145,155,155,173,173,273,273,273,273,273,273,273,273,273,273,273,273,273,273,273,273,273,273,273,273,273,273,273,273,273],"floor_reached":40,"playtime":1787,"items_purged":["Strike_G"],"score":628,"play_id":"2d5b8e41-9cb1-4443-bf8a-6470a63421e6","local_time":"20181108184520","is_ascension_mode":true,"campfire_choices":[{"floor":6,"key":"REST"},{"floor":10,"key":"REST"},{"data":"Neutralize","floor":13,"key":"SMITH"},{"data":"Bouncing Flask","floor":15,"key":"SMITH"},{"floor":23,"key":"REST"},{"data":"Unload","floor":25,"key":"SMITH"},{"floor":27,"key":"REST"},{"floor":32,"key":"REST"}],"neow_cost":"NONE","seed_source_timestamp":24270854999843,"circlet_count":0,"master_deck":["AscendersBane","Defend_G","Defend_G","Defend_G","Defend_G","Defend_G","Strike_G","Strike_G","Strike_G","Strike_G","Survivor","Neutralize+1","Backflip","Quick Slash+1","Poisoned Stab","Bouncing Flask+1","Dash","Outmaneuver","Unload+1","Deadly Poison","RitualDagger","Deflect+1","Backstab+1","Footwork+1","Envenom","Prepared+1","Caltrops","Malaise","Dagger Spray+1","Crippling Poison+1","Flying Knee+1"],"relics":["Ring of the Snake","NeowsBlessing","Art of War","Smiling Mask","Ectoplasm","Tough Bandages","Tiny Chest","Ancient Tea Set","Tiny House","Pear"],"potions_floor_usage":[16,29,33,33,39,39],"damage_taken":[{"damage":0,"enemies":"2 Louse","floor":1,"turns":1},{"damage":0,"enemies":"Small Slimes","floor":3,"turns":1},{"damage":0,"enemies":"Jaw Worm","floor":5,"turns":1},{"damage":9,"enemies":"Lots of Slimes","floor":7,"turns":5},{"damage":18,"enemies":"Exordium Wildlife","floor":8,"turns":7},{"damage":23,"enemies":"Exordium Thugs","floor":12,"turns":6},{"damage":0,"enemies":"Looter","floor":14,"turns":3},{"damage":28,"enemies":"Hexaghost","floor":16,"turns":11},{"damage":7,"enemies":"Shell Parasite","floor":18,"turns":6},{"damage":7,"enemies":"Chosen","floor":21,"turns":6},{"damage":11,"enemies":"Shelled Parasite and Fungi","floor":24,"turns":6},{"damage":3,"enemies":"Snecko","floor":28,"turns":4},{"damage":9,"enemies":"Book of Stabbing","floor":29,"turns":7},{"damage":18,"enemies":"Cultist and Chosen","floor":30,"turns":7},{"damage":16,"enemies":"Shelled Parasite and Fungi","floor":31,"turns":7},{"damage":18,"enemies":"Collector","floor":33,"turns":12},{"damage":11,"enemies":"3 Shapes","floor":35,"turns":8},{"damage":29,"enemies":"Orb Walker","floor":36,"turns":4},{"damage":31,"enemies":"3 Darklings","floor":39,"turns":9},{"damage":4,"enemies":"Sphere and 2 Shapes","floor":40,"turns":3}],"seed_played":"7099793778237438435","potions_obtained":[{"floor":7,"key":"EssenceOfSteel"},{"floor":8,"key":"FearPotion"},{"floor":12,"key":"Poison Potion"},{"floor":21,"key":"Ancient Potion"},{"floor":22,"key":"SkillPotion"},{"floor":30,"key":"EssenceOfSteel"},{"floor":34,"key":"Explosive Potion"},{"floor":36,"key":"AttackPotion"}],"is_trial":false,"path_per_floor":["M","?","M","?","M","R","M","M","T","R","$","M","R","M","R","B",null,"M","?","T","M","?","R","M","R","T","R","M","E","M","M","R","B",null,"M","M","T","?","M","M"],"character_chosen":"THE_SILENT","items_purchased":[],"campfire_rested":5,"item_purchase_floors":[],"current_hp_per_floor":[63,38,38,38,38,59,50,32,32,53,53,30,30,30,30,2,53,46,40,40,33,33,54,43,43,43,64,61,52,34,18,39,21,63,52,23,33,33,2,0],"gold":273,"neow_bonus":"THREE_ENEMY_KILL","is_prod":false,"is_daily":false,"chose_seed":false,"campfire_upgraded":3,"win_rate":0,"timestamp":1541691920,"path_taken":["M","?","M","?","M","R","M","M","T","R","$","M","R","M","R","BOSS","M","?","?","?","?","R","M","R","T","R","M","E","M","M","R","BOSS","M","M","?","?","M","M"],"build_version":"2018-11-01","purchased_purges":1,"victory":false,"max_hp_per_floor":[70,70,70,70,70,70,70,70,70,70,70,70,70,70,70,70,70,70,70,70,70,70,70,70,70,70,70,70,70,70,70,70,70,75,75,75,85,85,85,85],"card_choices":[{"not_picked":["Deadly Poison","Deflect"],"picked":"Backflip","floor":1},{"not_picked":["Caltrops","Bane"],"picked":"Quick Slash","floor":3},{"not_picked":["Dagger Throw","Masterful Stab"],"picked":"Poisoned Stab","floor":5},{"not_picked":["Infinite Blades","Flechettes"],"picked":"Bouncing Flask","floor":7},{"not_picked":["Sucker Punch","Deflect"],"picked":"Dash","floor":8},{"not_picked":["Backflip","Phantasmal Killer"],"picked":"Outmaneuver","floor":12},{"not_picked":["Outmaneuver","Expertise","Reflex"],"picked":"SKIP","floor":14},{"not_picked":["Tools of the Trade","Storm of Steel"],"picked":"Unload","floor":16},{"not_picked":["Quick Slash","Reflex"],"picked":"Deadly Poison","floor":18},{"not_picked":["Dagger Throw","Slice"],"picked":"Deflect+1","floor":21},{"not_picked":["Escape Plan","Dagger Spray"],"picked":"Backstab+1","floor":24},{"not_picked":["Bouncing Flask","Dodge and Roll+1"],"picked":"Footwork","floor":28},{"not_picked":["Bullet Time","Deflect"],"picked":"Envenom","floor":29},{"not_picked":["Deflect","Eviscerate"],"picked":"Prepared+1","floor":30},{"not_picked":["Deflect+1","Flying Knee+1"],"picked":"Caltrops","floor":31},{"not_picked":["Night Terror","Doppelganger"],"picked":"Malaise","floor":33},{"not_picked":["Accuracy+1","Cloak And Dagger"],"picked":"Dagger Spray+1","floor":35},{"not_picked":["Cloak And Dagger","Skewer+1"],"picked":"Crippling Poison+1","floor":36},{"not_picked":["Slice+1","Flechettes+1"],"picked":"Flying Knee+1","floor":39}],"player_experience":502494,"relics_obtained":[{"floor":9,"key":"Smiling Mask"},{"floor":20,"key":"Tough Bandages"},{"floor":26,"key":"Tiny Chest"},{"floor":29,"key":"Ancient Tea Set"},{"floor":37,"key":"Pear"}],"event_choices":[{"damage_healed":0,"gold_gain":0,"player_choice":"Success","damage_taken":25,"relics_obtained":["Art of War"],"max_hp_gain":0,"max_hp_loss":0,"event_name":"Scrap Ooze","floor":2,"gold_loss":0},{"damage_healed":0,"gold_gain":0,"player_choice":"Grow","damage_taken":0,"max_hp_gain":0,"max_hp_loss":0,"event_name":"Living Wall","floor":4,"gold_loss":0,"cards_upgraded":["Quick Slash"]},{"damage_healed":0,"gold_gain":0,"player_choice":"Joined the Cult","damage_taken":6,"max_hp_gain":0,"max_hp_loss":0,"event_name":"Nest","floor":19,"gold_loss":0,"cards_obtained":["RitualDagger"]},{"damage_healed":0,"gold_gain":0,"player_choice":"Got Potions","damage_taken":0,"max_hp_gain":0,"max_hp_loss":0,"event_name":"Lab","floor":22,"gold_loss":0},{"damage_healed":0,"gold_gain":0,"player_choice":"Ignored","damage_taken":0,"max_hp_gain":0,"max_hp_loss":0,"event_name":"Tomb of Lord Red Mask","floor":38,"gold_loss":0}],"is_beta":false,"boss_relics":[{"not_picked":["Ring of the Serpent","Runic Dome"],"picked":"Ectoplasm"},{"not_picked":["Snecko Eye","Philosopher\u0027s Stone"],"picked":"Tiny House"}],"items_purged_floors":[11],"is_endless":false,"potions_floor_spawned":[7,8,12,21,30,36],"killed_by":"Sphere and 2 Shapes","ascension_level":10}