{"gold_per_floor":[117,117,45,59,9,9,44,44,44,44,44,57,85,85,85,181,181,195,145,145,157,157,157,185,185,185,135,162,178,178,198,198,299,299,312,49,65,77,77,77,177,177,177,192,210,235,235,253,253,253],"floor_reached":51,"playtime":1814,"items_purged":["Strike_B","Defend_B","Strike_B"],"score":1083,"play_id":"d843a738-a382-4459-8161-3c3c686c7250","local_time":"20190202193350","is_ascension_mode":true,"campfire_choices":[{"data":"Streamline","floor":6.0,"key":"SMITH"},{"data":"Zap","floor":8.0,"key":"SMITH"},{"data":"White Noise","floor":10.0,"key":"SMITH"},{"data":"Conserve Battery","floor":15.0,"key":"SMITH"},{"data":"Buffer","floor":23.0,"key":"SMITH"},{"floor":25.0,"key":"REST"},{"data":"Glacier","floor":30.0,"key":"SMITH"},{"floor":32.0,"key":"REST"},{"data":"Biased Cognition","floor":40.0,"key":"SMITH"},{"floor":42.0,"key":"REST"},{"data":"Blizzard","floor":47,"key":"SMITH"},{"floor":49,"key":"REST"}],"neow_cost":"NONE","seed_source_timestamp":24314676478427,"circlet_count":0,"master_deck":["Strike_B","Defend_B","Defend_B","Defend_B","Zap+1","Dualcast","Barrage","Conserve Battery+1","Streamline+1","White Noise+1","Ball Lightning+1","Glacier+1","Buffer+1","Coolheaded+1","Core Surge","Sweeping Beam","Hologram+1","Electrodynamics","Chill+1","Echo Form","Blizzard+1","Steam","Biased Cognition+1"],"special_seed":0,"relics":["FrozenCore","NeowsBlessing","Gambling Chip","Smiling Mask","Torii","Nloth\u0027s Gift","Letter Opener","Symbiotic Virus","Matryoshka","Inserter","Bronze Scales","Bag of Marbles","Gremlin Horn"],"potions_floor_usage":[48,50,50],"damage_taken":[{"damage":0.0,"enemies":"2 Louse","floor":1.0,"turns":1.0},{"damage":0.0,"enemies":"Jaw Worm","floor":4.0,"turns":1.0},{"damage":0.0,"enemies":"Lagavulin","floor":7.0,"turns":1.0},{"damage":0.0,"enemies":"Cultist","floor":12.0,"turns":2.0},{"damage":17.0,"enemies":"3 Sentries","floor":13.0,"turns":6.0},{"damage":18.0,"enemies":"The Guardian","floor":16.0,"turns":10.0},{"damage":1.0,"enemies":"Chosen","floor":18.0,"turns":4.0},{"damage":1.0,"enemies":"Shell Parasite","floor":21.0,"turns":7.0},{"damage":26.0,"enemies":"Gremlin Leader","floor":24.0,"turns":9.0},{"damage":16.0,"enemies":"Slavers","floor":28.0,"turns":8.0},{"damage":18.0,"enemies":"3 Cultists","floor":29.0,"turns":5.0},{"damage":8.0,"enemies":"Snake Plant","floor":31.0,"turns":5.0},{"damage":27.0,"enemies":"Collector","floor":33.0,"turns":11.0},{"damage":7.0,"enemies":"3 Shapes","floor":35.0,"turns":6.0},{"damage":0.0,"enemies":"Orb Walker","floor":37.0,"turns":4.0},{"damage":6.0,"enemies":"4 Shapes","floor":38.0,"turns":3.0},{"damage":0.0,"enemies":"Jaw Worm Horde","floor":44.0,"turns":4.0},{"damage":0.0,"enemies":"3 Darklings","floor":45.0,"turns":4.0},{"damage":0,"enemies":"Giant Head","floor":46,"turns":10},{"damage":34,"enemies":"Transient","floor":48,"turns":5},{"damage":27,"enemies":"Donu and Deca","floor":50,"turns":9}],"seed_played":"-5606467692454319574","potions_obtained":[{"floor":7.0,"key":"Strength Potion"},{"floor":12.0,"key":"SteroidPotion"},{"floor":18.0,"key":"SteroidPotion"},{"floor":29.0,"key":"Weak Potion"},{"floor":31.0,"key":"SkillPotion"},{"floor":38.0,"key":"Regen Potion"},{"floor":46,"key":"SkillPotion"},{"floor":48,"key":"Swift Potion"}],"is_trial":false,"path_per_floor":["M","?","$","M","$","R","E","R","T","R","T","M","E","?","R","B",null,"M","$","?","M","?","R","E","R","T","$","E","M","R","M","R","B",null,"M","$","M","M","?","R","?","R","T","M","M","E","R","M","R","B",null],"character_chosen":"DEFECT","items_purchased":["Conserve Battery","Streamline","Ball Lightning","Echo Form","Blizzard"],"campfire_rested":4,"item_purchase_floors":[3,3,5,36,36],"current_hp_per_floor":[75,68,68,68,68,68,68,68,68,68,68,68,51,51,51,33,65,64,64,64,63,63,63,37,59,59,59,43,25,25,17,39,12,59,52,52,52,46,46,46,46,68,68,68,68,68,68,34,56,44],"gold":253,"neow_bonus":"THREE_ENEMY_KILL","is_prod":false,"is_daily":false,"chose_seed":false,"campfire_upgraded":8,"win_rate":0,"timestamp":1549125230,"path_taken":["M","?","$","M","$","R","E","R","T","R","?","M","E","?","R","BOSS","M","$","?","M","?","R","E","R","T","$","E","M","R","?","R","BOSS","M","$","M","M","?","R","?","R","T","M","?","E","R","M","R","BOSS"],"build_version":"2019-01-23","purchased_purges":3,"victory":true,"max_hp_per_floor":[75,75,75,75,75,75,75,75,75,75,75,75,75,75,75,75,75,75,75,75,75,75,75,75,75,75,75,75,75,75,75,75,75,75,75,75,75,75,75,75,75,75,75,75,75,75,75,75,75,75],"card_choices":[{"not_picked":["Redo","Beam Cell"],"picked":"Barrage","floor":1.0},{"not_picked":["Turbo","Storm"],"picked":"White Noise","floor":4.0},{"not_picked":["Rip and Tear","Turbo","Beam Cell"],"picked":"SKIP","floor":7.0},{"not_picked":["Compile Driver","Beam Cell","Lockon"],"picked":"SKIP","floor":12.0},{"not_picked":["Beam Cell","Reprogram"],"picked":"Glacier","floor":13.0},{"not_picked":["Reboot","Hyperbeam"],"picked":"Buffer","floor":16.0},{"not_picked":["Compile Driver","Doom and Gloom"],"picked":"Coolheaded+1","floor":18.0},{"not_picked":["Ball Lightning","Turbo+1","Redo"],"picked":"SKIP","floor":21.0},{"not_picked":["Hyperbeam","Stack"],"picked":"Core Surge","floor":24.0},{"not_picked":["Turbo","Hyperbeam","Redo"],"picked":"SKIP","floor":28.0},{"not_picked":["Hologram","Conserve Battery"],"picked":"Sweeping Beam","floor":29.0},{"not_picked":["Heatsinks","Undo+1"],"picked":"Hologram+1","floor":31.0},{"not_picked":["Creative AI","Machine Learning"],"picked":"Electrodynamics","floor":33.0},{"not_picked":["Tempest","Rip and Tear+1"],"picked":"Chill+1","floor":35.0},{"not_picked":["Hello World+1","Turbo+1"],"picked":"Steam","floor":37.0},{"not_picked":["Fusion","Glacier+1"],"picked":"Biased Cognition","floor":38.0},{"not_picked":["Go for the Eyes","Barrage","Reprogram+1"],"picked":"SKIP","floor":44.0},{"not_picked":["Redo+1","Hello World","Barrage+1"],"picked":"SKIP","floor":45.0},{"not_picked":["Conserve Battery+1","Multi-Cast","Creative AI"],"picked":"SKIP","floor":46},{"not_picked":["Beam Cell","Steam+1","Double Energy"],"picked":"SKIP","floor":48}],"player_experience":733794,"relics_obtained":[{"floor":7.0,"key":"Gambling Chip"},{"floor":9.0,"key":"Smiling Mask"},{"floor":11.0,"key":"Torii"},{"floor":13.0,"key":"Calipers"},{"floor":24.0,"key":"Letter Opener"},{"floor":26.0,"key":"Symbiotic Virus"},{"floor":28.0,"key":"Matryoshka"},{"floor":43.0,"key":"Bronze Scales"},{"floor":43.0,"key":"Bag of Marbles"},{"floor":46,"key":"Gremlin Horn"}],"event_choices":[{"cards_removed":["Strike_B"],"damage_healed":0.0,"max_hp_gain":0.0,"max_hp_loss":0.0,"gold_gain":0.0,"event_name":"Golden Wing","player_choice":"Card Removal","floor":2.0,"gold_loss":0.0,"damage_taken":7.0},{"damage_healed":0.0,"max_hp_gain":0.0,"max_hp_loss":0.0,"gold_gain":0.0,"event_name":"Living Wall","player_choice":"Grow","floor":14.0,"gold_loss":0.0,"damage_taken":0.0,"cards_upgraded":["Ball Lightning"]},{"damage_healed":0.0,"max_hp_gain":0.0,"max_hp_loss":0.0,"gold_gain":0.0,"event_name":"Vampires","player_choice":"Ignored","floor":20.0,"gold_loss":0.0,"damage_taken":0.0},{"damage_healed":0.0,"max_hp_gain":0.0,"max_hp_loss":0.0,"gold_gain":0.0,"event_name":"N\u0027loth","player_choice":"Traded Relic","floor":22.0,"relics_lost":["Calipers"],"gold_loss":0.0,"damage_taken":0.0,"relics_obtained":["Nloth\u0027s Gift"]},{"damage_healed":0.0,"max_hp_gain":0.0,"max_hp_loss":0.0,"gold_gain":0.0,"event_name":"Mysterious Sphere","player_choice":"Ignored","floor":39.0,"gold_loss":0.0,"damage_taken":0.0},{"damage_healed":0.0,"max_hp_gain":0.0,"max_hp_loss":0.0,"gold_gain":100.0,"event_name":"Golden Shrine","player_choice":"Pray","floor":41.0,"gold_loss":0.0,"damage_taken":0.0}],"is_beta":false,"boss_relics":[{"not_picked":["Orrery","Velvet Choker"],"picked":"FrozenCore"},{"not_picked":["Lizard Tail","Snecko Eye"],"picked":"Inserter"}],"items_purged_floors":[19,27,36],"is_endless":false,"potions_floor_spawned":[7,12,18,29,31,38,46,48],"ascension_level":5}