{"gold_per_floor":[117,117,130,130,146,146,159,170,223,398,425,445,456,469,469,571,571,586,586,600,2,16,44,44,73,123,138,148,148,195,206,206,308,308,328,328,33,51,63,63,63,63,63,83,99,150,150,150,150,150],"floor_reached":51,"playtime":4452,"items_purged":[],"score":912,"play_id":"1bfcfab0-0219-49c0-8c3a-2cdb22812624","local_time":"20180902213357","is_ascension_mode":true,"campfire_choices":[{"data":"A Thousand Cuts","floor":6.0,"key":"SMITH"},{"floor":15.0,"key":"REST"},{"data":"After Image","floor":24.0,"key":"SMITH"},{"floor":32.0,"key":"REST"},{"data":"Noxious Fumes","floor":40,"key":"SMITH"},{"data":"Caltrops","floor":42,"key":"SMITH"},{"data":"Tactician","floor":47,"key":"SMITH"},{"data":"Footwork","floor":49,"key":"SMITH"}],"neow_cost":"","seed_source_timestamp":0,"circlet_count":0,"master_deck":["Defend_G","Defend_G","Defend_G","Strike_G","Strike_G+1","Strike_G","Survivor","Neutralize+1","Tactician+1","Calculated Gamble","Purity","Neutralize","Dagger Throw","A Thousand Cuts+1","Well Laid Plans","Deflect","Doubt","Underhanded Strike","Acrobatics","Backflip","After Image+1","Infinite Blades+1","Footwork","Accuracy+1","Acrobatics","Master of Strategy","Prepared+1","Blur","Footwork+1","Tools of the Trade","Deadly Poison","Glass Knife","Deflect","Parasite","Regret","Regret","Underhanded Strike+1","Caltrops+1","Noxious Fumes+1","Madness","Madness","Choke+1"],"special_seed":0,"relics":["Ring of the Snake","Art of War","Mummified Hand","Philosopher\u0027s Stone","Nunchaku","Oddly Smooth Stone","Whetstone","Potion Belt","Vajra","Calling Bell","Centennial Puzzle","Darkstone Periapt","Dead Branch","Bird Faced Urn","Bottled Tornado","The Specimen","Letter Opener"],"potions_floor_usage":[44,44,50,50],"damage_taken":[{"damage":0.0,"enemies":"2 Louse","floor":1.0,"turns":4.0},{"damage":0.0,"enemies":"Cultist","floor":3.0,"turns":3.0},{"damage":4.0,"enemies":"Jaw Worm","floor":5.0,"turns":5.0},{"damage":12.0,"enemies":"Gremlin Gang","floor":7.0,"turns":4.0},{"damage":6.0,"enemies":"3 Louse","floor":8.0,"turns":4.0},{"damage":34.0,"enemies":"Lagavulin","floor":11.0,"turns":9.0},{"damage":1.0,"enemies":"Large Slime","floor":12.0,"turns":5.0},{"damage":1.0,"enemies":"Blue Slaver","floor":13.0,"turns":4.0},{"damage":0.0,"enemies":"3 Louse","floor":14.0,"turns":1.0},{"damage":5.0,"enemies":"Hexaghost","floor":16.0,"turns":9.0},{"damage":19.0,"enemies":"Spheric Guardian","floor":18.0,"turns":4.0},{"damage":7.0,"enemies":"Chosen","floor":20.0,"turns":4.0},{"damage":3.0,"enemies":"Snecko","floor":22.0,"turns":5.0},{"damage":2.0,"enemies":"Book of Stabbing","floor":23.0,"turns":7.0},{"damage":1.0,"enemies":"Gremlin Leader","floor":25.0,"turns":6.0},{"damage":3.0,"enemies":"3 Cultists","floor":27.0,"turns":5.0},{"damage":1.0,"enemies":"Shelled Parasite and Fungi","floor":28.0,"turns":6.0},{"damage":14.0,"enemies":"Sentry and Sphere","floor":31.0,"turns":4.0},{"damage":0.0,"enemies":"Automaton","floor":33.0,"turns":8.0},{"damage":4,"enemies":"3 Shapes","floor":35,"turns":3},{"damage":0,"enemies":"3 Darklings","floor":38,"turns":2},{"damage":2,"enemies":"Sphere and 2 Shapes","floor":39,"turns":5},{"damage":3,"enemies":"Transient","floor":44,"turns":5},{"damage":11,"enemies":"3 Darklings","floor":45,"turns":3},{"damage":18,"enemies":"Mysterious Sphere","floor":46,"turns":3},{"damage":69,"enemies":"Donu and Deca","floor":50,"turns":6}],"seed_played":"-6319981117012479929","potions_obtained":[{"floor":1.0,"key":"LiquidBronze"},{"floor":3.0,"key":"LiquidBronze"},{"floor":8.0,"key":"Ancient Potion"},{"floor":13.0,"key":"Explosive Potion"},{"floor":16.0,"key":"LiquidBronze"},{"floor":23.0,"key":"SkillPotion"},{"floor":27.0,"key":"Energy Potion"},{"floor":31.0,"key":"Ancient Potion"},{"floor":33.0,"key":"Swift Potion"},{"floor":35,"key":"Explosive Potion"},{"floor":39,"key":"Ancient Potion"}],"is_trial":false,"path_per_floor":["M","?","M","?","M","R","M","M","T","?","E","M","M","M","R","B",null,"M","?","M","$","M","E","R","E","T","M","M","?","T","M","R","B",null,"M","?","$","M","M","R","?","R","T","M","M","?","R","T","R","B"],"character_chosen":"THE_SILENT","items_purchased":["Accuracy","Acrobatics","Nunchaku","Master of Strategy","Bird Faced Urn"],"campfire_rested":2,"item_purchase_floors":[21,21,21,21,37],"current_hp_per_floor":[70,70,70,63,59,59,47,41,41,41,7,6,5,5,26,21,70,51,51,44,44,41,39,39,38,38,35,34,34,34,20,41,41,70,66,66,66,70,68,68,59,59,59,68,70,64,64,64,64,15],"gold":150,"neow_bonus":"","is_prod":false,"is_daily":false,"chose_seed":false,"campfire_upgraded":6,"win_rate":0,"timestamp":1535949237,"path_taken":["M","?","?","?","M","R","?","M","T","?","E","M","M","M","R","BOSS","M","?","?","?","M","E","R","E","T","M","?","?","?","M","R","BOSS","M","?","$","M","?","R","?","R","T","M","?","?","R","?","R","BOSS"],"build_version":"2018-08-30","purchased_purges":0,"victory":true,"max_hp_per_floor":[70,70,70,70,70,70,70,70,70,70,70,70,70,70,70,70,70,70,70,70,70,70,70,70,70,70,70,70,70,70,70,70,70,70,70,70,70,70,70,70,70,70,70,70,70,70,70,70,70,70],"card_choices":[{"not_picked":["Concentrate","Heel Hook"],"picked":"Tactician","floor":1.0},{"not_picked":["Bane","Flying Knee","Heel Hook"],"picked":"SKIP","floor":3.0},{"not_picked":["Dagger Spray","Flying Knee"],"picked":"Well Laid Plans","floor":5.0},{"not_picked":["Caltrops","Bane","Terror"],"picked":"SKIP","floor":7.0},{"not_picked":["Deadly Poison","Flying Knee"],"picked":"Deflect","floor":8.0},{"not_picked":["Flechettes","Outmaneuver","Sucker Punch"],"picked":"SKIP","floor":11.0},{"not_picked":["Deadly Poison","Grand Finale"],"picked":"Underhanded Strike","floor":12.0},{"not_picked":["Prepared","Crippling Poison"],"picked":"Acrobatics","floor":13.0},{"not_picked":["Wraith Form v2","Blade Dance"],"picked":"Backflip","floor":14.0},{"not_picked":["Grand Finale","Doppelganger"],"picked":"After Image","floor":16.0},{"not_picked":["Bane","Flying Knee"],"picked":"Infinite Blades","floor":18.0},{"not_picked":["Predator","Tactician"],"picked":"Footwork","floor":20.0},{"not_picked":["PiercingWail","Bane","Underhanded Strike"],"picked":"SKIP","floor":22.0},{"not_picked":["Dodge and Roll","Distraction"],"picked":"Prepared+1","floor":23.0},{"not_picked":["Crippling Poison","Endless Agony"],"picked":"Blur","floor":25.0},{"not_picked":["Deflect","Prepared"],"picked":"Footwork","floor":27.0},{"not_picked":["Tactician","Quick Slash"],"picked":"Tools of the Trade","floor":28.0},{"not_picked":["Flying Knee+1","Masterful Stab","Endless Agony"],"picked":"SKIP","floor":31.0},{"not_picked":["All Out Attack+1","Dagger Spray+1"],"picked":"Underhanded Strike+1","floor":35},{"not_picked":["Dagger Throw","Bane+1"],"picked":"Caltrops","floor":38},{"not_picked":["Backflip","Dagger Spray+1"],"picked":"Noxious Fumes","floor":39},{"not_picked":["Deflect","Leg Sweep","Prepared+1"],"picked":"SKIP","floor":44},{"not_picked":["Dagger Spray+1","Eviscerate+1","Setup"],"picked":"SKIP","floor":45},{"not_picked":["PiercingWail+1","Dagger Throw+1"],"picked":"Choke+1","floor":46}],"player_experience":238317,"relics_obtained":[{"floor":9.0,"key":"Art of War"},{"floor":11.0,"key":"Mummified Hand"},{"floor":23.0,"key":"Oddly Smooth Stone"},{"floor":25.0,"key":"Whetstone"},{"floor":26.0,"key":"Potion Belt"},{"floor":30.0,"key":"Vajra"},{"floor":34,"key":"Centennial Puzzle"},{"floor":34,"key":"Darkstone Periapt"},{"floor":34,"key":"Dead Branch"},{"floor":43,"key":"Bottled Tornado"},{"floor":46,"key":"The Specimen"},{"floor":48,"key":"Letter Opener"}],"event_choices":[{"event_name":"Match and Keep!","player_choice":"5 cards matched","floor":2.0,"damage_taken":0.0},{"event_name":"Golden Wing","player_choice":"Card Removal","floor":4.0,"damage_taken":0.0},{"event_name":"Liars Game","player_choice":"agreed","floor":10.0,"damage_taken":0.0},{"event_name":"Upgrade Shrine","player_choice":"Upgraded","floor":19.0,"damage_taken":0.0},{"event_name":"Drug Dealer","player_choice":"Became Test Subject","floor":29.0,"damage_taken":0.0},{"event_name":"Upgrade Shrine","player_choice":"Upgraded","floor":36,"damage_taken":0},{"event_name":"Winding Halls","player_choice":"Embrace Madness","floor":41,"damage_taken":0},{"event_name":"Mysterious Sphere","player_choice":"Fight","floor":46,"damage_taken":0}],"is_beta":false,"boss_relics":[{"not_picked":["Snecko Eye","Coffee Dripper"],"picked":"Philosopher\u0027s Stone"},{"not_picked":["HoveringKite","Lizard Tail"],"picked":"Calling Bell"}],"items_purged_floors":[],"is_endless":false,"potions_floor_spawned":[1,3,8,13,16,23,27,31,33,35,39],"ascension_level":4}