{"gold_per_floor":[117,117,392,392,37,37,66,77,103,171,204,13,87,104,104,206,206,222,235,35,85,135,135,100,111,161,181,251,278,278,328,328,427,427,447,477,527,31,132,158,226,257,312,312,362,76,126,194,194,194],"floor_reached":51,"playtime":4651,"items_purged":["Pain","Regret","Strike_R","Strike_R","Bash"],"score":924,"play_id":"ad9ba9f6-a2a8-4cfd-9c75-012d072b02fa","local_time":"20180924111000","is_ascension_mode":true,"campfire_choices":[{"data":"Anger","floor":6.0,"key":"SMITH"},{"data":"Inflame","floor":15.0,"key":"SMITH"},{"data":"Flame Barrier","floor":23.0,"key":"SMITH"},{"data":"Rupture","floor":30.0,"key":"SMITH"},{"data":"Brutality","floor":32.0,"key":"SMITH"},{"data":"Barricade","floor":44.0,"key":"SMITH"},{"floor":49,"key":"REST"}],"neow_cost":"CURSE","seed_source_timestamp":0,"circlet_count":0,"master_deck":["Defend_R","Bash","Warcry","Dropkick","Anger+1","Bandage Up","Rampage","Shrug It Off","Power Through","Seeing Red","Ghostly Armor","Whirlwind","Feed","Inflame+1","Brutality+1","Flex+1","Inflame","Flame Barrier+1","Inflame","Pummel+1","Rupture+1","Barricade+1","Feel No Pain+1","Metallicize","Evolve","Whirlwind+1","Impervious","Warcry","Flame Barrier+1","Disarm+1"],"special_seed":0,"relics":["Burning Blood","SsserpentHead","Chemical X","Ancient Tea Set","Happy Flower","Vajra","Red Skull","Empty Cage","FossilizedHelix","Bag of Preparation","Omamori","Dodecahedron","Runic Cube","Ginger","ClockworkSouvenir","Art of War","Bird Faced Urn","Smiling Mask","Orichalcum","Oddly Smooth Stone","HandDrill"],"potions_floor_usage":[48,48,48,50],"damage_taken":[{"damage":16.0,"enemies":"Jaw Worm","floor":1.0,"turns":2.0},{"damage":27.0,"enemies":"Gremlin Nob","floor":7.0,"turns":4.0},{"damage":6.0,"enemies":"Cultist","floor":8.0,"turns":3.0},{"damage":12.0,"enemies":"2 Louse","floor":10.0,"turns":3.0},{"damage":25.0,"enemies":"3 Sentries","floor":11.0,"turns":7.0},{"damage":1.0,"enemies":"2 Fungi Beasts","floor":14.0,"turns":2.0},{"damage":39.0,"enemies":"The Guardian","floor":16.0,"turns":11.0},{"damage":4.0,"enemies":"Chosen","floor":18.0,"turns":6.0},{"damage":24.0,"enemies":"Shell Parasite","floor":19.0,"turns":4.0},{"damage":9.0,"enemies":"Shelled Parasite and Fungi","floor":25.0,"turns":5.0},{"damage":13.0,"enemies":"Centurion and Healer","floor":27.0,"turns":4.0},{"damage":5.0,"enemies":"Cultist and Chosen","floor":28.0,"turns":6.0},{"damage":6.0,"enemies":"Gremlin Leader","floor":29.0,"turns":4.0},{"damage":10.0,"enemies":"Automaton","floor":33.0,"turns":6.0},{"damage":0.0,"enemies":"3 Darklings","floor":35.0,"turns":1.0},{"damage":12.0,"enemies":"Mind Bloom Boss Battle","floor":37.0,"turns":6.0},{"damage":41.0,"enemies":"Mysterious Sphere","floor":39.0,"turns":4.0},{"damage":30.0,"enemies":"Nemesis","floor":40.0,"turns":7.0},{"damage":26.0,"enemies":"3 Shapes","floor":41.0,"turns":4.0},{"damage":6.0,"enemies":"Giant Head","floor":42.0,"turns":5.0},{"damage":24,"enemies":"Transient","floor":48,"turns":5},{"damage":103,"enemies":"Awakened One","floor":50,"turns":19}],"seed_played":"5999164575082837877","potions_obtained":[{"floor":8.0,"key":"Energy Potion"},{"floor":10.0,"key":"Strength Potion"},{"floor":14.0,"key":"Dexterity Potion"},{"floor":18.0,"key":"Strength Potion"},{"floor":25.0,"key":"Dexterity Potion"},{"floor":33.0,"key":"Dexterity Potion"},{"floor":35.0,"key":"SpeedPotion"},{"floor":36.0,"key":"Weak Potion"},{"floor":37.0,"key":"Energy Potion"},{"floor":42.0,"key":"Explosive Potion"},{"floor":48,"key":"Strength Potion"}],"is_trial":false,"path_per_floor":["M","?","?","?","$","R","E","M","T","M","E","$","T","M","R","B",null,"M","M","$","?","?","R","?","M","T","M","M","E","R","T","R","B",null,"M","?","?","$","?","E","M","E","T","R","?","$","?","M","R","B"],"character_chosen":"IRONCLAD","items_purchased":["Rampage","Shrug It Off","Chemical X","Feed","Inflame","ClockworkSouvenir","Art of War","Warcry","HandDrill","EssenceOfSteel"],"campfire_rested":1,"item_purchase_floors":[5,5,5,12,20,38,38,46,46,46],"current_hp_per_floor":[70,70,70,70,70,70,53,57,57,55,40,40,40,48,48,19,67,76,62,62,62,62,62,62,63,63,63,68,72,72,72,72,72,85,89,89,86,86,58,57,56,76,76,76,76,76,76,70,100,20],"gold":194,"neow_bonus":"TRANSFORM_TWO_CARDS","is_prod":false,"is_daily":false,"chose_seed":false,"campfire_upgraded":6,"win_rate":0,"timestamp":1537812600,"path_taken":["M","?","?","?","$","R","E","M","T","?","E","?","?","M","R","BOSS","M","M","$","?","?","R","?","M","T","M","?","E","R","?","R","BOSS","M","?","?","$","?","E","?","E","T","R","?","?","?","?","R","BOSS"],"build_version":"2018-09-20","purchased_purges":5,"victory":true,"max_hp_per_floor":[80,80,80,80,80,80,80,80,80,80,80,80,80,83,83,83,83,86,86,86,86,86,86,86,86,86,89,89,89,89,89,89,89,89,89,89,92,92,95,98,101,101,101,101,101,101,101,101,101,101],"card_choices":[{"not_picked":["Disarm","Pummel"],"picked":"Anger","floor":1.0},{"not_picked":["Bludgeon","Dropkick"],"picked":"Power Through","floor":7.0},{"not_picked":["Headbutt","Dual Wield"],"picked":"Seeing Red","floor":8.0},{"not_picked":["Clothesline","Uppercut"],"picked":"Ghostly Armor","floor":10.0},{"not_picked":["Sword Boomerang","Clash"],"picked":"Whirlwind","floor":11.0},{"not_picked":["Second Wind","Uppercut"],"picked":"Inflame","floor":14.0},{"not_picked":["Berserk","Dark Embrace"],"picked":"Brutality","floor":16.0},{"not_picked":["Iron Wave","True Grit","Headbutt"],"picked":"SKIP","floor":18.0},{"not_picked":["Havoc","Spot Weakness"],"picked":"Flex+1","floor":19.0},{"not_picked":["True Grit+1","Headbutt"],"picked":"Inflame","floor":25.0},{"not_picked":["Wild Strike","Headbutt"],"picked":"Pummel+1","floor":27.0},{"not_picked":["Headbutt","Perfected Strike","Dual Wield"],"picked":"SKIP","floor":28.0},{"not_picked":["Thunderclap+1","Body Slam"],"picked":"Rupture","floor":29.0},{"not_picked":["Juggernaut","Berserk"],"picked":"Barricade","floor":33.0},{"not_picked":["Dual Wield","Burning Pact+1"],"picked":"Feel No Pain+1","floor":35.0},{"not_picked":["Spot Weakness+1","Flex"],"picked":"Metallicize","floor":37.0},{"not_picked":["Headbutt","True Grit+1"],"picked":"Evolve","floor":39.0},{"not_picked":["Armaments","Heavy Blade+1"],"picked":"Whirlwind+1","floor":40.0},{"not_picked":["Searing Blow","Corruption","Pommel Strike+1"],"picked":"SKIP","floor":41.0},{"not_picked":["Anger+1","Flex"],"picked":"Impervious","floor":42.0},{"not_picked":["Sentinel+1","Heavy Blade"],"picked":"Disarm+1","floor":48}],"player_experience":329685,"relics_obtained":[{"floor":7.0,"key":"Ancient Tea Set"},{"floor":9.0,"key":"Happy Flower"},{"floor":11.0,"key":"Vajra"},{"floor":13.0,"key":"Red Skull"},{"floor":26.0,"key":"Bag of Preparation"},{"floor":29.0,"key":"Omamori"},{"floor":31.0,"key":"Dodecahedron"},{"floor":37.0,"key":"Ginger"},{"floor":39.0,"key":"Bird Faced Urn"},{"floor":40.0,"key":"Smiling Mask"},{"floor":42.0,"key":"Orichalcum"},{"floor":43.0,"key":"Oddly Smooth Stone"}],"event_choices":[{"event_name":"Match and Keep!","player_choice":"2 cards matched","floor":2.0,"damage_taken":0.0},{"event_name":"Golden Shrine","player_choice":"Desecrate","floor":3.0,"damage_taken":0.0},{"event_name":"FaceTrader","player_choice":"Trade","floor":4.0,"damage_taken":0.0},{"event_name":"The Library","player_choice":"Read","floor":21.0,"damage_taken":0.0},{"event_name":"Bonfire Elementals","player_choice":"BASIC","floor":22.0,"damage_taken":0.0},{"event_name":"Addict","player_choice":"Obtained Relic","floor":24.0,"damage_taken":0.0},{"event_name":"The Woman in Blue","player_choice":"Bought 1 Potion","floor":36.0,"damage_taken":0.0},{"event_name":"MindBloom","player_choice":"Fight","floor":37.0,"damage_taken":0.0},{"event_name":"Mysterious Sphere","player_choice":"Fight","floor":39.0,"damage_taken":0.0},{"event_name":"Falling","player_choice":"Removed Skill","floor":45.0,"damage_taken":0.0},{"event_name":"Duplicator","player_choice":"One dupe","floor":47.0,"damage_taken":0.0}],"is_beta":false,"boss_relics":[{"not_picked":["Ectoplasm","Orrery"],"picked":"Empty Cage"},{"not_picked":["Fusion Hammer","Runic Pyramid"],"picked":"Runic Cube"}],"items_purged_floors":[5,12,20,38,46],"is_endless":false,"potions_floor_spawned":[8,10,14,18,25,27,33,35,37,42,48],"ascension_level":5}