{"gold_per_floor":[109,119,119,119,34,69,69,102,102,102,118,137,154,134,134,206,206,223,273,273],"floor_reached":20,"playtime":625,"items_purged":[],"score":404,"play_id":"99727379-8ff0-47bc-a9f7-f428d7ac8ac4","local_time":"20190108221855","is_ascension_mode":true,"campfire_choices":[{"data":"Defragment","floor":7.0,"key":"SMITH"},{"data":"Cold Snap","floor":10.0,"key":"SMITH"},{"data":"Melter","floor":15.0,"key":"SMITH"}],"neow_cost":"NONE","seed_source_timestamp":36212422510705,"circlet_count":0,"master_deck":["AscendersBane","Strike_B","Strike_B","Strike_B","Defend_B","Defend_B","Defend_B","Defend_B","Zap+1","Dualcast","Defragment+1","Melter+1","Go for the Eyes","Cold Snap+1","Leap","Compile Driver","Recycle","Fission","Undo"],"special_seed":0,"relics":["Cracked Core","NeowsBlessing","Ornamental Fan","Centennial Puzzle","Lantern","Inserter"],"potions_floor_usage":[20],"damage_taken":[{"damage":0.0,"enemies":"2 Louse","floor":1.0,"turns":1.0},{"damage":0.0,"enemies":"Small Slimes","floor":2.0,"turns":1.0},{"damage":0.0,"enemies":"3 Sentries","floor":6.0,"turns":1.0},{"damage":15.0,"enemies":"Lagavulin","floor":8.0,"turns":4.0},{"damage":2.0,"enemies":"Cultist","floor":11.0,"turns":3.0},{"damage":8.0,"enemies":"3 Louse","floor":12.0,"turns":3.0},{"damage":8.0,"enemies":"Exordium Thugs","floor":13.0,"turns":3.0},{"damage":8.0,"enemies":"The Guardian","floor":16.0,"turns":9.0},{"damage":19.0,"enemies":"2 Thieves","floor":18.0,"turns":4.0},{"damage":41,"enemies":"Masked Bandits","floor":20,"turns":5}],"seed_played":"-6279144059995242907","potions_obtained":[{"floor":1.0,"key":"AttackPotion"},{"floor":2.0,"key":"Poison Potion"},{"floor":8.0,"key":"SkillPotion"},{"floor":14.0,"key":"FocusPotion"}],"is_trial":false,"path_per_floor":["M","M","?","?","$","E","R","E","T","R","M","M","M","?","R","B",null,"M","?","?"],"character_chosen":"DEFECT","items_purchased":["Melter"],"campfire_rested":0,"item_purchase_floors":[5],"current_hp_per_floor":[64,64,64,64,64,64,64,49,49,49,47,39,31,31,31,23,59,40,40,0],"gold":273,"neow_bonus":"THREE_ENEMY_KILL","is_prod":false,"is_daily":false,"chose_seed":false,"campfire_upgraded":3,"win_rate":0,"timestamp":1546975135,"path_taken":["M","M","?","?","$","E","R","E","T","R","M","?","M","?","R","BOSS","M","?","?"],"build_version":"2019-01-03v4","purchased_purges":0,"victory":false,"max_hp_per_floor":[71,71,71,71,71,71,71,71,71,71,71,71,71,71,71,71,71,71,71,71],"card_choices":[{"not_picked":["Sunder","Reprogram"],"picked":"Defragment","floor":1.0},{"not_picked":["Reinforced Body","Hello World","Redo"],"picked":"SKIP","floor":2.0},{"not_picked":["Steam Power","Beam Cell"],"picked":"Go for the Eyes","floor":6.0},{"not_picked":["Redo","Steam"],"picked":"Cold Snap","floor":8.0},{"not_picked":["Skim","Beam Cell"],"picked":"Leap","floor":11.0},{"not_picked":["Barrage","Compile Driver","Rip and Tear"],"picked":"SKIP","floor":12.0},{"not_picked":["Barrage","Rip and Tear"],"picked":"Compile Driver","floor":12.0},{"not_picked":["Stack","Compile Driver"],"picked":"Recycle","floor":13.0},{"not_picked":["Buffer","All For One"],"picked":"Fission","floor":16.0},{"not_picked":["Steam","Streamline"],"picked":"Undo","floor":18.0}],"player_experience":669009,"relics_obtained":[{"floor":6.0,"key":"Ornamental Fan"},{"floor":8.0,"key":"Centennial Puzzle"},{"floor":9.0,"key":"Lantern"}],"event_choices":[{"damage_healed":0.0,"max_hp_gain":0.0,"max_hp_loss":0.0,"gold_gain":0.0,"event_name":"Living Wall","player_choice":"Grow","floor":3.0,"gold_loss":0.0,"damage_taken":0.0,"cards_upgraded":["Zap"]},{"cards_removed":["Strike_B"],"damage_healed":0.0,"max_hp_gain":0.0,"max_hp_loss":0.0,"gold_gain":0.0,"event_name":"Purifier","player_choice":"Purged","floor":4.0,"gold_loss":0.0,"damage_taken":0.0},{"damage_healed":0.0,"max_hp_gain":0.0,"max_hp_loss":0.0,"gold_gain":0.0,"event_name":"The Woman in Blue","player_choice":"Bought 1 Potion","floor":14.0,"gold_loss":0.0,"damage_taken":0.0},{"damage_healed":0.0,"max_hp_gain":0.0,"max_hp_loss":0.0,"gold_gain":50.0,"event_name":"Nest","player_choice":"Stole From Cult","floor":19.0,"gold_loss":0.0,"damage_taken":0.0},{"damage_healed":0,"gold_gain":0,"player_choice":"Fought Bandits","damage_taken":0,"max_hp_gain":0,"max_hp_loss":0,"event_name":"Masked Bandits","floor":20,"gold_loss":0}],"is_beta":false,"boss_relics":[{"not_picked":["Cursed Key","Philosopher\u0027s Stone"],"picked":"Inserter"}],"items_purged_floors":[],"is_endless":false,"potions_floor_spawned":[1,2,6,8],"killed_by":"Masked Bandits","ascension_level":19}