{"gold_per_floor":[114,132,132,132,148,148,173,173,173,200,200,35,55,68,68,168,168,178,178,38,38,53,53,53],"floor_reached":24,"playtime":1595,"items_purged":["Strike_R","Strike_R"],"score":245,"play_id":"a8924436-d649-4f34-950f-7c6ba1ecae0a","local_time":"20190727233203","is_ascension_mode":true,"campfire_choices":[{"data":"Anger","floor":6,"key":"SMITH"},{"data":"Inflame","floor":8,"key":"SMITH"},{"floor":15,"key":"REST"},{"data":"True Grit","floor":23,"key":"SMITH"}],"neow_cost":"PERCENT_DAMAGE","seed_source_timestamp":23487428326889,"circlet_count":0,"master_deck":["Strike_R","Strike_R","Strike_R","Defend_R","Defend_R","Defend_R","Defend_R","Bash+1","Anger+1","Armaments","Feel No Pain","Inflame+1","Sword Boomerang","Feel No Pain","Shrug It Off","Warcry","Feed","True Grit+1","Shockwave"],"relics":["Burning Blood","Charon\u0027s Ashes","Pantograph","Potion Belt","Bird Faced Urn","Coffee Dripper"],"potions_floor_usage":[10,22,24,24],"damage_taken":[{"damage":4,"enemies":"Small Slimes","floor":1,"turns":4},{"damage":2,"enemies":"Jaw Worm","floor":2,"turns":3},{"damage":4,"enemies":"2 Louse","floor":5,"turns":4},{"damage":30,"enemies":"Lagavulin","floor":7,"turns":6},{"damage":17,"enemies":"3 Sentries","floor":10,"turns":7},{"damage":11,"enemies":"Looter","floor":13,"turns":3},{"damage":14,"enemies":"Large Slime","floor":14,"turns":5},{"damage":28,"enemies":"Slime Boss","floor":16,"turns":9},{"damage":25,"enemies":"Spheric Guardian","floor":18,"turns":5},{"damage":11,"enemies":"3 Byrds","floor":22,"turns":4},{"damage":77,"enemies":"Gremlin Leader","floor":24,"turns":9}],"seed_played":"5716139641245098495","potions_obtained":[{"floor":7,"key":"Poison Potion"},{"floor":13,"key":"EssenceOfSteel"},{"floor":16,"key":"Swift Potion"},{"floor":18,"key":"AttackPotion"}],"is_trial":false,"path_per_floor":["M","M","?","?","M","R","E","R","T","E","?","$","M","M","R","B",null,"M","?","$","?","M","R","E"],"character_chosen":"IRONCLAD","items_purchased":["Feel No Pain","Shrug It Off","Shockwave"],"campfire_rested":1,"item_purchase_floors":[12,12,20],"current_hp_per_floor":[58,62,62,62,64,64,40,40,40,29,29,29,26,20,44,53,80,67,83,83,67,66,66,0],"gold":53,"neow_bonus":"ONE_RARE_RELIC","is_prod":false,"is_daily":false,"chose_seed":false,"campfire_upgraded":3,"win_rate":0,"timestamp":1564263123,"path_taken":["M","M","?","?","M","R","E","R","T","E","?","$","M","M","R","BOSS","M","?","$","?","M","R","E"],"build_version":"2019-07-17","purchased_purges":2,"victory":false,"max_hp_per_floor":[80,80,80,80,80,80,80,80,80,80,80,80,80,80,80,80,80,83,83,83,88,88,88,88],"card_choices":[{"not_picked":["True Grit","Armaments"],"picked":"Anger","floor":1},{"not_picked":["Clash","Ghostly Armor"],"picked":"Armaments","floor":2},{"not_picked":["Fire Breathing","Clash"],"picked":"Feel No Pain","floor":5},{"not_picked":["Twin Strike","Anger"],"picked":"Inflame","floor":7},{"not_picked":["Ghostly Armor","Pommel Strike"],"picked":"Sword Boomerang","floor":10},{"not_picked":["Twin Strike","Perfected Strike"],"picked":"Warcry","floor":13},{"not_picked":["Double Tap","Ghostly Armor","Sword Boomerang"],"picked":"SKIP","floor":14},{"not_picked":["Exhume","Demon Form"],"picked":"Feed","floor":16},{"not_picked":["Havoc","Warcry"],"picked":"True Grit","floor":18},{"not_picked":["Cleave","Flex","Twin Strike"],"picked":"SKIP","floor":22}],"player_experience":611862,"relics_obtained":[{"floor":7,"key":"Pantograph"},{"floor":9,"key":"Potion Belt"},{"floor":10,"key":"Bird Faced Urn"}],"event_choices":[{"damage_healed":0,"gold_gain":0,"player_choice":"Grow","damage_taken":0,"max_hp_gain":0,"max_hp_loss":0,"event_name":"Living Wall","floor":3,"gold_loss":0,"cards_upgraded":["Bash"]},{"damage_healed":0,"gold_gain":0,"player_choice":"Ignored","damage_taken":0,"max_hp_gain":0,"max_hp_loss":0,"event_name":"Golden Idol","floor":4,"gold_loss":0},{"damage_healed":0,"gold_gain":0,"player_choice":"Ignored","damage_taken":0,"max_hp_gain":0,"max_hp_loss":0,"event_name":"Liars Game","floor":11,"gold_loss":0},{"damage_healed":27,"gold_gain":0,"player_choice":"Heal","damage_taken":0,"max_hp_gain":0,"max_hp_loss":0,"event_name":"The Library","floor":19,"gold_loss":0},{"damage_healed":0,"gold_gain":0,"player_choice":"Shed Blood","damage_taken":21,"max_hp_gain":5,"max_hp_loss":0,"event_name":"Forgotten Altar","floor":21,"gold_loss":0}],"is_beta":false,"boss_relics":[{"not_picked":["Runic Dome","Snecko Eye"],"picked":"Coffee Dripper"}],"items_purged_floors":[12,20],"is_endless":false,"potions_floor_spawned":[7,13,16,18],"killed_by":"Gremlin Leader","ascension_level":4}