{"gold_per_floor":[20,20,45,65,65,65,105,105,105,105,105,380,8,23,23,121,121,144,158,7,7,7,7,7,48,75,75,91,91,109,127,127,221,221,237,27,27,45,45],"floor_reached":39,"playtime":2870,"items_purged":["Regret","Strike_R","Strike_R"],"score":774,"play_id":"196205d8-c046-4c65-828e-4622e4dcea03","local_time":"20190708194821","is_ascension_mode":true,"campfire_choices":[{"data":"Juggernaut","floor":6.0,"key":"SMITH"},{"data":"Body Slam","floor":8.0,"key":"SMITH"},{"data":"Armaments","floor":10.0,"key":"SMITH"},{"floor":15.0,"key":"REST"},{"data":"Disarm","floor":23.0,"key":"SMITH"},{"floor":27.0,"key":"REST"},{"data":"Battle Trance","floor":32.0,"key":"SMITH"}],"neow_cost":"NO_GOLD","seed_source_timestamp":336139299423301,"circlet_count":0,"master_deck":["AscendersBane","Strike_R","Strike_R","Defend_R","Defend_R","Defend_R","Defend_R","Bash","Juggernaut+1","Body Slam+1","Armaments+1","Iron Wave","Flame Barrier","Battle Trance+1","Mayhem+1","Disarm+1","Impervious","Body Slam+1","Iron Wave+1","Anger+1","Necronomicurse","Corruption+1","Headbutt+1","Juggernaut+1","Disarm"],"special_seed":0,"relics":["Burning Blood","Golden Idol","Molten Egg 2","Frozen Egg 2","Ornamental Fan","Sozu","Necronomicon","Pantograph","Anchor","Fusion Hammer"],"potions_floor_usage":[],"damage_taken":[{"damage":2.0,"enemies":"Cultist","floor":1.0,"turns":4.0},{"damage":7.0,"enemies":"Small Slimes","floor":3.0,"turns":4.0},{"damage":0.0,"enemies":"2 Louse","floor":4.0,"turns":3.0},{"damage":25.0,"enemies":"3 Sentries","floor":7.0,"turns":6.0},{"damage":4.0,"enemies":"Red Slaver","floor":14.0,"turns":5.0},{"damage":15.0,"enemies":"Hexaghost","floor":16.0,"turns":9.0},{"damage":3.0,"enemies":"3 Byrds","floor":18.0,"turns":4.0},{"damage":22.0,"enemies":"Shell Parasite","floor":19.0,"turns":4.0},{"damage":28.0,"enemies":"Gremlin Leader","floor":25.0,"turns":6.0},{"damage":4.0,"enemies":"Centurion and Healer","floor":28.0,"turns":6.0},{"damage":5.0,"enemies":"Cultist and Chosen","floor":30.0,"turns":6.0},{"damage":1.0,"enemies":"Snake Plant","floor":31.0,"turns":5.0},{"damage":53.0,"enemies":"Collector","floor":33.0,"turns":10.0},{"damage":43.0,"enemies":"3 Darklings","floor":35.0,"turns":5.0},{"damage":20.0,"enemies":"3 Shapes","floor":38.0,"turns":5.0},{"damage":17,"enemies":"3 Darklings","floor":39,"turns":2}],"seed_played":"3636478545413639881","potions_obtained":[{"floor":1.0,"key":"GamblersBrew"},{"floor":3.0,"key":"AttackPotion"},{"floor":16.0,"key":"SpeedPotion"}],"is_trial":false,"path_per_floor":["M","?","M","M","?","R","E","R","T","R","?","?","$","M","R","B",null,"M","M","$","?","?","R","?","E","T","R","M","?","M","M","R","B",null,"M","$","?","M","M"],"character_chosen":"IRONCLAD","items_purchased":["Battle Trance","Mayhem+1","Anger+1","Disarm"],"campfire_rested":2,"item_purchase_floors":[13,13,20,36],"current_hp_per_floor":[72,46,45,51,56,56,37,37,37,37,11,11,11,13,37,28,67,70,54,54,33,33,33,33,11,11,35,37,37,38,43,43,21,65,28,28,28,14,0],"gold":45,"neow_bonus":"THREE_RARE_CARDS","is_prod":false,"is_daily":false,"chose_seed":false,"campfire_upgraded":5,"win_rate":0,"timestamp":1562629701,"path_taken":["M","?","M","M","?","R","E","R","T","R","?","?","$","M","R","BOSS","M","M","$","?","?","R","?","E","T","R","M","?","?","M","R","BOSS","M","$","?","M","M"],"build_version":"2019-07-05","purchased_purges":3,"victory":false,"max_hp_per_floor":[75,75,75,75,80,80,80,80,80,80,80,80,80,80,80,80,80,80,80,80,80,80,80,80,80,80,80,80,80,80,80,80,80,80,80,80,80,80,80],"card_choices":[{"not_picked":["Dark Embrace","Demon Form"],"picked":"Juggernaut","floor":0.0},{"not_picked":["Clothesline","Feel No Pain"],"picked":"Body Slam","floor":1.0},{"not_picked":["Warcry","Clothesline"],"picked":"Armaments","floor":3.0},{"not_picked":["Second Wind","Armaments"],"picked":"Iron Wave","floor":4.0},{"not_picked":["Clash","Dropkick"],"picked":"Flame Barrier","floor":7.0},{"not_picked":["Hemokinesis+1","Blood for Blood+1"],"picked":"Disarm","floor":14.0},{"not_picked":["Immolate+1","Feed+1"],"picked":"Impervious","floor":16.0},{"not_picked":["Pommel Strike+1","Headbutt+1"],"picked":"Body Slam+1","floor":18.0},{"not_picked":["Thunderclap+1","Flex"],"picked":"Iron Wave+1","floor":19.0},{"not_picked":["Wild Strike+1","Berserk+1","Seeing Red+1"],"picked":"SKIP","floor":25.0},{"not_picked":["Armaments","Entrench"],"picked":"Corruption+1","floor":28.0},{"not_picked":["Headbutt+1","Dropkick+1"],"picked":"Iron Wave+1","floor":30.0},{"not_picked":["Thunderclap+1","Iron Wave+1"],"picked":"Headbutt+1","floor":31.0},{"not_picked":["Brutality+1","Barricade+1"],"picked":"Juggernaut+1","floor":33.0},{"not_picked":["Flex+1","Pommel Strike+1","Sword Boomerang+1"],"picked":"SKIP","floor":35.0},{"not_picked":["Reckless Charge+1","True Grit","Clothesline+1"],"picked":"SKIP","floor":38.0}],"player_experience":2417929,"relics_obtained":[{"floor":7.0,"key":"Molten Egg 2"},{"floor":9.0,"key":"Frozen Egg 2"},{"floor":21.0,"key":"Necronomicon"},{"floor":25.0,"key":"Pantograph"},{"floor":26.0,"key":"Anchor"}],"event_choices":[{"damage_healed":0.0,"max_hp_gain":0.0,"max_hp_loss":0.0,"gold_gain":0.0,"event_name":"Golden Idol","player_choice":"Take Damage","floor":2.0,"gold_loss":0.0,"damage_taken":26.0,"relics_obtained":["Golden Idol"]},{"damage_healed":0.0,"max_hp_gain":5.0,"max_hp_loss":0.0,"gold_gain":0.0,"event_name":"Big Fish","player_choice":"Donut","floor":5.0,"gold_loss":0.0,"damage_taken":0.0},{"damage_healed":0.0,"max_hp_gain":0.0,"max_hp_loss":0.0,"gold_gain":0.0,"event_name":"Scrap Ooze","player_choice":"Success","floor":11.0,"gold_loss":0.0,"damage_taken":26.0,"relics_obtained":["Ornamental Fan"]},{"damage_healed":0.0,"max_hp_gain":0.0,"max_hp_loss":0.0,"gold_gain":275.0,"event_name":"Golden Shrine","player_choice":"Desecrate","floor":12.0,"gold_loss":0.0,"damage_taken":0.0,"cards_obtained":["Regret"]},{"damage_healed":0.0,"max_hp_gain":0.0,"max_hp_loss":0.0,"gold_gain":0.0,"event_name":"Cursed Tome","player_choice":"Obtained Book","floor":21.0,"gold_loss":0.0,"damage_taken":21.0},{"damage_healed":0.0,"max_hp_gain":0.0,"max_hp_loss":0.0,"gold_gain":0.0,"event_name":"Ghosts","player_choice":"Ignored","floor":22.0,"gold_loss":0.0,"damage_taken":0.0},{"cards_removed":["Strike_R"],"damage_healed":0.0,"max_hp_gain":0.0,"max_hp_loss":0.0,"gold_gain":0.0,"event_name":"Back to Basics","player_choice":"Elegance","floor":29.0,"gold_loss":0.0,"damage_taken":0.0},{"cards_removed":["Iron Wave"],"damage_healed":0.0,"max_hp_gain":0.0,"max_hp_loss":0.0,"gold_gain":0.0,"event_name":"Falling","player_choice":"Removed Attack","floor":37.0,"gold_loss":0.0,"damage_taken":0.0}],"is_beta":false,"boss_relics":[{"not_picked":["Ectoplasm","Busted Crown"],"picked":"Sozu"},{"not_picked":["Velvet Choker","Calling Bell"],"picked":"Fusion Hammer"}],"items_purged_floors":[13,20,36],"is_endless":false,"potions_floor_spawned":[1,3,16,25,31,33,38],"killed_by":"3 Darklings","ascension_level":19}