{"gold_per_floor":[117,67,81,47,47,79,79,89,89,100,118,118,134,168,168,264,264,274,291,75,75],"floor_reached":21,"playtime":1600,"items_purged":["Strike_R"],"score":258,"play_id":"d8c407c6-3dba-43d7-9e96-2c99738059fb","local_time":"20190517131423","is_ascension_mode":true,"campfire_choices":[{"data":"Spot Weakness","floor":7.0,"key":"SMITH"},{"floor":12.0,"key":"REST"},{"floor":15.0,"key":"REST"}],"neow_cost":"NONE","seed_source_timestamp":82460662286949,"circlet_count":0,"master_deck":["Strike_R","Strike_R","Strike_R","Strike_R","Defend_R","Defend_R","Defend_R","Bash","Dark Embrace","Headbutt","Spot Weakness+1","Purity","Twin Strike","Fiend Fire","True Grit","Intimidate","Power Through","Whirlwind","Double Tap","Battle Trance+1","Blood for Blood+1","Trip"],"special_seed":0,"relics":["Burning Blood","Gremlin Horn","Matryoshka","Smiling Mask","Black Star"],"potions_floor_usage":[21],"damage_taken":[{"damage":5.0,"enemies":"Cultist","floor":1.0,"turns":5.0},{"damage":5.0,"enemies":"Small Slimes","floor":3.0,"turns":4.0},{"damage":45.0,"enemies":"3 Sentries","floor":6.0,"turns":7.0},{"damage":3.0,"enemies":"2 Louse","floor":8.0,"turns":2.0},{"damage":16.0,"enemies":"Blue Slaver","floor":10.0,"turns":3.0},{"damage":10.0,"enemies":"Looter","floor":11.0,"turns":3.0},{"damage":15.0,"enemies":"3 Louse","floor":13.0,"turns":2.0},{"damage":25.0,"enemies":"Lagavulin","floor":14.0,"turns":6.0},{"damage":41,"enemies":"Slime Boss","floor":16,"turns":9},{"damage":23,"enemies":"Chosen","floor":18,"turns":8},{"damage":22,"enemies":"Spheric Guardian","floor":19,"turns":5},{"damage":49,"enemies":"Snake Plant","floor":21,"turns":4}],"seed_played":"6663613478385848932","potions_obtained":[{"floor":10.0,"key":"Energy Potion"},{"floor":16,"key":"FearPotion"},{"floor":19,"key":"Fire Potion"}],"is_trial":false,"path_per_floor":["M","?","M","$","?","E","R","M","T","M","M","R","M","E","R","B",null,"M","M","$","M"],"character_chosen":"IRONCLAD","items_purchased":["Spot Weakness","Regen Potion","Trip"],"campfire_rested":2,"item_purchase_floors":[4,20,20],"current_hp_per_floor":[73,73,74,74,74,35,35,38,38,28,24,48,39,20,44,9,62,45,29,29,0],"gold":75,"neow_bonus":"ONE_RANDOM_RARE_CARD","is_prod":false,"is_daily":false,"chose_seed":false,"campfire_upgraded":1,"win_rate":0,"timestamp":1558091663,"path_taken":["M","?","M","$","?","E","R","M","T","M","M","R","?","E","R","BOSS","M","M","$","M"],"build_version":"2019-01-23","purchased_purges":1,"victory":false,"max_hp_per_floor":[80,80,80,80,80,80,80,80,80,80,80,80,80,80,80,80,80,80,80,80,80],"card_choices":[{"not_picked":["Pommel Strike","Iron Wave","Anger"],"picked":"SKIP","floor":1.0},{"not_picked":["Clash","Infernal Blade"],"picked":"Headbutt","floor":3.0},{"not_picked":["Pommel Strike","Cleave"],"picked":"Twin Strike","floor":6.0},{"not_picked":["Whirlwind","Clash"],"picked":"Fiend Fire","floor":8.0},{"not_picked":["Warcry","Cleave"],"picked":"True Grit","floor":10.0},{"not_picked":["Heavy Blade","Perfected Strike"],"picked":"Intimidate","floor":11.0},{"not_picked":["Dual Wield","Seeing Red"],"picked":"Power Through","floor":13.0},{"not_picked":["Warcry","Inflame"],"picked":"Whirlwind","floor":14.0},{"not_picked":["Berserk","Dark Embrace"],"picked":"Double Tap","floor":16},{"not_picked":["Sword Boomerang","Body Slam"],"picked":"Battle Trance+1","floor":18},{"not_picked":["Searing Blow","Perfected Strike+1"],"picked":"Blood for Blood+1","floor":19}],"player_experience":301258,"relics_obtained":[{"floor":6.0,"key":"Gremlin Horn"},{"floor":9.0,"key":"Matryoshka"},{"floor":14.0,"key":"Smiling Mask"}],"event_choices":[{"cards_removed":["Defend_R"],"damage_healed":0.0,"max_hp_gain":0.0,"max_hp_loss":0.0,"gold_gain":0.0,"event_name":"The Cleric","player_choice":"Card Removal","floor":2.0,"gold_loss":50.0,"damage_taken":0.0},{"damage_healed":0.0,"max_hp_gain":0.0,"max_hp_loss":0.0,"gold_gain":0.0,"event_name":"Match and Keep!","player_choice":"1 cards matched","floor":5.0,"gold_loss":0.0,"damage_taken":0.0,"cards_obtained":["Purity"]}],"is_beta":false,"boss_relics":[{"not_picked":["Pandora\u0027s Box","Runic Cube"],"picked":"Black Star"}],"items_purged_floors":[20],"is_endless":false,"potions_floor_spawned":[10,16,19],"killed_by":"Snake Plant","ascension_level":7}