{"gold_per_floor":[116,116,132,132,147,147,180,180,180,28,41,58,58,90,90,189,189,208,208,224,224,224,224,249,249,249,249,249,249,71,101,101,101],"floor_reached":33,"playtime":1299,"items_purged":["Strike_G","Strike_G"],"score":330,"play_id":"7fd45b30-3149-4ec1-ace6-9cf7546e8b00","local_time":"20190716212142","is_ascension_mode":true,"campfire_choices":[{"data":"Glass Knife","floor":6.0,"key":"SMITH"},{"data":"Neutralize","floor":8.0,"key":"SMITH"},{"data":"Quick Slash","floor":15.0,"key":"SMITH"},{"data":"RitualDagger","floor":23.0,"key":"SMITH"},{"data":"Survivor","floor":25.0,"key":"SMITH"},{"data":"Dagger Spray","floor":28.0,"key":"SMITH"},{"floor":32,"key":"REST"}],"neow_cost":"PERCENT_DAMAGE","seed_source_timestamp":21496236703181,"circlet_count":0,"master_deck":["Strike_G","Defend_G","Defend_G","Defend_G","Defend_G","Defend_G","Survivor+1","Neutralize+1","Glass Knife+1","Backstab","Dagger Spray+1","Quick Slash+1","Poisoned Stab","PiercingWail","Caltrops+1","Escape Plan","Escape Plan","Blur+1","RitualDagger+1","Decay","Blur","Terror"],"special_seed":0,"relics":["Ring of the Snake","Gambling Chip","Meat on the Bone","Ninja Scroll","Cursed Key","Juzu Bracelet","Dodecahedron","Kunai","Omamori","The Courier"],"potions_floor_usage":[33],"damage_taken":[{"damage":0.0,"enemies":"Small Slimes","floor":1.0,"turns":4.0},{"damage":0.0,"enemies":"Cultist","floor":3.0,"turns":2.0},{"damage":0.0,"enemies":"Jaw Worm","floor":5.0,"turns":2.0},{"damage":5.0,"enemies":"3 Sentries","floor":7.0,"turns":6.0},{"damage":0.0,"enemies":"Looter","floor":11.0,"turns":1.0},{"damage":0.0,"enemies":"Large Slime","floor":12.0,"turns":3.0},{"damage":0.0,"enemies":"Gremlin Nob","floor":14.0,"turns":2.0},{"damage":29.0,"enemies":"The Guardian","floor":16.0,"turns":8.0},{"damage":0.0,"enemies":"Chosen","floor":18.0,"turns":3.0},{"damage":0.0,"enemies":"Spheric Guardian","floor":20.0,"turns":1.0},{"damage":22.0,"enemies":"Gremlin Leader","floor":24.0,"turns":7.0},{"damage":4,"enemies":"Slavers","floor":31,"turns":4},{"damage":76,"enemies":"Collector","floor":33,"turns":7}],"seed_played":"1853025016449245027","potions_obtained":[{"floor":1.0,"key":"EssenceOfSteel"},{"floor":7.0,"key":"Regen Potion"},{"floor":11.0,"key":"EssenceOfSteel"},{"floor":18.0,"key":"Regen Potion"}],"is_trial":false,"path_per_floor":["M","?","M","?","M","R","E","R","T","$","M","M","?","E","R","B",null,"M","?","M","?","?","R","E","R","T","?","R","?","$","E","R","B"],"character_chosen":"THE_SILENT","items_purchased":["Caltrops","Blur"],"campfire_rested":1,"item_purchase_floors":[10,30],"current_hp_per_floor":[49,49,49,42,42,42,37,37,37,37,37,37,37,37,37,20,70,70,70,70,70,64,64,42,42,42,42,42,42,42,38,59,0],"gold":101,"neow_bonus":"THREE_RARE_CARDS","is_prod":false,"is_daily":false,"chose_seed":false,"campfire_upgraded":6,"win_rate":0,"timestamp":1563301302,"path_taken":["M","?","?","?","M","R","E","R","T","$","M","M","?","E","R","BOSS","M","?","M","?","?","R","E","R","T","?","R","?","$","E","R","BOSS"],"build_version":"2019-07-05","purchased_purges":2,"victory":false,"max_hp_per_floor":[70,70,70,70,70,70,70,70,70,70,70,70,70,70,70,70,70,70,70,70,70,70,70,70,70,70,70,70,70,70,70,70,70],"card_choices":[{"not_picked":["Doppelganger","Burst"],"picked":"Glass Knife","floor":0.0},{"not_picked":["Caltrops","Underhanded Strike"],"picked":"Backstab","floor":1.0},{"not_picked":["Eviscerate","PiercingWail"],"picked":"Quick Slash","floor":3.0},{"not_picked":["Outmaneuver","Backflip"],"picked":"Poisoned Stab","floor":5.0},{"not_picked":["Envenom","Finisher"],"picked":"PiercingWail","floor":7.0},{"not_picked":["Deadly Poison","Sucker Punch","Acrobatics"],"picked":"SKIP","floor":11.0},{"not_picked":["Underhanded Strike","Endless Agony"],"picked":"Escape Plan","floor":12.0},{"not_picked":["Outmaneuver","Dagger Throw"],"picked":"Escape Plan","floor":14.0},{"not_picked":["Endless Agony","Heel Hook+1","Dagger Spray"],"picked":"SKIP","floor":18.0},{"not_picked":["Endless Agony","Heel Hook+1","Dagger Spray"],"picked":"SKIP","floor":18.0},{"not_picked":["Endless Agony","Heel Hook+1","Dagger Spray"],"picked":"SKIP","floor":18.0},{"not_picked":["Crippling Poison","Setup+1"],"picked":"Blur+1","floor":20.0},{"not_picked":["Heel Hook","Choke","Bullet Time"],"picked":"SKIP","floor":24.0},{"not_picked":["Dodge and Roll","Acrobatics+1"],"picked":"Terror","floor":31}],"player_experience":1068886,"relics_obtained":[{"floor":7.0,"key":"Gambling Chip"},{"floor":9.0,"key":"Meat on the Bone"},{"floor":14.0,"key":"Ninja Scroll"},{"floor":24.0,"key":"Dodecahedron"},{"floor":26.0,"key":"Kunai"},{"floor":31,"key":"The Courier"}],"event_choices":[{"damage_healed":0.0,"max_hp_gain":0.0,"max_hp_loss":0.0,"gold_gain":0.0,"cards_transformed":["Strike_G"],"event_name":"Transmorgrifier","player_choice":"Transformed","floor":2.0,"gold_loss":0.0,"damage_taken":0.0,"cards_obtained":["Dagger Spray"]},{"cards_removed":["Strike_G"],"damage_healed":0.0,"max_hp_gain":0.0,"max_hp_loss":0.0,"gold_gain":0.0,"event_name":"Golden Wing","player_choice":"Card Removal","floor":4.0,"gold_loss":0.0,"damage_taken":7.0},{"damage_healed":0.0,"max_hp_gain":0.0,"max_hp_loss":0.0,"gold_gain":0.0,"event_name":"Living Wall","player_choice":"Grow","floor":13.0,"gold_loss":0.0,"damage_taken":0.0,"cards_upgraded":["Caltrops"]},{"damage_healed":0.0,"max_hp_gain":0.0,"max_hp_loss":0.0,"gold_gain":0.0,"event_name":"Ghosts","player_choice":"Ignored","floor":19.0,"gold_loss":0.0,"damage_taken":0.0},{"damage_healed":0.0,"max_hp_gain":0.0,"max_hp_loss":0.0,"gold_gain":0.0,"event_name":"WeMeetAgain","player_choice":"Gave Potion","floor":21.0,"gold_loss":0.0,"damage_taken":0.0,"relics_obtained":["Juzu Bracelet"]},{"damage_healed":0.0,"max_hp_gain":0.0,"max_hp_loss":0.0,"gold_gain":0.0,"event_name":"Nest","player_choice":"Joined the Cult","floor":22.0,"gold_loss":0.0,"damage_taken":6.0,"cards_obtained":["RitualDagger"]},{"damage_healed":0.0,"max_hp_gain":0.0,"max_hp_loss":0.0,"gold_gain":0.0,"event_name":"The Mausoleum","player_choice":"Opened","floor":27.0,"gold_loss":0.0,"damage_taken":0.0,"relics_obtained":["Omamori"]},{"damage_healed":0.0,"max_hp_gain":0.0,"max_hp_loss":0.0,"gold_gain":0.0,"event_name":"Vampires","player_choice":"Ignored","floor":29.0,"gold_loss":0.0,"damage_taken":0.0}],"is_beta":false,"boss_relics":[{"not_picked":["Astrolabe","Tiny House"],"picked":"Cursed Key"}],"items_purged_floors":[10,30],"is_endless":false,"potions_floor_spawned":[1,7,11,16,18],"killed_by":"Collector","ascension_level":1}