{"gold_per_floor":[112,112,129,146,146,146,161,186,213,234,52,96,117,131,131,256,256,277,300,300,320,344,344,344,357,357,373,373,404,404,436,436,539,539,556,569,569,580,31,31],"floor_reached":40,"playtime":12295,"items_purged":[],"score":434,"play_id":"3350ddfa-c811-4fe2-aefa-a851a8d545b5","local_time":"20190128004835","is_ascension_mode":false,"campfire_choices":[{"data":"Bash","floor":6.0,"key":"SMITH"},{"data":"Rampage","floor":15.0,"key":"SMITH"},{"floor":23,"key":"REST"},{"floor":28,"key":"REST"},{"floor":30,"key":"REST"},{"floor":32,"key":"REST"}],"neow_cost":"","seed_source_timestamp":0,"circlet_count":0,"master_deck":["Strike_R","Strike_R+1","Strike_R","Strike_R","Strike_R","Defend_R","Defend_R","Defend_R","Defend_R","Bash+1","Intimidate+1","Sword Boomerang+1","Body Slam","Ghostly Armor","Iron Wave","Uppercut","Apotheosis","Twin Strike","Rampage+1","Headbutt","Impervious","Cleave","Iron Wave+1","Battle Trance","Shrug It Off","Battle Trance+1","Brutality+1","Disarm+1","Shockwave+1","HandOfGreed","Searing Blow+1","Impervious","Transmutation"],"special_seed":0,"relics":["Burning Blood","Bloody Idol","Regal Pillow","Strawberry","Fusion Hammer","Shuriken","Bronze Scales","Whetstone","Astrolabe","Vajra"],"potions_floor_usage":[22,29,31,33,33],"damage_taken":[{"damage":10.0,"enemies":"Jaw Worm","floor":1.0,"turns":4.0},{"damage":3.0,"enemies":"2 Louse","floor":3.0,"turns":3.0},{"damage":2.0,"enemies":"Small Slimes","floor":4.0,"turns":4.0},{"damage":7.0,"enemies":"Blue Slaver","floor":7.0,"turns":5.0},{"damage":4.0,"enemies":"Looter","floor":8.0,"turns":4.0},{"damage":4.0,"enemies":"3 Louse","floor":10.0,"turns":5.0},{"damage":4.0,"enemies":"Lagavulin","floor":12.0,"turns":7.0},{"damage":8.0,"enemies":"Gremlin Gang","floor":13.0,"turns":7.0},{"damage":0.0,"enemies":"Large Slime","floor":14.0,"turns":6.0},{"damage":28.0,"enemies":"The Guardian","floor":16.0,"turns":12.0},{"damage":7.0,"enemies":"Shell Parasite","floor":18.0,"turns":6.0},{"damage":0,"enemies":"3 Byrds","floor":19,"turns":6},{"damage":32,"enemies":"Centurion and Healer","floor":21,"turns":7},{"damage":1,"enemies":"Snake Plant","floor":22,"turns":5},{"damage":14,"enemies":"Cultist and Chosen","floor":25,"turns":5},{"damage":7,"enemies":"Centurion and Healer","floor":27,"turns":6},{"damage":21,"enemies":"Book of Stabbing","floor":29,"turns":7},{"damage":28,"enemies":"Slavers","floor":31,"turns":6},{"damage":52,"enemies":"Champ","floor":33,"turns":11},{"damage":13,"enemies":"Orb Walker","floor":35,"turns":5},{"damage":36,"enemies":"3 Darklings","floor":36,"turns":6},{"damage":34,"enemies":"Jaw Worm Horde","floor":38,"turns":5},{"damage":47,"enemies":"Giant Head","floor":40,"turns":5}],"seed_played":"-7446992380476008262","potions_obtained":[{"floor":3.0,"key":"EssenceOfSteel"},{"floor":7.0,"key":"Strength Potion"},{"floor":8.0,"key":"EssenceOfSteel"},{"floor":12.0,"key":"SmokeBomb"},{"floor":13.0,"key":"Block Potion"},{"floor":18,"key":"Swift Potion"},{"floor":19,"key":"AttackPotion"},{"floor":22,"key":"EssenceOfSteel"},{"floor":25,"key":"Fire Potion"},{"floor":31,"key":"LiquidBronze"}],"is_trial":false,"path_per_floor":["M","?","M","M","?","R","M","M","T","M","$","E","M","M","R","B",null,"M","M","?","M","M","R","?","M","T","M","R","E","R","E","R","B",null,"M","M","?","M","$","E"],"character_chosen":"IRONCLAD","items_purchased":["Apotheosis","Impervious","Transmutation","Vajra","Explosive Potion"],"campfire_rested":4,"item_purchase_floors":[11,39,39,39,39],"current_hp_per_floor":[76,76,79,80,60,60,59,61,61,63,63,72,70,76,76,54,87,86,87,87,61,66,87,87,84,84,87,87,77,87,70,87,46,87,85,60,60,37,37,0],"gold":31,"neow_bonus":"","is_prod":false,"is_daily":false,"chose_seed":false,"campfire_upgraded":2,"win_rate":0.0,"timestamp":1548632915,"path_taken":["M","?","M","M","?","R","M","M","T","M","$","E","M","M","R","BOSS","M","M","?","M","M","R","?","M","T","M","R","E","R","E","R","BOSS","M","M","?","M","$","E"],"build_version":"2019-01-23","purchased_purges":0,"victory":false,"max_hp_per_floor":[80,80,80,80,80,80,80,80,80,80,80,87,87,87,87,87,87,87,87,87,87,87,87,87,87,87,87,87,87,87,87,87,87,87,87,87,87,87,87,87],"card_choices":[{"not_picked":["Perfected Strike","Pommel Strike"],"picked":"Intimidate","floor":1.0},{"not_picked":["Disarm","Clash"],"picked":"Sword Boomerang","floor":3.0},{"not_picked":["Clash","Flex"],"picked":"Body Slam","floor":4.0},{"not_picked":["Twin Strike","Warcry"],"picked":"Ghostly Armor","floor":7.0},{"not_picked":["Pommel Strike","Clothesline"],"picked":"Iron Wave","floor":8.0},{"not_picked":["Hemokinesis","Flex"],"picked":"Uppercut","floor":10.0},{"not_picked":["Berserk","Reaper"],"picked":"Twin Strike","floor":12.0},{"not_picked":["Warcry","Seeing Red"],"picked":"Rampage","floor":13.0},{"not_picked":["Thunderclap","True Grit"],"picked":"Headbutt","floor":14.0},{"not_picked":["Barricade","Offering"],"picked":"Impervious","floor":16.0},{"not_picked":["Thunderclap+1","Clash+1","Sword Boomerang"],"picked":"SKIP","floor":18},{"not_picked":["Flex","Anger+1"],"picked":"Cleave","floor":19},{"not_picked":["Pummel","Twin Strike"],"picked":"Iron Wave+1","floor":21},{"not_picked":["Shockwave","Brutality"],"picked":"Battle Trance","floor":22},{"not_picked":["Clothesline","Rampage"],"picked":"Pommel Strike","floor":25},{"not_picked":["Ghostly Armor","Body Slam"],"picked":"Shrug It Off","floor":27},{"not_picked":["Clash","Dark Embrace"],"picked":"Anger","floor":29},{"not_picked":["Demon Form","Dark Embrace","Sword Boomerang+1"],"picked":"SKIP","floor":31},{"not_picked":["Fiend Fire","Offering"],"picked":"Bludgeon","floor":33},{"not_picked":["Thunderclap","Body Slam","Clash+1"],"picked":"SKIP","floor":35},{"not_picked":["Body Slam","Feel No Pain"],"picked":"Shockwave+1","floor":36},{"not_picked":["Blind","Impatience"],"picked":"HandOfGreed","floor":37},{"not_picked":["Rampage+1","Armaments+1"],"picked":"Searing Blow+1","floor":38}],"player_experience":0,"relics_obtained":[{"floor":9.0,"key":"Regal Pillow"},{"floor":12.0,"key":"Strawberry"},{"floor":26,"key":"Shuriken"},{"floor":29,"key":"Bronze Scales"},{"floor":31,"key":"Whetstone"}],"event_choices":[{"damage_healed":0.0,"max_hp_gain":0.0,"max_hp_loss":0.0,"gold_gain":0.0,"event_name":"Living Wall","player_choice":"Grow","floor":2.0,"gold_loss":0.0,"damage_taken":0.0,"cards_upgraded":["Intimidate"]},{"damage_healed":0.0,"max_hp_gain":0.0,"max_hp_loss":0.0,"gold_gain":0.0,"event_name":"Golden Idol","player_choice":"Take Damage","floor":5.0,"gold_loss":0.0,"damage_taken":20.0,"relics_obtained":["Golden Idol"]},{"damage_healed":0,"gold_gain":0,"player_choice":"Ignored","damage_taken":0,"max_hp_gain":0,"max_hp_loss":0,"event_name":"Ghosts","floor":20,"gold_loss":0},{"damage_healed":0,"gold_gain":0,"player_choice":"Gave Idol","damage_taken":0,"relics_obtained":["Bloody Idol"],"max_hp_gain":0,"max_hp_loss":0,"event_name":"Forgotten Altar","floor":24,"relics_lost":["Golden Idol"],"gold_loss":0},{"damage_healed":0,"gold_gain":0,"player_choice":"Memory 1","damage_taken":0,"max_hp_gain":0,"max_hp_loss":0,"event_name":"SensoryStone","floor":37,"gold_loss":0}],"is_beta":false,"boss_relics":[{"not_picked":["Black Star","Busted Crown"],"picked":"Fusion Hammer"},{"not_picked":["Runic Dome","Runic Pyramid"],"picked":"Astrolabe"}],"items_purged_floors":[],"is_endless":false,"potions_floor_spawned":[3,7,8,12,13,18,19,22,25,31],"killed_by":"Giant Head","ascension_level":0}