{"gold_per_floor":[116,126,146,146,156,190,190,203,203,203,16,47,58,78,78,78],"floor_reached":16,"playtime":485,"items_purged":[],"score":200,"play_id":"d97195be-7d8c-43ff-ae51-4672696676b8","local_time":"20180801182019","is_ascension_mode":true,"campfire_choices":[{"floor":7,"key":"REST"},{"floor":10,"key":"REST"},{"floor":15,"key":"REST"}],"neow_cost":"NONE","seed_source_timestamp":15816717490338,"circlet_count":0,"master_deck":["Strike_B","Strike_B","Strike_B+1","Strike_B","Defend_B","Defend_B","Defend_B+1","Defend_B","Zap","Dualcast","AscendersBane","Go for the Eyes","Coolheaded","Fission","Ball Lightning","Rip and Tear","White Noise"],"relics":["Cracked Core","Regal Pillow","Ornamental Fan","Unceasing Top","Oddly Smooth Stone","Bottled Flame"],"potions_floor_usage":[5],"damage_taken":[{"damage":0,"enemies":"Cultist","floor":1,"turns":4},{"damage":0,"enemies":"Small Slimes","floor":2,"turns":3},{"damage":6,"enemies":"2 Louse","floor":3,"turns":3},{"damage":21,"enemies":"Exordium Thugs","floor":5,"turns":5},{"damage":12,"enemies":"3 Sentries","floor":6,"turns":10},{"damage":12,"enemies":"3 Louse","floor":8,"turns":4},{"damage":33,"enemies":"Lagavulin","floor":12,"turns":7},{"damage":2,"enemies":"2 Fungi Beasts","floor":13,"turns":2},{"damage":15,"enemies":"Exordium Thugs","floor":14,"turns":4},{"damage":52,"enemies":"Hexaghost","floor":16,"turns":9}],"seed_played":"7964362443869523838","potions_obtained":[{"floor":1,"key":"Explosive Potion"},{"floor":12,"key":"FearPotion"},{"floor":13,"key":"SpeedPotion"}],"is_trial":false,"path_per_floor":["M","M","M","?","M","E","R","M","T","R","$","E","M","M","R"],"character_chosen":"DEFECT","items_purchased":["Oddly Smooth Stone","Rip and Tear"],"campfire_rested":3,"item_purchase_floors":[11,11],"current_hp_per_floor":[64,64,58,37,16,4,40,28,28,64,64,31,29,14,50,0],"gold":78,"neow_bonus":"RANDOM_COMMON_RELIC","is_prod":false,"is_daily":false,"chose_seed":false,"campfire_upgraded":0,"win_rate":0,"timestamp":1533136819,"path_taken":["M","?","M","?","M","E","R","M","T","R","$","E","M","?","R","BOSS"],"build_version":"2018-07-26","purchased_purges":0,"victory":false,"max_hp_per_floor":[71,71,71,71,71,71,71,71,71,71,71,71,71,71,71,71],"card_choices":[{"not_picked":["Gash","Steam"],"picked":"Go for the Eyes","floor":1},{"not_picked":["Chill","Static Discharge"],"picked":"Coolheaded","floor":2},{"not_picked":["Scrape","Darkness","Stack"],"picked":"SKIP","floor":3},{"not_picked":["Hologram","Scrape","Aggregate"],"picked":"SKIP","floor":5},{"not_picked":["Rebound","Conserve Battery"],"picked":"Fission","floor":6},{"not_picked":["Compile Driver","Redo"],"picked":"Ball Lightning","floor":8},{"not_picked":["Streamline","Stack","Fusion"],"picked":"SKIP","floor":12},{"not_picked":["Double Energy","Go for the Eyes","Steam"],"picked":"SKIP","floor":13},{"not_picked":["Hello World","Stack"],"picked":"White Noise","floor":14}],"player_experience":392374,"relics_obtained":[{"floor":6,"key":"Ornamental Fan"},{"floor":9,"key":"Unceasing Top"},{"floor":12,"key":"Bottled Flame"}],"event_choices":[{"event_name":"Shining Light","player_choice":"Entered Light","floor":4,"damage_taken":0}],"is_beta":false,"boss_relics":[],"items_purged_floors":[],"is_endless":false,"potions_floor_spawned":[1,12,13],"killed_by":"Hexaghost","ascension_level":15}