{"gold_per_floor":[114,128,128,147,160,160,195,211,235,251,21,21,47,62,62,165,165,165,165,165,165,120,120,120,120,120,120,120,120,120,120,120,120,120,120,120,120,120,120,120,120,120,120,120,120,39,39],"floor_reached":47,"playtime":1417,"items_purged":["Strike_R"],"score":673,"play_id":"2dd39939-d85b-4058-9fe3-b61e27b902fb","local_time":"20190714191812","is_ascension_mode":true,"campfire_choices":[{"data":"Cleave","floor":6.0,"key":"SMITH"},{"data":"Limit Break","floor":12.0,"key":"SMITH"},{"floor":15.0,"key":"REST"},{"data":"Berserk","floor":25.0,"key":"SMITH"},{"data":"Uppercut","floor":32.0,"key":"SMITH"},{"floor":42,"key":"REST"},{"floor":45,"key":"REST"}],"neow_cost":"NONE","seed_source_timestamp":6748845711278,"circlet_count":0,"master_deck":["Strike_R+1","Strike_R+1","Defend_R+1","Defend_R+1","Defend_R+1","Defend_R+1","Bash+1","Shrug It Off","Cleave+1","Spot Weakness","Limit Break+1","Uppercut+1","Berserk+1","True Grit+1","Limit Break+1","Dramatic Entrance+1","Combust+1","Hemokinesis+1","Power Through+1","Shrug It Off+1","Battle Trance+1"],"special_seed":0,"relics":["Burning Blood","Paper Frog","Pen Nib","Happy Flower","Ectoplasm","Red Mask","Oddly Smooth Stone","Pear","Bottled Tornado","Toxic Egg 2","Astrolabe","Bottled Flame"],"potions_floor_usage":[41],"damage_taken":[{"damage":9.0,"enemies":"2 Louse","floor":1.0,"turns":3.0},{"damage":5.0,"enemies":"Cultist","floor":2.0,"turns":4.0},{"damage":0.0,"enemies":"Small Slimes","floor":4.0,"turns":2.0},{"damage":24.0,"enemies":"Exordium Thugs","floor":5.0,"turns":5.0},{"damage":31.0,"enemies":"Gremlin Nob","floor":7.0,"turns":4.0},{"damage":1.0,"enemies":"3 Louse","floor":8.0,"turns":2.0},{"damage":10.0,"enemies":"2 Fungi Beasts","floor":10.0,"turns":3.0},{"damage":25.0,"enemies":"3 Sentries","floor":13.0,"turns":5.0},{"damage":8.0,"enemies":"Large Slime","floor":14.0,"turns":5.0},{"damage":35.0,"enemies":"The Guardian","floor":16.0,"turns":10.0},{"damage":4.0,"enemies":"Shell Parasite","floor":18.0,"turns":3.0},{"damage":37.0,"enemies":"Masked Bandits","floor":20.0,"turns":4.0},{"damage":3.0,"enemies":"2 Thieves","floor":22.0,"turns":3.0},{"damage":28.0,"enemies":"Slavers","floor":23.0,"turns":3.0},{"damage":7.0,"enemies":"Shelled Parasite and Fungi","floor":24.0,"turns":5.0},{"damage":3.0,"enemies":"Cultist and Chosen","floor":27.0,"turns":4.0},{"damage":0.0,"enemies":"Snake Plant","floor":28.0,"turns":3.0},{"damage":3.0,"enemies":"3 Cultists","floor":30.0,"turns":3.0},{"damage":14.0,"enemies":"Book of Stabbing","floor":31.0,"turns":4.0},{"damage":33.0,"enemies":"Champ","floor":33.0,"turns":8.0},{"damage":31.0,"enemies":"3 Darklings","floor":35.0,"turns":5.0},{"damage":0.0,"enemies":"3 Shapes","floor":36.0,"turns":5.0},{"damage":24.0,"enemies":"Jaw Worm Horde","floor":37.0,"turns":4.0},{"damage":14.0,"enemies":"Writhing Mass","floor":39.0,"turns":6.0},{"damage":20.0,"enemies":"Reptomancer","floor":40.0,"turns":6.0},{"damage":10,"enemies":"4 Shapes","floor":41,"turns":3},{"damage":7,"enemies":"Jaw Worm Horde","floor":44,"turns":6},{"damage":64,"enemies":"Nemesis","floor":47,"turns":8}],"seed_played":"1351414907409027975","potions_obtained":[{"floor":1.0,"key":"Explosive Potion"},{"floor":7.0,"key":"Dexterity Potion"},{"floor":10.0,"key":"PowerPotion"},{"floor":24.0,"key":"AttackPotion"},{"floor":37.0,"key":"GamblersBrew"},{"floor":41,"key":"SteroidPotion"}],"is_trial":false,"path_per_floor":["M","M","?","M","M","R","E","M","T","M","$","R","E","M","R","B",null,"M","?","?","?","M","E","M","R","T","M","M","T","M","E","R","B",null,"M","M","M","?","M","E","M","R","T","M","R","$","E"],"character_chosen":"IRONCLAD","items_purchased":["Limit Break","Battle Trance+1"],"campfire_rested":3,"item_purchase_floors":[11,46],"current_hp_per_floor":[77,78,78,80,62,62,37,42,42,38,38,38,19,17,41,12,63,65,65,34,60,63,41,40,40,50,53,59,59,62,54,54,27,74,49,55,37,37,29,15,11,38,38,37,64,64,0],"gold":39,"neow_bonus":"RANDOM_COLORLESS","is_prod":false,"is_daily":false,"chose_seed":false,"campfire_upgraded":4,"win_rate":0,"timestamp":1563121092,"path_taken":["M","M","?","?","M","R","E","M","T","M","$","R","E","M","R","BOSS","M","?","?","?","M","E","M","R","T","M","M","?","M","E","R","BOSS","M","M","M","?","M","E","M","R","T","?","R","$","E"],"build_version":"2019-07-05","purchased_purges":1,"victory":false,"max_hp_per_floor":[80,80,80,80,80,80,80,80,80,80,80,80,80,80,80,80,80,80,80,80,80,80,80,80,80,90,90,90,90,90,90,90,90,90,90,90,90,90,90,90,90,90,90,90,90,90,90],"card_choices":[{"not_picked":["Seeing Red","Battle Trance"],"picked":"Shrug It Off","floor":1.0},{"not_picked":["Power Through","Pummel"],"picked":"Cleave","floor":2.0},{"not_picked":["Twin Strike","Iron Wave","Heavy Blade"],"picked":"SKIP","floor":4.0},{"not_picked":["Reckless Charge","Clash"],"picked":"Spot Weakness","floor":5.0},{"not_picked":["Infernal Blade","Pommel Strike","Body Slam"],"picked":"SKIP","floor":7.0},{"not_picked":["Second Wind","Havoc","Corruption"],"picked":"SKIP","floor":8.0},{"not_picked":["Pommel Strike","Intimidate","Armaments"],"picked":"SKIP","floor":10.0},{"not_picked":["Clash","Rampage","Rage"],"picked":"SKIP","floor":13.0},{"not_picked":["Thunderclap","Reckless Charge"],"picked":"Uppercut","floor":14.0},{"not_picked":["Impervious","Demon Form"],"picked":"Berserk","floor":16.0},{"not_picked":["Wild Strike","Headbutt","Carnage"],"picked":"SKIP","floor":18.0},{"not_picked":["Clothesline","Iron Wave","Cleave"],"picked":"SKIP","floor":22.0},{"not_picked":["Perfected Strike+1","Bloodletting","Spot Weakness"],"picked":"SKIP","floor":23.0},{"not_picked":["Armaments+1","Twin Strike","Exhume"],"picked":"SKIP","floor":24.0},{"not_picked":["Cleave","Anger+1","Pommel Strike"],"picked":"SKIP","floor":27.0},{"not_picked":["Infernal Blade","Blood for Blood","Anger+1"],"picked":"SKIP","floor":28.0},{"not_picked":["Clash","Blood for Blood+1","Flex+1"],"picked":"SKIP","floor":30.0},{"not_picked":["Pummel+1","Iron Wave"],"picked":"True Grit+1","floor":31.0},{"not_picked":["Berserk","Impervious+1"],"picked":"Limit Break+1","floor":33.0},{"not_picked":["Havoc+1","Dual Wield+1","Body Slam+1"],"picked":"SKIP","floor":35.0},{"not_picked":["Power Through+1","Pummel+1","Perfected Strike"],"picked":"SKIP","floor":36.0},{"not_picked":["Pummel+1","Perfected Strike"],"picked":"Power Through+1","floor":36.0},{"not_picked":["Twin Strike","Uppercut+1","Clothesline+1"],"picked":"SKIP","floor":37.0},{"not_picked":["Anger","Havoc+1","Hemokinesis"],"picked":"SKIP","floor":39.0},{"not_picked":["True Grit+1","Pummel","Second Wind+1"],"picked":"SKIP","floor":40.0},{"not_picked":["Thunderclap","Fire Breathing+1","Clash+1"],"picked":"SKIP","floor":41},{"not_picked":["Flex+1","Perfected Strike+1"],"picked":"Shrug It Off+1","floor":44}],"player_experience":1059856,"relics_obtained":[{"floor":7.0,"key":"Paper Frog"},{"floor":9.0,"key":"Pen Nib"},{"floor":13.0,"key":"Happy Flower"},{"floor":20.0,"key":"Red Mask"},{"floor":23.0,"key":"Oddly Smooth Stone"},{"floor":26.0,"key":"Pear"},{"floor":29.0,"key":"Bottled Tornado"},{"floor":31.0,"key":"Toxic Egg 2"},{"floor":40.0,"key":"Bottled Flame"}],"event_choices":[{"damage_healed":0.0,"max_hp_gain":0.0,"max_hp_loss":0.0,"gold_gain":0.0,"event_name":"Upgrade Shrine","player_choice":"Upgraded","floor":3.0,"gold_loss":0.0,"damage_taken":0.0,"cards_upgraded":["Bash"]},{"damage_healed":0.0,"max_hp_gain":0.0,"max_hp_loss":0.0,"gold_gain":0.0,"event_name":"Back to Basics","player_choice":"Simplicity","floor":19.0,"gold_loss":0.0,"damage_taken":0.0,"cards_upgraded":["Strike_R","Strike_R","Strike_R","Strike_R","Defend_R","Defend_R","Defend_R","Defend_R"]},{"damage_healed":0.0,"max_hp_gain":0.0,"max_hp_loss":0.0,"gold_gain":0.0,"event_name":"Masked Bandits","player_choice":"Fought Bandits","floor":20.0,"gold_loss":0.0,"damage_taken":0.0},{"damage_healed":26.0,"max_hp_gain":0.0,"max_hp_loss":0.0,"gold_gain":0.0,"event_name":"The Library","player_choice":"Heal","floor":21.0,"gold_loss":0.0,"damage_taken":0.0},{"damage_healed":0.0,"max_hp_gain":0.0,"max_hp_loss":0.0,"gold_gain":0.0,"event_name":"NoteForYourself","player_choice":"Ignored","floor":38.0,"gold_loss":0.0,"damage_taken":0.0}],"is_beta":false,"boss_relics":[{"not_picked":["Pandora\u0027s Box","Eternal Feather"],"picked":"Ectoplasm"},{"not_picked":["Orrery","Sozu"],"picked":"Astrolabe"}],"items_purged_floors":[11],"is_endless":false,"potions_floor_spawned":[1,7,10,13,16,22,24,27,30,31,37,39,41,44],"killed_by":"Nemesis","ascension_level":5}