{"gold_per_floor":[111,261,336,34,71,124,154,154,180,180,242,202,202,242,242,315,315,357,357,402,327,327,410,410,455,455,455,509,123,123,191,191,292,292,310,310,328,58,58,58,88,100,159,208,249,261,273,301,313,325],"floor_reached":51,"playtime":3834,"items_purged":["Doubt"],"score":1400,"play_id":"4a3f8624-2ccb-445f-85fb-250745e01a63","local_time":"20190722122258","is_ascension_mode":true,"campfire_choices":[{"floor":8.0,"key":"REST"},{"data":"HandOfGreed","floor":10.0,"key":"SMITH"},{"data":"Wraith Form v2","floor":13.0,"key":"SMITH"},{"floor":15.0,"key":"REST"},{"data":"Venomology","floor":27.0,"key":"SMITH"},{"data":"Phantasmal Killer","floor":30.0,"key":"SMITH"},{"floor":32.0,"key":"REST"},{"data":"Dark Shackles","floor":40.0,"key":"SMITH"},{"data":"Malaise","floor":42.0,"key":"SMITH"},{"floor":49.0,"key":"REST"}],"neow_cost":"NONE","seed_source_timestamp":5789653365269,"circlet_count":0,"master_deck":["AscendersBane","Survivor","Neutralize","Bouncing Flask","Crippling Poison","Blade Dance","Cloak And Dagger+1","Well Laid Plans","Setup","HandOfGreed+1","Endless Agony","Wraith Form v2+1","Cloak And Dagger","Malaise+1","Malaise+1","Tools of the Trade","Quick Slash","Acrobatics","Expertise","Dagger Spray","Phantasmal Killer+1","Venomology","Backstab","Leg Sweep","Infinite Blades+1","Catalyst","PiercingWail+1","Venomology+1","Infinite Blades","Escape Plan+1","Blur","Malaise","Calculated Gamble","Predator+1","Dark Shackles+1","Distraction+1"],"special_seed":0,"relics":["Orrery","Orichalcum","Potion Belt","Pandora\u0027s Box","Question Card","MutagenicStrength","Centennial Puzzle","Mercury Hourglass","Bag of Preparation","Medical Kit","White Beast Statue","Pen Nib","Lantern","MawBank","War Paint","Ornamental Fan"],"potions_floor_usage":[50,50,50,50],"damage_taken":[{"damage":1.0,"enemies":"2 Louse","floor":1.0,"turns":3.0},{"damage":11.0,"enemies":"Small Slimes","floor":5.0,"turns":4.0},{"damage":32.0,"enemies":"Lagavulin","floor":6.0,"turns":6.0},{"damage":2.0,"enemies":"Cultist","floor":7.0,"turns":5.0},{"damage":3.0,"enemies":"Exordium Thugs","floor":11.0,"turns":7.0},{"damage":0.0,"enemies":"3 Louse","floor":14.0,"turns":5.0},{"damage":13.0,"enemies":"Hexaghost","floor":16.0,"turns":12.0},{"damage":7.0,"enemies":"Shell Parasite","floor":18.0,"turns":7.0},{"damage":0.0,"enemies":"3 Byrds","floor":20.0,"turns":5.0},{"damage":10.0,"enemies":"Slavers","floor":23.0,"turns":9.0},{"damage":6.0,"enemies":"Snecko","floor":25.0,"turns":3.0},{"damage":21.0,"enemies":"Gremlin Leader","floor":28.0,"turns":7.0},{"damage":1.0,"enemies":"Sentry and Sphere","floor":31.0,"turns":5.0},{"damage":28.0,"enemies":"Automaton","floor":33.0,"turns":12.0},{"damage":22.0,"enemies":"3 Darklings","floor":35.0,"turns":4.0},{"damage":6.0,"enemies":"Orb Walker","floor":37.0,"turns":3.0},{"damage":5.0,"enemies":"Reptomancer","floor":41.0,"turns":5.0},{"damage":22.0,"enemies":"Maw","floor":44.0,"turns":11.0},{"damage":12.0,"enemies":"Nemesis","floor":45.0,"turns":7.0},{"damage":0.0,"enemies":"3 Darklings","floor":48.0,"turns":8.0},{"damage":15,"enemies":"Time Eater","floor":50,"turns":7}],"seed_played":"-8283364580417686322","potions_obtained":[{"floor":6.0,"key":"Explosive Potion"},{"floor":11.0,"key":"Fire Potion"},{"floor":12.0,"key":"Weak Potion"},{"floor":12.0,"key":"Poison Potion"},{"floor":12.0,"key":"Swift Potion"},{"floor":16.0,"key":"Fire Potion"},{"floor":18.0,"key":"Swift Potion"},{"floor":23.0,"key":"GamblersBrew"},{"floor":33.0,"key":"EssenceOfSteel"},{"floor":35.0,"key":"EntropicBrew"},{"floor":41.0,"key":"Regen Potion"},{"floor":44.0,"key":"Energy Potion"},{"floor":45.0,"key":"Explosive Potion"},{"floor":48.0,"key":"FearPotion"}],"is_trial":false,"path_per_floor":["M","?","?","$","M","E","M","R","T","R","M","?","R","M","R","B",null,"M","?","M","?","?","E","?","M","T","R","E","$","R","M","R","B",null,"M","?","M","$","?","R","E","R","T","M","E","$","?","M","R","B",null],"character_chosen":"THE_SILENT","items_purchased":["HandOfGreed","Prepared","Bag of Preparation","Medical Kit","Pen Nib","Dark Shackles"],"campfire_rested":4,"item_purchase_floors":[4,4,29,29,38,38],"current_hp_per_floor":[58,58,47,47,36,4,2,21,21,21,18,18,18,18,37,24,56,49,49,49,49,49,54,54,48,48,48,27,27,27,26,45,17,54,32,32,38,38,38,38,33,33,33,26,14,14,14,14,33,18],"gold":337,"neow_bonus":"BOSS_RELIC","is_prod":false,"is_daily":false,"chose_seed":false,"campfire_upgraded":6,"win_rate":0,"timestamp":1563823378,"path_taken":["M","?","?","$","M","E","M","R","T","R","M","?","R","?","R","BOSS","M","?","M","?","?","E","?","M","T","R","E","?","R","?","R","BOSS","M","?","M","$","?","R","E","R","T","?","E","$","?","?","R","BOSS"],"build_version":"2019-07-17","purchased_purges":1,"victory":true,"max_hp_per_floor":[66,66,66,66,66,66,66,66,66,66,66,66,66,66,66,66,66,66,66,66,66,66,66,66,66,66,66,66,66,66,66,66,66,66,66,66,66,66,66,66,66,66,66,66,66,66,66,66,66,66],"card_choices":[{"not_picked":["Poisoned Stab","Endless Agony"],"picked":"Bouncing Flask","floor":0.0},{"not_picked":["Acrobatics","Poisoned Stab"],"picked":"Crippling Poison","floor":0.0},{"not_picked":["Prepared","Deflect"],"picked":"Blade Dance","floor":0.0},{"not_picked":["Underhanded Strike","Dagger Throw"],"picked":"Cloak And Dagger","floor":0.0},{"not_picked":["Deflect","Poisoned Stab"],"picked":"Well Laid Plans","floor":0.0},{"not_picked":["Quick Slash","Poisoned Stab"],"picked":"Setup","floor":1.0},{"not_picked":["All Out Attack","Outmaneuver"],"picked":"Endless Agony","floor":5.0},{"not_picked":["Blade Dance","Slice"],"picked":"Wraith Form v2","floor":6.0},{"not_picked":["Sucker Punch","Deadly Poison","Underhanded Strike"],"picked":"SKIP","floor":7.0},{"not_picked":["Predator","Dagger Spray"],"picked":"Cloak And Dagger","floor":11.0},{"not_picked":["Distraction","Quick Slash"],"picked":"Malaise","floor":14.0},{"not_picked":["Doppelganger","Bullet Time"],"picked":"Malaise","floor":16.0},{"not_picked":["Sucker Punch","Tactician"],"picked":"Infinite Blades+1","floor":18.0},{"not_picked":["Dodge and Roll","Dagger Spray","Slice"],"picked":"Catalyst","floor":20.0},{"not_picked":["Quick Slash","Infinite Blades","Bane+1"],"picked":"PiercingWail+1","floor":23.0},{"not_picked":["Concentrate","Flying Knee","Poisoned Stab"],"picked":"Infinite Blades","floor":25.0},{"not_picked":["Dodge and Roll","Quick Slash+1","Heel Hook"],"picked":"Escape Plan+1","floor":28.0},{"not_picked":["PiercingWail","Footwork","Poisoned Stab"],"picked":"Blur","floor":31.0},{"not_picked":["Doppelganger","Venomology","Tools of the Trade"],"picked":"Malaise","floor":33.0},{"not_picked":["Quick Slash","Backflip","Acrobatics"],"picked":"Calculated Gamble","floor":35.0},{"not_picked":["Reflex","PiercingWail","Eviscerate+1"],"picked":"Predator+1","floor":37.0},{"not_picked":["Deadly Poison","Infinite Blades","Underhanded Strike+1"],"picked":"Distraction","floor":41.0},{"not_picked":["Sucker Punch","Prepared","Underhanded Strike","Dodge and Roll"],"picked":"SKIP","floor":44.0},{"not_picked":["Acrobatics","Riddle With Holes","Skewer","Deflect"],"picked":"SKIP","floor":45.0},{"not_picked":["Leg Sweep","Flying Knee","Calculated Gamble","Quick Slash"],"picked":"SKIP","floor":48.0}],"player_experience":658098,"relics_obtained":[{"floor":6.0,"key":"Orichalcum"},{"floor":9.0,"key":"Potion Belt"},{"floor":23.0,"key":"Centennial Puzzle"},{"floor":28.0,"key":"Mercury Hourglass"},{"floor":41.0,"key":"MawBank"},{"floor":43.0,"key":"War Paint"},{"floor":45.0,"key":"Ornamental Fan"}],"event_choices":[{"damage_healed":0.0,"max_hp_gain":0.0,"max_hp_loss":0.0,"gold_gain":150.0,"event_name":"Liars Game","player_choice":"AGREE","floor":2.0,"gold_loss":0.0,"damage_taken":0.0,"cards_obtained":["Doubt"]},{"damage_healed":0.0,"max_hp_gain":0.0,"max_hp_loss":0.0,"gold_gain":75.0,"event_name":"World of Goop","player_choice":"Gather Gold","floor":3.0,"gold_loss":0.0,"damage_taken":11.0},{"damage_healed":0.0,"max_hp_gain":0.0,"max_hp_loss":0.0,"gold_gain":0.0,"event_name":"The Woman in Blue","player_choice":"Bought 3 Potions","floor":12.0,"gold_loss":0.0,"damage_taken":0.0},{"damage_healed":0.0,"max_hp_gain":0.0,"max_hp_loss":0.0,"gold_gain":0.0,"event_name":"The Mausoleum","player_choice":"Opened","floor":19.0,"gold_loss":0.0,"damage_taken":0.0,"relics_obtained":["Question Card"],"cards_obtained":["Writhe"]},{"cards_removed":["Writhe"],"damage_healed":0.0,"max_hp_gain":0.0,"max_hp_loss":0.0,"gold_gain":0.0,"event_name":"Beggar","player_choice":"Gave Gold","floor":21.0,"gold_loss":75.0,"damage_taken":0.0},{"damage_healed":0.0,"max_hp_gain":0.0,"max_hp_loss":0.0,"gold_gain":0.0,"event_name":"Drug Dealer","player_choice":"Inject Mutagens","floor":22.0,"gold_loss":0.0,"damage_taken":0.0,"relics_obtained":["MutagenicStrength"]},{"damage_healed":0.0,"max_hp_gain":0.0,"max_hp_loss":0.0,"gold_gain":0.0,"event_name":"The Library","player_choice":"Read","floor":24.0,"gold_loss":0.0,"damage_taken":0.0,"cards_obtained":["Venomology"]},{"cards_removed":["Predator"],"damage_healed":0.0,"max_hp_gain":0.0,"max_hp_loss":0.0,"gold_gain":0.0,"event_name":"Falling","player_choice":"Removed Attack","floor":36.0,"gold_loss":0.0,"damage_taken":0.0},{"cards_removed":["Prepared"],"damage_healed":0.0,"max_hp_gain":0.0,"max_hp_loss":0.0,"gold_gain":0.0,"event_name":"WeMeetAgain","player_choice":"Gave Card","floor":39.0,"gold_loss":0.0,"damage_taken":0.0,"relics_obtained":["Lantern"]},{"damage_healed":0.0,"max_hp_gain":0.0,"max_hp_loss":0.0,"gold_gain":0.0,"event_name":"Upgrade Shrine","player_choice":"Upgraded","floor":47.0,"gold_loss":0.0,"damage_taken":0.0,"cards_upgraded":["Distraction"]}],"is_beta":false,"boss_relics":[{"not_picked":["Coffee Dripper","Sozu"],"picked":"Pandora\u0027s Box"},{"not_picked":["Lizard Tail","Empty Cage"],"picked":"White Beast Statue"}],"items_purged_floors":[4],"is_endless":false,"potions_floor_spawned":[6,11,16,18,23,33,35,37,41,44,45,48],"ascension_level":17}