{"gold_per_floor":[114,131,131,131,131,164,164,195,195,48,48,11,36,36,36,160,160,184,184,184,203,203,203,224,242,242,40,40,54,54,95,95,221,284,305,305,329,352,352,386,19,19,19,44,77,410,421,44,44,44],"floor_reached":51,"playtime":4151,"items_purged":["Pain","Outmaneuver"],"score":1073,"play_id":"49262090-a7a6-478a-b371-fba71e26aeba","local_time":"20180918235112","is_ascension_mode":true,"campfire_choices":[{"floor":7.0,"key":"REST"},{"floor":11.0,"key":"REST"},{"floor":15.0,"key":"REST"},{"data":"Adrenaline","floor":23.0,"key":"SMITH"},{"data":"Noxious Fumes","floor":28.0,"key":"SMITH"},{"floor":32.0,"key":"REST"},{"data":"Night Terror","floor":42.0,"key":"SMITH"},{"floor":49.0,"key":"REST"}],"neow_cost":"NONE","seed_source_timestamp":0,"circlet_count":0,"master_deck":["Defend_G","Defend_G","Defend_G","Defend_G","Defend_G","Survivor","Neutralize","Prepared","Grand Finale","Caltrops","Adrenaline+1","Quick Slash","Noxious Fumes+1","Bite","Bite","Bite","Bite+1","Crippling Poison","Night Terror+1","Catalyst+1","Footwork+1","Blur+1","Well Laid Plans+1","Caltrops+1"],"special_seed":0,"relics":["Ring of the Snake","WarpedTongs","FossilizedHelix","Lantern","Happy Flower","Du-Vu Doll","Velvet Choker","Nilry\u0027s Codex","Pear","Strange Spoon","Ice Cream","Tiny House","Darkstone Periapt","TwistedFunnel","Meat on the Bone","Blood Vial","Toolbox"],"potions_floor_usage":[50,50,50],"damage_taken":[{"damage":4.0,"enemies":"Jaw Worm","floor":1.0,"turns":5.0},{"damage":6.0,"enemies":"Cultist","floor":2.0,"turns":5.0},{"damage":33.0,"enemies":"3 Sentries","floor":6.0,"turns":14.0},{"damage":27.0,"enemies":"Gremlin Nob","floor":8.0,"turns":6.0},{"damage":2.0,"enemies":"Small Slimes","floor":13.0,"turns":4.0},{"damage":31.0,"enemies":"Slime Boss","floor":16.0,"turns":12.0},{"damage":1.0,"enemies":"Shell Parasite","floor":18.0,"turns":8.0},{"damage":0.0,"enemies":"Chosen","floor":21.0,"turns":6.0},{"damage":21.0,"enemies":"Shelled Parasite and Fungi","floor":24.0,"turns":8.0},{"damage":26.0,"enemies":"Snake Plant","floor":25.0,"turns":5.0},{"damage":18.0,"enemies":"Snecko","floor":29.0,"turns":6.0},{"damage":28.0,"enemies":"Gremlin Leader","floor":31.0,"turns":7.0},{"damage":48.0,"enemies":"Automaton","floor":33.0,"turns":9.0},{"damage":38.0,"enemies":"Orb Walker","floor":35.0,"turns":5.0},{"damage":39.0,"enemies":"3 Darklings","floor":37.0,"turns":6.0},{"damage":21.0,"enemies":"Sphere and 2 Shapes","floor":38.0,"turns":5.0},{"damage":0.0,"enemies":"Nemesis","floor":40.0,"turns":9.0},{"damage":9.0,"enemies":"Reptomancer","floor":44.0,"turns":7.0},{"damage":42.0,"enemies":"Giant Head","floor":45.0,"turns":8.0},{"damage":0.0,"enemies":"4 Shapes","floor":47.0,"turns":4.0},{"damage":73,"enemies":"Awakened One","floor":50,"turns":10}],"seed_played":"-5386059441949768673","potions_obtained":[{"floor":2.0,"key":"Block Potion"},{"floor":6.0,"key":"LiquidBronze"},{"floor":16.0,"key":"LiquidBronze"},{"floor":21.0,"key":"EssenceOfSteel"},{"floor":29.0,"key":"EssenceOfSteel"},{"floor":33.0,"key":"AttackPotion"},{"floor":45.0,"key":"Dexterity Potion"}],"is_trial":false,"path_per_floor":["M","M","?","?","?","E","R","E","T","$","R","$","M","?","R","B",null,"M","?","?","M","?","R","M","M","T","$","R","M","?","E","R","B",null,"M","?","M","M","?","E","$","R","T","M","E","?","M","$","R","B"],"character_chosen":"THE_SILENT","items_purchased":["Grand Finale","Caltrops","Strange Spoon","GhostInAJar","TwistedFunnel","Toolbox","EssenceOfSteel","AttackPotion","Weak Potion"],"campfire_rested":5,"item_purchase_floors":[10,12,27,41,41,48,48,48,48],"current_hp_per_floor":[59,53,53,53,53,20,39,12,12,12,31,31,29,29,48,17,53,52,52,36,36,36,36,37,32,42,42,42,37,37,25,41,19,51,22,70,36,25,25,51,51,51,51,63,37,37,41,41,62,16],"gold":44,"neow_bonus":"REMOVE_CARD","is_prod":false,"is_daily":false,"chose_seed":false,"campfire_upgraded":3,"win_rate":0,"timestamp":1537339872,"path_taken":["M","M","?","?","?","E","R","E","T","$","R","$","M","?","R","BOSS","M","?","?","M","?","R","M","M","T","?","R","?","?","E","R","BOSS","M","?","M","M","?","E","$","R","T","?","E","?","M","$","R","BOSS"],"build_version":"2018-09-06","purchased_purges":2,"victory":true,"max_hp_per_floor":[70,70,65,65,65,65,65,65,65,65,65,65,65,65,65,65,65,65,65,65,65,45,45,45,45,55,55,55,55,55,55,55,55,60,60,70,70,70,70,70,70,70,70,70,70,70,70,70,70,70],"card_choices":[{"not_picked":["PiercingWail","Dash"],"picked":"Prepared","floor":1.0},{"not_picked":["Flying Knee","Prepared","Dagger Spray"],"picked":"SKIP","floor":2.0},{"not_picked":["Dagger Throw","Acrobatics"],"picked":"Noxious Fumes","floor":6.0},{"not_picked":["Sucker Punch","Deadly Poison","Wraith Form v2"],"picked":"SKIP","floor":8.0},{"not_picked":["Finisher","Catalyst","Deadly Poison"],"picked":"SKIP","floor":13.0},{"not_picked":["Corpse Explosion","Envenom"],"picked":"Adrenaline","floor":16.0},{"not_picked":["Terror","Outmaneuver","Dodge and Roll"],"picked":"SKIP","floor":18.0},{"not_picked":["Expertise","Flying Knee+1","Underhanded Strike+1"],"picked":"SKIP","floor":21.0},{"not_picked":["Endless Agony","PiercingWail","Blade Dance+1"],"picked":"SKIP","floor":24.0},{"not_picked":["Dodge and Roll","Prepared"],"picked":"Crippling Poison","floor":25.0},{"not_picked":["Cloak And Dagger","Riddle With Holes"],"picked":"Night Terror","floor":29.0},{"not_picked":["Slice+1","Bane"],"picked":"Catalyst+1","floor":31.0},{"not_picked":["Storm of Steel","Tools of the Trade"],"picked":"Unload","floor":33.0},{"not_picked":["Underhanded Strike","PiercingWail"],"picked":"Catalyst","floor":34.0},{"not_picked":["Flying Knee","Backflip+1","Slice+1"],"picked":"SKIP","floor":35.0},{"not_picked":["Deflect","Prepared+1","Bane"],"picked":"SKIP","floor":37.0},{"not_picked":["Heel Hook","Predator+1"],"picked":"Footwork+1","floor":38.0},{"not_picked":["Outmaneuver+1","Quick Slash","Bane+1"],"picked":"SKIP","floor":40.0},{"not_picked":["Heel Hook","All Out Attack+1"],"picked":"Blur+1","floor":44.0},{"not_picked":["Bullet Time","Outmaneuver"],"picked":"Well Laid Plans+1","floor":45.0},{"not_picked":["Poisoned Stab+1","Bane+1"],"picked":"Caltrops+1","floor":47.0}],"player_experience":319041,"relics_obtained":[{"floor":6.0,"key":"Lantern"},{"floor":8.0,"key":"Happy Flower"},{"floor":9.0,"key":"Du-Vu Doll"},{"floor":20.0,"key":"Nilry\u0027s Codex"},{"floor":26.0,"key":"Pear"},{"floor":31.0,"key":"Ice Cream"},{"floor":40.0,"key":"Darkstone Periapt"},{"floor":43.0,"key":"Meat on the Bone"},{"floor":45.0,"key":"Blood Vial"}],"event_choices":[{"event_name":"Golden Idol","player_choice":"Lose Max HP","floor":3.0,"damage_taken":0.0},{"event_name":"Accursed Blacksmith","player_choice":"Rummage","floor":4.0,"damage_taken":0.0},{"event_name":"Big Fish","player_choice":"Box","floor":5.0,"damage_taken":0.0},{"event_name":"Fountain of Cleansing","player_choice":"Removed Curse","floor":14.0,"damage_taken":0.0},{"event_name":"Drug Dealer","player_choice":"Became Test Subject","floor":19.0,"damage_taken":0.0},{"event_name":"Cursed Tome","player_choice":"Obtained Book","floor":20.0,"damage_taken":0.0},{"event_name":"Vampires","player_choice":"Became a vampire","floor":22.0,"damage_taken":0.0},{"event_name":"Back to Basics","player_choice":"Elegance","floor":30.0,"damage_taken":0.0},{"event_name":"Bonfire Elementals","player_choice":"RARE","floor":36.0,"damage_taken":0.0},{"event_name":"Falling","player_choice":"Removed Skill","floor":39.0,"damage_taken":0.0},{"event_name":"The Moai Head","player_choice":"Gave Idol","floor":46.0,"damage_taken":0.0}],"is_beta":false,"boss_relics":[{"not_picked":["Black Star","Coffee Dripper"],"picked":"Velvet Choker"},{"not_picked":["Empty Cage","Lizard Tail"],"picked":"Tiny House"}],"items_purged_floors":[10,41],"is_endless":false,"potions_floor_spawned":[2,6,16,21,29,33,37,38,45],"ascension_level":8}