{"gold_per_floor":[114,114,132,147,147,182,199,199,199,199,263,280,294,294],"floor_reached":14,"playtime":485,"items_purged":[],"score":92,"play_id":"54a0576b-38b1-4988-8e0b-1e253d538afd","local_time":"20180829171329","is_ascension_mode":false,"campfire_choices":[{"floor":8,"key":"REST"},{"data":"Zap","floor":10,"key":"SMITH"}],"neow_cost":"PERCENT_DAMAGE","seed_source_timestamp":7905489291258,"circlet_count":0,"master_deck":["Strike_B","Strike_B","Strike_B","Strike_B","Defend_B","Defend_B","Defend_B","Defend_B","Zap+1","Dualcast","Go for the Eyes","Streamline","Ball Lightning","Go for the Eyes","Sweeping Beam","Storm","Rainbow","Coolheaded"],"relics":["Cracked Core","Pantograph","Gremlin Horn","The Courier","Dream Catcher"],"potions_floor_usage":[6,6,6,6,6,14,14,14],"damage_taken":[{"damage":6,"enemies":"Jaw Worm","floor":1,"turns":2},{"damage":4,"enemies":"Cultist","floor":3,"turns":3},{"damage":5,"enemies":"2 Louse","floor":4,"turns":2},{"damage":21,"enemies":"Lagavulin","floor":6,"turns":7},{"damage":0,"enemies":"Lots of Slimes","floor":7,"turns":2},{"damage":18,"enemies":"Gremlin Nob","floor":11,"turns":4},{"damage":7,"enemies":"Blue Slaver","floor":12,"turns":3},{"damage":10,"enemies":"3 Louse","floor":13,"turns":3},{"damage":6,"enemies":"3 Sentries","floor":14,"turns":2}],"seed_played":"-6370894584456924342","potions_obtained":[{"floor":5,"key":"EntropicBrew"},{"floor":5,"key":"Swift Potion"},{"floor":5,"key":"Ancient Potion"},{"floor":7,"key":"LiquidBronze"},{"floor":13,"key":"PowerPotion"}],"is_trial":false,"path_per_floor":["M","?","M","M","?","E","M","R","T","R","?","M","M"],"character_chosen":"DEFECT","items_purchased":[],"campfire_rested":1,"item_purchase_floors":[],"current_hp_per_floor":[59,41,37,32,32,11,11,37,37,37,19,12,2,0],"gold":294,"neow_bonus":"TWENTY_PERCENT_HP_BONUS","is_prod":false,"is_daily":false,"chose_seed":false,"campfire_upgraded":1,"win_rate":0,"timestamp":1535588009,"path_taken":["M","?","?","M","?","E","M","R","T","R","?","?","M","E"],"build_version":"2018-08-23v2","purchased_purges":0,"victory":false,"max_hp_per_floor":[89,89,89,89,89,89,89,89,89,89,89,89,89,89],"card_choices":[{"not_picked":["Barrage","Ball Lightning"],"picked":"Go for the Eyes","floor":1},{"not_picked":["Rip and Tear","Sweeping Beam"],"picked":"Streamline","floor":3},{"not_picked":["Recycle","Melter"],"picked":"Ball Lightning","floor":4},{"not_picked":["Rebound","Turbo"],"picked":"Go for the Eyes","floor":6},{"not_picked":["Double Energy","Tempest"],"picked":"Sweeping Beam","floor":7},{"not_picked":["Steam","Stack"],"picked":"Storm","floor":11},{"not_picked":["Loop","Steam"],"picked":"Rainbow","floor":12},{"not_picked":["Hologram","Chaos"],"picked":"Coolheaded","floor":13}],"player_experience":225331,"relics_obtained":[{"floor":6,"key":"Gremlin Horn"},{"floor":9,"key":"The Courier"},{"floor":11,"key":"Dream Catcher"}],"event_choices":[{"event_name":"Scrap Ooze","player_choice":"success","floor":2,"damage_taken":18},{"event_name":"The Lab","player_choice":"Got Potions","floor":5,"damage_taken":0},{"event_name":"Dead Adventurer","player_choice":"Searched \u00272\u0027 times","floor":11,"damage_taken":0}],"is_beta":false,"boss_relics":[],"items_purged_floors":[],"is_endless":false,"potions_floor_spawned":[7,13],"killed_by":"3 Sentries","ascension_level":0}