{"gold_per_floor":[109,109,109,184,194,194,219,219,266,4,4,22,38,38,38,135,135,105,32,32,32,32,32,32,32,32,32,32,32,32,32,32,32,32,32,32,32,32,32,32,32,32,32,32,32,32,32,32,32,32,32,32,32,32,32],"floor_reached":55,"playtime":1499,"items_purged":[],"score":644,"play_id":"24311743-9b1c-400d-b420-a6756e392986","local_time":"20181117014348","is_ascension_mode":false,"campfire_choices":[{"floor":6.0,"key":"RECALL"},{"floor":8.0,"key":"REST"},{"floor":15.0,"key":"REST"},{"data":"Armaments","floor":23.0,"key":"SMITH"},{"data":"Whirlwind","floor":25.0,"key":"SMITH"},{"data":"Bash","floor":28.0,"key":"SMITH"},{"floor":32.0,"key":"REST"},{"floor":40.0,"key":"REST"},{"data":"Offering","floor":42.0,"key":"SMITH"},{"data":"Shockwave","floor":44.0,"key":"SMITH"},{"floor":49,"key":"REST"},{"data":"Clothesline","floor":52,"key":"SMITH"}],"neow_cost":"CURSE","seed_source_timestamp":45100910546758,"circlet_count":0,"master_deck":["Strike_R","Strike_R","Strike_R","Defend_R","Defend_R","Defend_R","Bash+1","Clothesline+1","Headbutt+1","Dropkick","Pommel Strike","Armaments+1","Offering+1","Shrug It Off+1","Whirlwind+1","Rage+1","Shockwave+1","Demon Form+1","True Grit+1","Juggernaut+1"],"special_seed":0,"relics":["Burning Blood","Turnip","Frozen Egg 2","Bottled Flame","Orichalcum","Shuriken","Spirit Poop","Matryoshka","Ectoplasm","Bronze Scales","Bag of Marbles","Philosopher\u0027s Stone","Old Coin","Juzu Bracelet","Tiny Chest"],"potions_floor_usage":[50,54],"damage_taken":[{"damage":10.0,"enemies":"Cultist","floor":1.0,"turns":4.0},{"damage":0.0,"enemies":"2 Louse","floor":5.0,"turns":2.0},{"damage":44.0,"enemies":"Lagavulin","floor":7.0,"turns":8.0},{"damage":10.0,"enemies":"Jaw Worm","floor":12.0,"turns":6.0},{"damage":17.0,"enemies":"Lots of Slimes","floor":13.0,"turns":5.0},{"damage":50.0,"enemies":"The Guardian","floor":16.0,"turns":16.0},{"damage":20.0,"enemies":"2 Thieves","floor":18.0,"turns":2.0},{"damage":6.0,"enemies":"3 Byrds","floor":20.0,"turns":3.0},{"damage":13.0,"enemies":"3 Cultists","floor":22.0,"turns":4.0},{"damage":14.0,"enemies":"Centurion and Healer","floor":27.0,"turns":4.0},{"damage":11.0,"enemies":"Cultist and Chosen","floor":29.0,"turns":4.0},{"damage":6.0,"enemies":"Shelled Parasite and Fungi","floor":30.0,"turns":2.0},{"damage":23.0,"enemies":"Collector","floor":33.0,"turns":8.0},{"damage":0.0,"enemies":"3 Shapes","floor":35.0,"turns":3.0},{"damage":31.0,"enemies":"2 Orb Walkers","floor":36.0,"turns":3.0},{"damage":0.0,"enemies":"3 Darklings","floor":38.0,"turns":1.0},{"damage":39.0,"enemies":"Spire Growth","floor":39.0,"turns":4.0},{"damage":44.0,"enemies":"Writhing Mass","floor":47.0,"turns":4.0},{"damage":6,"enemies":"Sphere and 2 Shapes","floor":48,"turns":7},{"damage":41,"enemies":"Awakened One","floor":50,"turns":10},{"damage":79,"enemies":"Shield and Spear","floor":54,"turns":8},{"damage":38,"enemies":"The Heart","floor":55,"turns":2}],"seed_played":"9098833319613542222","potions_obtained":[{"floor":1.0,"key":"SteroidPotion"},{"floor":7.0,"key":"Fire Potion"},{"floor":16.0,"key":"SkillPotion"},{"floor":21.0,"key":"Dexterity Potion"},{"floor":27.0,"key":"FairyPotion"}],"is_trial":false,"path_per_floor":["M","T","?","?","M","R","E","E","R","T","$","?","M","M","T","R","B",null,"M","$","M","?","M","R","$","R","T","M","R","M","M","?","R","B",null,"M","?","?","M","M","R","$","R","T","R","?","?","M","M","R","B",null,"R","$","E","B"],"character_chosen":"IRONCLAD","items_purchased":["Shuriken","Whirlwind"],"campfire_rested":5,"item_purchase_floors":[10,19],"current_hp_per_floor":[76,76,69,58,64,64,26,50,50,50,50,46,35,35,59,15,80,66,66,66,66,59,59,59,59,59,51,51,46,46,46,70,53,80,80,55,55,61,28,52,52,52,52,52,52,52,14,14,38,14,80,80,80,7,0],"gold":32,"neow_bonus":"ONE_RARE_RELIC","is_prod":false,"is_daily":false,"chose_seed":false,"campfire_upgraded":6,"win_rate":0,"timestamp":1542408228,"path_taken":["M","?","?","?","M","R","E","R","T","$","?","M","?","?","R","BOSS","M","$","?","?","M","R","?","R","T","M","R","M","M","?","R","BOSS","M","?","?","M","M","R","$","R","T","R","?","?","M","M","R","BOSS","R","$","E","BOSS"],"build_version":"2018-11-15","purchased_purges":0,"victory":false,"max_hp_per_floor":[80,80,80,80,80,80,80,80,80,80,80,80,80,80,80,80,80,80,80,80,80,80,80,80,80,80,80,80,80,80,80,80,80,80,80,80,80,80,80,80,80,80,80,80,80,80,80,80,80,80,80,80,80,80,80],"card_choices":[{"not_picked":["Warcry","Twin Strike"],"picked":"Clothesline","floor":1.0},{"not_picked":["Cleave","Rupture+1"],"picked":"Headbutt","floor":5.0},{"not_picked":["Flex","Anger"],"picked":"Dropkick","floor":7.0},{"not_picked":["Body Slam","Clothesline"],"picked":"Pommel Strike","floor":12.0},{"not_picked":["Anger","Warcry"],"picked":"Armaments","floor":13.0},{"not_picked":["Dark Embrace+1","Double Tap"],"picked":"Offering","floor":16.0},{"not_picked":["Cleave","Body Slam"],"picked":"Shrug It Off+1","floor":18.0},{"not_picked":["Entrench+1","Armaments","Pommel Strike"],"picked":"SKIP","floor":20.0},{"not_picked":["Cleave","Dark Embrace+1"],"picked":"Rage+1","floor":22.0},{"not_picked":["Heavy Blade","Hemokinesis+1"],"picked":"Shockwave","floor":27.0},{"not_picked":["Shrug It Off+1","Disarm","Cleave+1"],"picked":"SKIP","floor":29.0},{"not_picked":["Shrug It Off+1","Disarm","Cleave+1"],"picked":"SKIP","floor":29.0},{"not_picked":["Bloodletting+1","True Grit","Warcry"],"picked":"SKIP","floor":30.0},{"not_picked":["Berserk+1","Bludgeon"],"picked":"Demon Form+1","floor":33.0},{"not_picked":["Warcry","Twin Strike+1","Perfected Strike+1"],"picked":"SKIP","floor":35.0},{"not_picked":["Spot Weakness+1","Evolve+1"],"picked":"True Grit+1","floor":38.0},{"not_picked":["Thunderclap","Sentinel","Burning Pact+1"],"picked":"SKIP","floor":39.0},{"not_picked":["Headbutt+1","Perfected Strike+1","Sentinel+1"],"picked":"SKIP","floor":47.0},{"not_picked":["Infernal Blade","Shrug It Off","Thunderclap"],"picked":"SKIP","floor":48},{"not_picked":["Wild Strike","Hemokinesis"],"picked":"Juggernaut+1","floor":54}],"player_experience":521962,"relics_obtained":[{"floor":2.0,"key":"Frozen Egg 2"},{"floor":7.0,"key":"Bottled Flame"},{"floor":9.0,"key":"Orichalcum"},{"floor":14.0,"key":"Matryoshka"},{"floor":26.0,"key":"Bronze Scales"},{"floor":26.0,"key":"Bag of Marbles"},{"floor":36.0,"key":"Old Coin"},{"floor":43.0,"key":"Juzu Bracelet"},{"floor":54,"key":"Tiny Chest"}],"event_choices":[{"cards_removed":["Strike_R"],"damage_healed":0.0,"max_hp_gain":0.0,"max_hp_loss":0.0,"gold_gain":0.0,"event_name":"Golden Wing","player_choice":"Card Removal","floor":3.0,"gold_loss":0.0,"damage_taken":7.0},{"damage_healed":0.0,"max_hp_gain":0.0,"max_hp_loss":0.0,"gold_gain":75.0,"event_name":"World of Goop","player_choice":"Gather Gold","floor":4.0,"gold_loss":0.0,"damage_taken":11.0},{"cards_removed":["Writhe"],"damage_healed":0.0,"max_hp_gain":0.0,"max_hp_loss":0.0,"gold_gain":0.0,"event_name":"Bonfire Elementals","player_choice":"Offered Curse","floor":11.0,"gold_loss":0.0,"damage_taken":0.0,"relics_obtained":["Spirit Poop"]},{"damage_healed":0.0,"max_hp_gain":0.0,"max_hp_loss":0.0,"gold_gain":0.0,"event_name":"Lab","player_choice":"Got Potions","floor":21.0,"gold_loss":0.0,"damage_taken":0.0},{"damage_healed":0.0,"max_hp_gain":0.0,"max_hp_loss":0.0,"gold_gain":0.0,"event_name":"Upgrade Shrine","player_choice":"Upgraded","floor":31.0,"gold_loss":0.0,"damage_taken":0.0,"cards_upgraded":["Headbutt"]},{"damage_healed":0.0,"max_hp_gain":0.0,"max_hp_loss":0.0,"gold_gain":0.0,"event_name":"Mysterious Sphere","player_choice":"Fight","floor":36.0,"gold_loss":0.0,"damage_taken":0.0},{"damage_healed":0.0,"max_hp_gain":0.0,"max_hp_loss":0.0,"gold_gain":0.0,"event_name":"SecretPortal","player_choice":"Ignored","floor":37.0,"gold_loss":0.0,"damage_taken":0.0},{"cards_removed":["Strike_R"],"damage_healed":0.0,"max_hp_gain":0.0,"max_hp_loss":0.0,"gold_gain":0.0,"event_name":"Falling","player_choice":"Removed Attack","floor":45.0,"gold_loss":0.0,"damage_taken":0.0},{"cards_removed":["Defend_R"],"damage_healed":0.0,"max_hp_gain":0.0,"max_hp_loss":0.0,"gold_gain":0.0,"event_name":"Purifier","player_choice":"Purged","floor":46.0,"gold_loss":0.0,"damage_taken":0.0}],"is_beta":false,"boss_relics":[{"not_picked":["Runic Dome","Runic Cube"],"picked":"Ectoplasm"},{"not_picked":["Runic Pyramid","Pandora\u0027s Box"],"picked":"Philosopher\u0027s Stone"}],"items_purged_floors":[],"is_endless":false,"potions_floor_spawned":[1,7,16,22,27,29,30,33,35,39,47],"killed_by":"The Heart","ascension_level":0}