{"gold_per_floor":[115,11,11,11,11,11,27,62,89,52,68,68,79,107,107,107],"floor_reached":16,"playtime":785,"items_purged":[],"score":113,"play_id":"6cfcee30-47d8-49c9-88a9-4ffcf194f606","local_time":"20180818180553","is_ascension_mode":true,"campfire_choices":[{"data":"Redo","floor":6,"key":"SMITH"},{"data":"White Noise","floor":12,"key":"SMITH"},{"floor":15,"key":"REST"}],"neow_cost":"CURSE","seed_source_timestamp":27084794210660,"circlet_count":0,"master_deck":["Strike_B","Strike_B","Strike_B","Defend_B","Defend_B","Defend_B","Defend_B","Zap","Dualcast","Shame","Genetic Algorithm","Scrape","Redo+1","FTL","Steam Power","Heatsinks","White Noise","White Noise+1","Hologram","All For One"],"relics":["Cracked Core","Centennial Puzzle","Bronze Scales","Anchor","Dodecahedron"],"potions_floor_usage":[8,16,16,16],"damage_taken":[{"damage":12,"enemies":"Small Slimes","floor":1,"turns":3},{"damage":5,"enemies":"2 Louse","floor":7,"turns":2},{"damage":33,"enemies":"Lagavulin","floor":8,"turns":7},{"damage":0,"enemies":"Cultist","floor":11,"turns":2},{"damage":0,"enemies":"Red Slaver","floor":13,"turns":2},{"damage":18,"enemies":"Gremlin Nob","floor":14,"turns":3},{"damage":68,"enemies":"The Guardian","floor":16,"turns":9}],"seed_played":"-760600093745419621","potions_obtained":[{"floor":1,"key":"Explosive Potion"},{"floor":7,"key":"PowerPotion"},{"floor":11,"key":"Dexterity Potion"},{"floor":13,"key":"Regen Potion"},{"floor":14,"key":"SteroidPotion"}],"is_trial":false,"path_per_floor":["M","$","?","?","?","R","M","E","T","$","M","R","M","E","R"],"character_chosen":"DEFECT","items_purchased":["Scrape","Redo","White Noise"],"campfire_rested":1,"item_purchase_floors":[2,2,10],"current_hp_per_floor":[77,77,77,77,77,77,72,39,39,39,39,39,39,21,47,0],"gold":107,"neow_bonus":"TWENTY_PERCENT_HP_BONUS","is_prod":false,"is_daily":false,"chose_seed":false,"campfire_upgraded":2,"win_rate":0,"timestamp":1534611953,"path_taken":["M","$","?","?","?","R","M","E","T","?","M","R","M","E","R","BOSS"],"build_version":"2018-08-16","purchased_purges":0,"victory":false,"max_hp_per_floor":[89,89,89,89,89,89,89,89,89,89,89,89,89,89,89,89],"card_choices":[{"not_picked":["Turbo","Rip and Tear"],"picked":"Genetic Algorithm","floor":1},{"not_picked":["Rebound","Lockon"],"picked":"Steam Power","floor":7},{"not_picked":["Beam Cell","Rebound"],"picked":"Heatsinks","floor":8},{"not_picked":["Hologram","Beam Cell"],"picked":"White Noise","floor":11},{"not_picked":["Recycle","Compile Driver"],"picked":"Hologram","floor":13},{"not_picked":["Rebound","Go for the Eyes"],"picked":"All For One","floor":14}],"player_experience":115236,"relics_obtained":[{"floor":8,"key":"Bronze Scales"},{"floor":9,"key":"Anchor"},{"floor":14,"key":"Dodecahedron"}],"event_choices":[{"event_name":"The Cleric","player_choice":"Leave","floor":3,"damage_taken":0},{"event_name":"Living Wall","player_choice":"Change","floor":4,"damage_taken":0},{"event_name":"WeMeetAgain","player_choice":"Potion","floor":5,"damage_taken":0}],"is_beta":false,"boss_relics":[],"items_purged_floors":[],"is_endless":false,"potions_floor_spawned":[1,7,11,13,14],"killed_by":"The Guardian","ascension_level":1}