{"gold_per_floor":[113,113,388,408,151,176,195,224,251,251,266,284,316,108,108,210,210,229,229,241,253,277,317,329,374,386,423,435,458,490,31,31,135,135,150,150,150,150,50,75,75,75,75,88,105,134,153,33,33,33,33,33,33,62,62],"floor_reached":55,"playtime":3869,"items_purged":["Regret","Strike_R","Clumsy","Strike_R+1"],"score":942,"play_id":"db2d7e86-006f-48ca-a4f4-a45c52557ede","local_time":"20190522014944","is_ascension_mode":true,"campfire_choices":[{"data":"Inflame","floor":10.0,"key":"SMITH"},{"data":"Bash","floor":15.0,"key":"SMITH"},{"floor":24.0,"key":"REST"},{"floor":28.0,"key":"REST"},{"floor":32.0,"key":"REST"},{"floor":41.0,"key":"DIG"},{"floor":49,"key":"RECALL"},{"floor":52,"key":"DIG"}],"neow_cost":"NONE","seed_source_timestamp":34064765024335,"circlet_count":0,"master_deck":["Strike_R+1","Strike_R+1","Strike_R+1","Defend_R+1","Defend_R+1","Defend_R+1","Defend_R+1","Bash+1","Cleave+1","Warcry+1","Inflame+1","Ghostly Armor+1","Pommel Strike+1","Shrug It Off+1","Shrug It Off+1","Inflame+1","Inflame+1","Whirlwind+1","Limit Break+1","Double Tap+1","Burning Pact+1","True Grit+1","Immolate+1","Iron Wave+1","Intimidate+1","Shrug It Off+1"],"special_seed":0,"relics":["Burning Blood","NeowsBlessing","Art of War","Omamori","Centennial Puzzle","Oddly Smooth Stone","Regal Pillow","Calling Bell","Potion Belt","Molten Egg 2","Shovel","MawBank","The Courier","PreservedInsect","Blood Vial","Kunai","Anchor","Vajra","Coffee Dripper","Mark of the Bloom","Ginger","Bag of Marbles","Sundial","Lantern","Bottled Flame","Pantograph","Dead Branch"],"potions_floor_usage":[50,50,55,55],"damage_taken":[{"damage":0.0,"enemies":"Jaw Worm","floor":1.0,"turns":1.0},{"damage":0.0,"enemies":"Cultist","floor":4.0,"turns":1.0},{"damage":0.0,"enemies":"Gremlin Nob","floor":6.0,"turns":1.0},{"damage":0.0,"enemies":"Small Slimes","floor":7.0,"turns":3.0},{"damage":21.0,"enemies":"3 Sentries","floor":8.0,"turns":8.0},{"damage":6.0,"enemies":"2 Fungi Beasts","floor":11.0,"turns":4.0},{"damage":0.0,"enemies":"Looter","floor":12.0,"turns":3.0},{"damage":20.0,"enemies":"Gremlin Nob","floor":13.0,"turns":4.0},{"damage":27.0,"enemies":"Hexaghost","floor":16.0,"turns":10.0},{"damage":10.0,"enemies":"3 Byrds","floor":18.0,"turns":4.0},{"damage":22.0,"enemies":"2 Thieves","floor":22.0,"turns":5.0},{"damage":46.0,"enemies":"Slavers","floor":23.0,"turns":5.0},{"damage":47.0,"enemies":"Gremlin Leader","floor":25.0,"turns":8.0},{"damage":21.0,"enemies":"Book of Stabbing","floor":27.0,"turns":4.0},{"damage":46.0,"enemies":"Sentry and Sphere","floor":29.0,"turns":8.0},{"damage":8.0,"enemies":"Shelled Parasite and Fungi","floor":30.0,"turns":7.0},{"damage":9.0,"enemies":"Champ","floor":33.0,"turns":8.0},{"damage":15.0,"enemies":"3 Darklings","floor":35.0,"turns":4.0},{"damage":8.0,"enemies":"Nemesis","floor":40.0,"turns":7.0},{"damage":6.0,"enemies":"Orb Walker","floor":44.0,"turns":3.0},{"damage":18.0,"enemies":"Writhing Mass","floor":45.0,"turns":6.0},{"damage":0.0,"enemies":"Giant Head","floor":46.0,"turns":5.0},{"damage":0,"enemies":"Jaw Worm Horde","floor":47,"turns":2},{"damage":24,"enemies":"Donu and Deca","floor":50,"turns":7},{"damage":8,"enemies":"Shield and Spear","floor":54,"turns":5},{"damage":30,"enemies":"The Heart","floor":55,"turns":2}],"seed_played":"2019412074303413100","potions_obtained":[{"floor":4.0,"key":"FearPotion"},{"floor":7.0,"key":"Regen Potion"},{"floor":13.0,"key":"Energy Potion"},{"floor":18.0,"key":"Explosive Potion"},{"floor":29.0,"key":"Fire Potion"},{"floor":33.0,"key":"AttackPotion"},{"floor":40.0,"key":"Swift Potion"},{"floor":45.0,"key":"GamblersBrew"},{"floor":54,"key":"SpeedPotion"}],"is_trial":false,"path_per_floor":["M","$","?","M","$","E","M","E","T","R","M","M","E","$","R","B",null,"M","?","?","?","M","E","R","E","T","E","R","M","M","$","R","B",null,"M","?","?","?","$","E","R","T","T","M","M","E","M","$","R","B",null,"R","$","E","B"],"character_chosen":"IRONCLAD","items_purchased":["Inflame","Art of War","Inflame","Whirlwind","Kunai","Anchor","Vajra","PowerPotion"],"campfire_rested":3,"item_purchase_floors":[5,5,14,14,31,31,31,31],"current_hp_per_floor":[80,80,80,80,80,80,80,65,65,65,65,71,57,57,57,36,80,76,76,76,76,60,25,64,23,23,8,47,9,9,9,48,47,80,71,71,71,71,71,63,63,63,63,57,39,39,39,39,39,15,15,15,15,7,0],"gold":62,"neow_bonus":"THREE_ENEMY_KILL","is_prod":false,"is_daily":false,"chose_seed":false,"campfire_upgraded":2,"win_rate":0,"timestamp":1558478984,"path_taken":["M","$","?","M","$","E","M","E","T","R","M","M","E","?","R","BOSS","M","?","?","?","M","E","R","E","T","E","R","M","M","$","R","BOSS","M","?","?","?","$","E","R","?","T","?","M","E","?","$","R","BOSS","R","$","E","BOSS"],"build_version":"2019-01-23","purchased_purges":4,"victory":false,"max_hp_per_floor":[80,80,80,80,80,80,80,80,80,80,80,80,80,80,80,80,80,80,80,80,80,80,80,80,80,80,80,80,80,80,80,80,80,80,80,80,80,80,80,80,80,80,80,80,80,80,80,80,80,80,80,80,80,80,80],"card_choices":[{"not_picked":["Perfected Strike","Thunderclap"],"picked":"Cleave","floor":1.0},{"not_picked":["Dropkick","Havoc"],"picked":"Warcry","floor":4.0},{"not_picked":["Havoc","Headbutt"],"picked":"Ghostly Armor","floor":6.0},{"not_picked":["Rage","Sever Soul"],"picked":"Pommel Strike","floor":7.0},{"not_picked":["Thunderclap","Corruption"],"picked":"Shrug It Off","floor":8.0},{"not_picked":["Dropkick","Headbutt"],"picked":"Shrug It Off","floor":11.0},{"not_picked":["Iron Wave","Blood for Blood","Body Slam"],"picked":"SKIP","floor":12.0},{"not_picked":["Hemokinesis","Metallicize"],"picked":"Inflame","floor":13.0},{"not_picked":["Reaper","Dark Embrace"],"picked":"Limit Break","floor":16.0},{"not_picked":["Intimidate","Heavy Blade+1","Perfected Strike+1"],"picked":"SKIP","floor":18.0},{"not_picked":["Cleave+1","Iron Wave+1"],"picked":"Burning Pact","floor":22.0},{"not_picked":["Perfected Strike+1","Hemokinesis+1","Heavy Blade+1"],"picked":"SKIP","floor":23.0},{"not_picked":["Dual Wield","Hemokinesis+1","Havoc"],"picked":"SKIP","floor":25.0},{"not_picked":["Anger+1","Feel No Pain","Exhume"],"picked":"SKIP","floor":27.0},{"not_picked":["Perfected Strike+1","Sever Soul+1"],"picked":"True Grit","floor":29.0},{"not_picked":["Havoc","Anger+1","Iron Wave+1"],"picked":"SKIP","floor":30.0},{"not_picked":["Impervious","Demon Form"],"picked":"Immolate+1","floor":33.0},{"not_picked":["Spot Weakness+1","Reckless Charge+1","Iron Wave+1"],"picked":"SKIP","floor":35.0},{"not_picked":["Spot Weakness+1","Reckless Charge+1"],"picked":"Iron Wave+1","floor":35.0},{"not_picked":["Flex+1","Fiend Fire+1","Shockwave"],"picked":"SKIP","floor":40.0},{"not_picked":["Burning Pact+1","Spot Weakness","Carnage+1"],"picked":"SKIP","floor":44.0},{"not_picked":["Sword Boomerang+1","Pommel Strike+1","Rupture+1"],"picked":"SKIP","floor":45.0},{"not_picked":["Fire Breathing+1","Reckless Charge+1"],"picked":"Intimidate+1","floor":46},{"not_picked":["Headbutt+1","Carnage+1","Combust"],"picked":"SKIP","floor":47},{"not_picked":["Second Wind","Flex"],"picked":"Shrug It Off+1","floor":54}],"player_experience":912147,"relics_obtained":[{"floor":6.0,"key":"Omamori"},{"floor":8.0,"key":"Centennial Puzzle"},{"floor":9.0,"key":"Oddly Smooth Stone"},{"floor":13.0,"key":"Regal Pillow"},{"floor":17.0,"key":"Potion Belt"},{"floor":17.0,"key":"Molten Egg 2"},{"floor":17.0,"key":"Shovel"},{"floor":23.0,"key":"The Courier"},{"floor":25.0,"key":"PreservedInsect"},{"floor":27.0,"key":"Blood Vial"},{"floor":40.0,"key":"Ginger"},{"floor":41.0,"key":"Bag of Marbles"},{"floor":42.0,"key":"Sundial"},{"floor":43.0,"key":"Lantern"},{"floor":46,"key":"Bottled Flame"},{"floor":52,"key":"Pantograph"},{"floor":54,"key":"Dead Branch"}],"event_choices":[{"damage_healed":0.0,"max_hp_gain":0.0,"max_hp_loss":0.0,"gold_gain":275.0,"event_name":"Golden Shrine","player_choice":"Desecrate","floor":3.0,"gold_loss":0.0,"damage_taken":0.0,"cards_obtained":["Regret"]},{"damage_healed":0.0,"max_hp_gain":0.0,"max_hp_loss":0.0,"gold_gain":0.0,"event_name":"The Mausoleum","player_choice":"Opened","floor":19.0,"gold_loss":0.0,"damage_taken":0.0,"relics_obtained":["MawBank"]},{"damage_healed":0.0,"max_hp_gain":0.0,"max_hp_loss":0.0,"gold_gain":0.0,"event_name":"Back to Basics","player_choice":"Simplicity","floor":20.0,"gold_loss":0.0,"damage_taken":0.0,"cards_upgraded":["Strike_R","Strike_R","Strike_R","Strike_R","Defend_R","Defend_R","Defend_R","Defend_R"]},{"damage_healed":0.0,"max_hp_gain":0.0,"max_hp_loss":0.0,"gold_gain":0.0,"event_name":"The Library","player_choice":"Read","floor":21.0,"gold_loss":0.0,"damage_taken":0.0,"cards_obtained":["Double Tap"]},{"damage_healed":0.0,"max_hp_gain":0.0,"max_hp_loss":0.0,"gold_gain":0.0,"event_name":"Mysterious Sphere","player_choice":"Ignored","floor":36.0,"gold_loss":0.0,"damage_taken":0.0},{"damage_healed":0.0,"max_hp_gain":0.0,"max_hp_loss":0.0,"gold_gain":0.0,"event_name":"MindBloom","player_choice":"Upgrade","floor":37.0,"gold_loss":0.0,"damage_taken":0.0,"cards_upgraded":["Cleave","Warcry","Ghostly Armor","Pommel Strike","Shrug It Off","Shrug It Off","Inflame","Inflame","Whirlwind","Limit Break","Double Tap","Burning Pact","True Grit"],"relics_obtained":["Mark of the Bloom"]},{"damage_healed":0.0,"max_hp_gain":0.0,"max_hp_loss":0.0,"gold_gain":0.0,"event_name":"Tomb of Lord Red Mask","player_choice":"Ignored","floor":38.0,"gold_loss":0.0,"damage_taken":0.0}],"is_beta":false,"boss_relics":[{"not_picked":["Astrolabe","Runic Dome"],"picked":"Calling Bell"},{"not_picked":["Lizard Tail","Empty Cage"],"picked":"Coffee Dripper"}],"items_purged_floors":[5,14,39,48],"is_endless":false,"potions_floor_spawned":[4,7,13,16,18,29,33,40,45,54],"killed_by":"The Heart","ascension_level":1}