{"gold_per_floor":[115,115,126,139,139,139,170,182,206,279,2,2,30,30,30,102,102,122,136,56,68,87,87,87,87,87,46,59,77,94,114,114,190,190,209,209,16,31,41,41,41,41],"floor_reached":42,"playtime":1562,"items_purged":[],"score":677,"play_id":"a45d9ca5-03bc-44a7-937b-adc1136ddb71","local_time":"20190117192742","is_ascension_mode":true,"campfire_choices":[{"data":"Neutralize","floor":6.0,"key":"SMITH"},{"floor":12.0,"key":"REST"},{"data":"Footwork","floor":15.0,"key":"SMITH"},{"data":"Catalyst","floor":23.0,"key":"SMITH"},{"floor":25.0,"key":"REST"},{"floor":32.0,"key":"REST"},{"floor":40,"key":"REST"}],"neow_cost":"NONE","seed_source_timestamp":25039941738994,"circlet_count":0,"master_deck":["AscendersBane","Defend_G","Defend_G+1","Defend_G","Defend_G","Defend_G","Strike_G","Strike_G","Strike_G","Strike_G","Survivor+1","Neutralize+1","Heel Hook","Dash","Dagger Spray","Deadly Poison","Footwork+1","Dodge and Roll","Deflect","Crippling Poison","Escape Plan","Backflip","Catalyst+1","Catalyst","Blur","Deadly Poison","Malaise","Blur","Leg Sweep"],"special_seed":0,"relics":["Ring of the Snake","Boot","Orichalcum","Bronze Scales","Snake Skull","Potion Belt","Sozu","Bottled Flame","Strawberry"],"potions_floor_usage":[],"damage_taken":[{"damage":0.0,"enemies":"2 Louse","floor":1.0,"turns":3.0},{"damage":2.0,"enemies":"Cultist","floor":3.0,"turns":4.0},{"damage":0.0,"enemies":"Small Slimes","floor":4.0,"turns":4.0},{"damage":17.0,"enemies":"3 Sentries","floor":7.0,"turns":8.0},{"damage":0.0,"enemies":"3 Louse","floor":8.0,"turns":2.0},{"damage":9.0,"enemies":"Gremlin Nob","floor":13.0,"turns":4.0},{"damage":48.0,"enemies":"Slime Boss","floor":16.0,"turns":13.0},{"damage":6.0,"enemies":"3 Byrds","floor":18.0,"turns":3.0},{"damage":0.0,"enemies":"Chosen","floor":19.0,"turns":5.0},{"damage":13.0,"enemies":"3 Cultists","floor":21.0,"turns":6.0},{"damage":6.0,"enemies":"Snecko","floor":22.0,"turns":6.0},{"damage":4.0,"enemies":"Centurion and Healer","floor":28.0,"turns":10.0},{"damage":0.0,"enemies":"Snake Plant","floor":29.0,"turns":3.0},{"damage":17.0,"enemies":"Snecko","floor":30.0,"turns":7.0},{"damage":0.0,"enemies":"Shelled Parasite and Fungi","floor":31.0,"turns":3.0},{"damage":32,"enemies":"Collector","floor":33,"turns":5},{"damage":15,"enemies":"Orb Walker","floor":35,"turns":4},{"damage":0,"enemies":"3 Shapes","floor":38,"turns":4},{"damage":33,"enemies":"Jaw Worm Horde","floor":39,"turns":8},{"damage":43,"enemies":"Reptomancer","floor":42,"turns":3}],"seed_played":"-3116218611567421559","potions_obtained":[{"floor":2.0,"key":"Weak Potion"},{"floor":2.0,"key":"SkillPotion"},{"floor":2.0,"key":"PowerPotion"},{"floor":7.0,"key":"Weak Potion"},{"floor":8.0,"key":"Fire Potion"}],"is_trial":false,"path_per_floor":["M","?","M","M","?","R","E","M","T","?","$","R","E","?","R","B",null,"M","M","$","M","M","R","?","R","T","$","M","M","M","M","R","B",null,"M","?","$","M","M","R","?","E"],"character_chosen":"THE_SILENT","items_purchased":["Footwork","Dodge and Roll","Snake Skull","Escape Plan","Catalyst","Strawberry","Blur"],"campfire_rested":4,"item_purchase_floors":[11,11,11,20,27,37,37],"current_hp_per_floor":[63,63,61,61,47,47,30,30,30,30,30,51,42,70,70,22,58,52,52,52,39,33,33,20,42,42,42,38,38,21,21,43,11,59,44,44,51,51,18,41,41,0],"gold":41,"neow_bonus":"RANDOM_COMMON_RELIC","is_prod":false,"is_daily":false,"chose_seed":false,"campfire_upgraded":3,"win_rate":0,"timestamp":1547742462,"path_taken":["M","?","?","M","?","R","E","M","T","?","$","R","E","?","R","BOSS","M","M","?","M","M","R","?","R","T","?","M","?","?","M","R","BOSS","M","?","$","M","M","R","?","E"],"build_version":"2019-01-10","purchased_purges":0,"victory":false,"max_hp_per_floor":[70,70,70,70,70,70,70,70,70,70,70,70,70,70,70,70,70,70,70,70,70,70,70,75,75,75,75,75,75,75,75,75,75,75,75,71,78,78,78,78,78,78],"card_choices":[{"not_picked":["Blade Dance","Terror"],"picked":"Heel Hook","floor":1.0},{"not_picked":["Expertise","Slice","Distraction"],"picked":"SKIP","floor":3.0},{"not_picked":["Reflex","Bouncing Flask"],"picked":"Dash","floor":4.0},{"not_picked":["Wraith Form v2","Choke"],"picked":"Dagger Spray","floor":7.0},{"not_picked":["Sucker Punch","Deflect"],"picked":"Deadly Poison","floor":8.0},{"not_picked":["Sucker Punch","Skewer"],"picked":"Deflect","floor":13.0},{"not_picked":["Dagger Throw","Terror","Accuracy"],"picked":"SKIP","floor":18.0},{"not_picked":["Caltrops","Bane"],"picked":"Crippling Poison","floor":19.0},{"not_picked":["Caltrops","Eviscerate"],"picked":"Backflip","floor":21.0},{"not_picked":["Dodge and Roll","Acrobatics"],"picked":"Catalyst","floor":22.0},{"not_picked":["Masterful Stab","Prepared+1"],"picked":"Blur","floor":28.0},{"not_picked":["Bane","Dodge and Roll","Expertise"],"picked":"SKIP","floor":29.0},{"not_picked":["Acrobatics","Sucker Punch"],"picked":"Deadly Poison","floor":30.0},{"not_picked":["Bane","Reflex","Quick Slash"],"picked":"SKIP","floor":31.0},{"not_picked":["Doppelganger","Grand Finale"],"picked":"Malaise","floor":33},{"not_picked":["Sucker Punch","Underhanded Strike","Flying Knee"],"picked":"SKIP","floor":35},{"not_picked":["Underhanded Strike","Dodge and Roll","Tactician"],"picked":"SKIP","floor":38},{"not_picked":["Dagger Spray","Infinite Blades"],"picked":"Leg Sweep","floor":39}],"player_experience":692084,"relics_obtained":[{"floor":7.0,"key":"Orichalcum"},{"floor":9.0,"key":"Bronze Scales"},{"floor":13.0,"key":"Potion Belt"},{"floor":26.0,"key":"Bottled Flame"}],"event_choices":[{"damage_healed":0.0,"max_hp_gain":0.0,"max_hp_loss":0.0,"gold_gain":0.0,"event_name":"Lab","player_choice":"Got Potions","floor":2.0,"gold_loss":0.0,"damage_taken":0.0},{"damage_healed":0.0,"max_hp_gain":0.0,"max_hp_loss":0.0,"gold_gain":0.0,"event_name":"Shining Light","player_choice":"Entered Light","floor":5.0,"gold_loss":0.0,"damage_taken":14.0,"cards_upgraded":["Defend_G","Survivor"]},{"damage_healed":0.0,"max_hp_gain":0.0,"max_hp_loss":0.0,"gold_gain":73.0,"event_name":"Golden Wing","player_choice":"Gained Gold","floor":10.0,"gold_loss":0.0,"damage_taken":0.0},{"damage_healed":28.0,"max_hp_gain":0.0,"max_hp_loss":0.0,"gold_gain":0.0,"event_name":"Wheel of Change","player_choice":"Full Heal","floor":14.0,"gold_loss":0.0,"damage_taken":0.0},{"damage_healed":0.0,"max_hp_gain":5.0,"max_hp_loss":0.0,"gold_gain":0.0,"event_name":"Forgotten Altar","player_choice":"Shed Blood","floor":24.0,"gold_loss":0.0,"damage_taken":18.0},{"damage_healed":0,"gold_gain":0,"player_choice":"Max HP","damage_taken":0,"max_hp_gain":0,"max_hp_loss":4,"event_name":"Winding Halls","floor":36,"gold_loss":0},{"cards_removed":["Strike_G"],"damage_healed":0,"gold_gain":0,"player_choice":"Removed Attack","damage_taken":0,"max_hp_gain":0,"max_hp_loss":0,"event_name":"Falling","floor":41,"gold_loss":0}],"is_beta":false,"boss_relics":[{"not_picked":["Runic Pyramid","Black Star"],"picked":"Sozu"},{"not_picked":["Coffee Dripper","Snecko Eye","Runic Dome"]}],"items_purged_floors":[],"is_endless":false,"potions_floor_spawned":[3,7,8,19,21,29,30,39],"killed_by":"Reptomancer","ascension_level":13}