{"gold_per_floor":[119,194,211,211,211,242,270,301,313,325,364,393,405,443,455,568,580,608,620,731,743,715,727],"floor_reached":23,"playtime":1374,"items_purged":[],"score":273,"play_id":"a74b7249-5ab2-43cc-8b51-bd06f2b6ac38","local_time":"20180830213218","is_ascension_mode":true,"campfire_choices":[{"floor":10.0,"key":"REST"},{"floor":13.0,"key":"REST"},{"data":"Zap","floor":15.0,"key":"SMITH"}],"neow_cost":"NONE","seed_source_timestamp":0,"circlet_count":0,"master_deck":["Strike_B","Strike_B","Strike_B","Strike_B","Defend_B","Defend_B","Defend_B","Defend_B","Zap","Dualcast","Go for the Eyes","Conserve Battery","Aggregate","Gash","Zap+1","Swift Strike","Creative AI","Genetic Algorithm","Doom and Gloom","Force Field","Conserve Battery","Streamline","Creative AI+1","All For One","FTL+1","Ghostly","Ghostly","Ghostly","Ghostly","Ghostly"],"special_seed":0,"relics":["Cracked Core","Anchor","GremlinMask","MawBank","Darkstone Periapt","StoneCalendar","Frozen Egg 2","Runic Pyramid"],"potions_floor_usage":[16,16,16,18,23,23],"damage_taken":[{"damage":2.0,"enemies":"Jaw Worm","floor":1.0,"turns":3.0},{"damage":0.0,"enemies":"Small Slimes","floor":3.0,"turns":2.0},{"damage":33.0,"enemies":"Gremlin Nob","floor":6.0,"turns":5.0},{"damage":0.0,"enemies":"Cultist","floor":7.0,"turns":3.0},{"damage":8.0,"enemies":"Blue Slaver","floor":8.0,"turns":3.0},{"damage":1.0,"enemies":"Lagavulin","floor":11.0,"turns":8.0},{"damage":2.0,"enemies":"Looter","floor":12.0,"turns":3.0},{"damage":23.0,"enemies":"3 Sentries","floor":14.0,"turns":7.0},{"damage":21,"enemies":"The Guardian","floor":16,"turns":7},{"damage":55,"enemies":"3 Byrds","floor":18,"turns":6},{"damage":7,"enemies":"Book of Stabbing","floor":23,"turns":5}],"seed_played":"-2951126309708493910","potions_obtained":[{"floor":3.0,"key":"Weak Potion"},{"floor":6.0,"key":"FearPotion"},{"floor":12.0,"key":"Strength Potion"},{"floor":14.0,"key":"Explosive Potion"},{"floor":16,"key":"PowerPotion"},{"floor":22,"key":"PowerPotion"},{"floor":22,"key":"Swift Potion"},{"floor":22,"key":"AttackPotion"}],"is_trial":false,"path_per_floor":["M","?","M","?","?","E","M","M","T","R","E","M","R","E","R","B",null,"M","?","?","?","?"],"character_chosen":"DEFECT","items_purchased":[],"campfire_rested":2,"item_purchase_floors":[],"current_hp_per_floor":[73,62,62,62,62,29,29,21,21,43,42,40,62,39,39,18,75,20,6,6,6,6,0],"gold":727,"neow_bonus":"RANDOM_COMMON_RELIC","is_prod":false,"is_daily":false,"chose_seed":false,"campfire_upgraded":1,"win_rate":0,"timestamp":1535689938,"path_taken":["M","?","M","?","?","E","M","M","T","R","E","?","R","E","R","BOSS","M","?","?","?","?","E"],"build_version":"2018-08-23v2","purchased_purges":0,"victory":false,"max_hp_per_floor":[75,75,75,75,75,75,75,75,75,75,75,75,75,75,75,75,75,75,80,80,40,40,40],"card_choices":[{"not_picked":["Compile Driver","Steam Power"],"picked":"Go for the Eyes","floor":1.0},{"not_picked":["Stack","Sweeping Beam"],"picked":"Conserve Battery","floor":3.0},{"not_picked":["Blizzard","Streamline"],"picked":"Genetic Algorithm","floor":6.0},{"not_picked":["Coolheaded","Recycle"],"picked":"Doom and Gloom","floor":7.0},{"not_picked":["Rip and Tear","Creative AI"],"picked":"Force Field","floor":8.0},{"not_picked":["Leap","White Noise"],"picked":"Conserve Battery","floor":11.0},{"not_picked":["Redo","Stack"],"picked":"Streamline","floor":12.0},{"not_picked":["Sweeping Beam","Gash"],"picked":"Creative AI","floor":14.0},{"not_picked":["Thunder Strike","Hyperbeam"],"picked":"All For One","floor":16},{"not_picked":["Barrage","Ball Lightning"],"picked":"FTL+1","floor":18}],"player_experience":231922,"relics_obtained":[{"floor":6.0,"key":"MawBank"},{"floor":9.0,"key":"Darkstone Periapt"},{"floor":11.0,"key":"StoneCalendar"},{"floor":14.0,"key":"Frozen Egg 2"}],"event_choices":[{"event_name":"World of Goop","player_choice":"Gather Gold","floor":2.0,"damage_taken":0.0},{"event_name":"Match and Keep!","player_choice":"5 cards matched","floor":4.0,"damage_taken":0.0},{"event_name":"FaceTrader","player_choice":"Trade","floor":5.0,"damage_taken":0.0},{"event_name":"Forgotten Altar","player_choice":"Shed Blood","floor":19,"damage_taken":0},{"event_name":"Nest","player_choice":"Stole From Cult","floor":20,"damage_taken":0},{"event_name":"Ghosts","player_choice":"Became a Ghost","floor":21,"damage_taken":0},{"event_name":"The Woman in Blue","player_choice":"Bought 3 Potions","floor":22,"damage_taken":0}],"is_beta":false,"boss_relics":[{"not_picked":["Snecko Eye","Orrery"],"picked":"Runic Pyramid"}],"items_purged_floors":[],"is_endless":false,"potions_floor_spawned":[3,6,12,14,16],"killed_by":"Book of Stabbing","ascension_level":4}