{"gold_per_floor":[115,190,190,201,47,47,47,47,47,78,91,69,69,80,80,180,230,245,245,258,258,276,276,276,276,302,336,38,48,48],"floor_reached":30,"playtime":1441,"items_purged":["Strike_R","Writhe"],"score":358,"play_id":"1cf7be86-a8c8-4a19-868f-83162a7d3554","local_time":"20180919182422","is_ascension_mode":true,"campfire_choices":[{"data":"Rupture","floor":6.0,"key":"SMITH"},{"floor":13.0,"key":"REST"},{"data":"Armaments","floor":15.0,"key":"SMITH"},{"data":"Reaper","floor":25.0,"key":"SMITH"}],"neow_cost":"NONE","seed_source_timestamp":0,"circlet_count":0,"master_deck":["Strike_R","Strike_R","Strike_R+1","Defend_R","Defend_R","Defend_R","Bash","Combust","Body Slam","Rupture+1","Heavy Blade","Armaments+1","Anger","Reaper+1","Shrug It Off","Metallicize","Pummel","Bloodletting","Armaments+1"],"special_seed":0,"relics":["Burning Blood","Letter Opener","StoneCalendar","Anchor","Tiny House","Nilry\u0027s Codex","Pantograph","Red Skull","Prayer Wheel","Strawberry"],"potions_floor_usage":[],"damage_taken":[{"damage":9.0,"enemies":"Small Slimes","floor":1.0,"turns":4.0},{"damage":6.0,"enemies":"2 Louse","floor":4.0,"turns":2.0},{"damage":28.0,"enemies":"3 Sentries","floor":10.0,"turns":7.0},{"damage":2.0,"enemies":"Jaw Worm","floor":11.0,"turns":3.0},{"damage":3.0,"enemies":"2 Fungi Beasts","floor":14.0,"turns":3.0},{"damage":36.0,"enemies":"Hexaghost","floor":16.0,"turns":7.0},{"damage":3.0,"enemies":"3 Byrds","floor":18.0,"turns":4.0},{"damage":4.0,"enemies":"Chosen","floor":20.0,"turns":4.0},{"damage":39.0,"enemies":"3 Cultists","floor":22.0,"turns":6.0},{"damage":0.0,"enemies":"Book of Stabbing","floor":23.0,"turns":1.0},{"damage":50.0,"enemies":"Slavers","floor":27.0,"turns":5.0},{"damage":33.0,"enemies":"Centurion and Healer","floor":29.0,"turns":5.0},{"damage":28,"enemies":"Snake Plant","floor":30,"turns":3}],"seed_played":"4460299504615234860","potions_obtained":[{"floor":1.0,"key":"Block Potion"},{"floor":4.0,"key":"AttackPotion"},{"floor":10.0,"key":"LiquidBronze"},{"floor":16.0,"key":"LiquidBronze"},{"floor":17.0,"key":"Energy Potion"},{"floor":18.0,"key":"SmokeBomb"}],"is_trial":false,"path_per_floor":["M","?","?","M","$","R","?","?","T","E","M","$","R","M","R","B",null,"M","?","M","?","M","E","?","R","T","E","$","M"],"character_chosen":"IRONCLAD","items_purchased":["Rupture","Armaments","Strawberry","Block Potion"],"campfire_rested":1,"item_purchase_floors":[5,12,28,28],"current_hp_per_floor":[77,66,59,59,59,59,59,59,59,40,44,44,68,71,71,41,78,87,70,72,56,35,41,41,41,41,21,28,17,0],"gold":48,"neow_bonus":"TRANSFORM_CARD","is_prod":false,"is_daily":false,"chose_seed":false,"campfire_upgraded":3,"win_rate":0,"timestamp":1537406662,"path_taken":["M","?","?","M","?","R","?","?","T","E","?","?","R","M","R","BOSS","M","?","?","?","M","E","?","R","T","E","$","M","M"],"build_version":"2018-09-06","purchased_purges":2,"victory":false,"max_hp_per_floor":[80,80,80,80,80,80,80,80,80,83,83,83,83,83,83,83,88,88,93,93,93,93,93,93,93,93,93,100,100,100],"card_choices":[{"not_picked":["Dual Wield","Headbutt","Second Wind"],"picked":"SKIP","floor":1.0},{"not_picked":["Ghostly Armor","Warcry"],"picked":"Body Slam","floor":4.0},{"not_picked":["Warcry","Hemokinesis"],"picked":"Heavy Blade","floor":10.0},{"not_picked":["Cleave","True Grit","Disarm"],"picked":"SKIP","floor":11.0},{"not_picked":["Armaments","Power Through"],"picked":"Anger","floor":14.0},{"not_picked":["Impervious","Dark Embrace"],"picked":"Reaper","floor":16.0},{"not_picked":["Spot Weakness","Thunderclap"],"picked":"Shrug It Off","floor":17.0},{"not_picked":["Corruption","Flex+1"],"picked":"Metallicize","floor":18.0},{"not_picked":["Fire Breathing","Thunderclap"],"picked":"Pummel","floor":20.0},{"not_picked":["Clothesline","Heavy Blade","Headbutt"],"picked":"SKIP","floor":22.0},{"not_picked":["Immolate","Body Slam"],"picked":"Bloodletting","floor":27.0},{"not_picked":["Second Wind","Sword Boomerang"],"picked":"Armaments+1","floor":29.0},{"not_picked":["Sword Boomerang","Intimidate","Wild Strike+1"],"picked":"SKIP","floor":29.0}],"player_experience":323926,"relics_obtained":[{"floor":9.0,"key":"StoneCalendar"},{"floor":10.0,"key":"Anchor"},{"floor":21.0,"key":"Nilry\u0027s Codex"},{"floor":26.0,"key":"Red Skull"},{"floor":27.0,"key":"Prayer Wheel"}],"event_choices":[{"event_name":"World of Goop","player_choice":"Gather Gold","floor":2.0,"damage_taken":0.0},{"event_name":"Golden Wing","player_choice":"Card Removal","floor":3.0,"damage_taken":0.0},{"event_name":"Big Fish","player_choice":"Box","floor":7.0,"damage_taken":0.0},{"event_name":"Fountain of Cleansing","player_choice":"Removed Curse","floor":8.0,"damage_taken":0.0},{"event_name":"Forgotten Altar","player_choice":"Shed Blood","floor":19.0,"damage_taken":0.0},{"event_name":"Cursed Tome","player_choice":"Obtained Book","floor":21.0,"damage_taken":0.0},{"event_name":"The Mausoleum","player_choice":"Yes","floor":24.0,"damage_taken":0.0}],"is_beta":false,"boss_relics":[{"not_picked":["White Beast Statue","Eternal Feather"],"picked":"Tiny House"}],"items_purged_floors":[5,28],"is_endless":false,"potions_floor_spawned":[1,4,10,16,18,20],"killed_by":"Snake Plant","ascension_level":5}