{"gold_per_floor":[110,70,80,5,80,115,115,141,216,216,232,288,303,126,126,197,197,215,215,4,4],"floor_reached":21,"playtime":763,"items_purged":["Strike_G"],"score":410,"play_id":"574550cb-1f90-44e5-bdad-b7c927c30f58","local_time":"20190727171615","is_ascension_mode":true,"campfire_choices":[{"data":"Neutralize","floor":10.0,"key":"SMITH"},{"floor":15,"key":"REST"}],"neow_cost":"NONE","seed_source_timestamp":1230785768064,"circlet_count":0,"master_deck":["AscendersBane","Strike_G","Defend_G","Defend_G","Defend_G","Defend_G","Survivor","Neutralize+1","Backstab","Riddle With Holes","Deadly Poison","Backstab","Reflex","Blur","Deadly Poison","Dash","Prepared","Noxious Fumes","Panacea","Storm of Steel","Accuracy"],"special_seed":0,"relics":["Ring of the Snake","NeowsBlessing","Strawberry","Matryoshka","Centennial Puzzle","Dodecahedron","Pen Nib","Empty Cage","Toy Ornithopter"],"potions_floor_usage":[12,16,18],"damage_taken":[{"damage":0.0,"enemies":"Jaw Worm","floor":1.0,"turns":1.0},{"damage":0.0,"enemies":"Small Slimes","floor":3.0,"turns":1.0},{"damage":0.0,"enemies":"Gremlin Nob","floor":6.0,"turns":1.0},{"damage":30.0,"enemies":"3 Sentries","floor":8.0,"turns":10.0},{"damage":0,"enemies":"Cultist","floor":11,"turns":2},{"damage":16,"enemies":"3 Sentries","floor":12,"turns":12},{"damage":3,"enemies":"Large Slime","floor":13,"turns":6},{"damage":18,"enemies":"The Guardian","floor":16,"turns":9},{"damage":29,"enemies":"3 Byrds","floor":18,"turns":5},{"damage":29,"enemies":"Masked Bandits","floor":21,"turns":3}],"seed_played":"8910924461210286471","potions_obtained":[{"floor":3.0,"key":"EntropicBrew"},{"floor":11,"key":"Poison Potion"},{"floor":16,"key":"Energy Potion"}],"is_trial":false,"path_per_floor":["M","$","M","$","?","E","?","E","T","R","M","?","M","$","R","B",null,"M","?","$","?"],"character_chosen":"THE_SILENT","items_purchased":["Riddle With Holes","Noxious Fumes","Panacea","Toy Ornithopter"],"campfire_rested":1,"item_purchase_floors":[2,14,14,20],"current_hp_per_floor":[59,59,59,59,48,55,55,25,25,25,25,9,6,6,27,9,57,28,28,28,0],"gold":4,"neow_bonus":"THREE_ENEMY_KILL","is_prod":false,"is_daily":false,"chose_seed":false,"campfire_upgraded":1,"win_rate":0,"timestamp":1564272975,"path_taken":["M","$","M","$","?","E","?","E","T","R","?","?","M","$","R","BOSS","M","?","$","?"],"build_version":"2019-07-17","purchased_purges":1,"victory":false,"max_hp_per_floor":[66,66,66,66,66,73,73,73,73,73,73,73,73,73,73,73,73,73,73,73,73],"card_choices":[{"not_picked":["Quick Slash","Backflip"],"picked":"Backstab","floor":1.0},{"not_picked":["Concentrate","Poisoned Stab"],"picked":"Deadly Poison","floor":3.0},{"not_picked":["Dagger Spray","Distraction"],"picked":"Backstab","floor":6.0},{"not_picked":["Deflect","Deadly Poison"],"picked":"Blur","floor":8.0},{"not_picked":["Choke","Flying Knee"],"picked":"Deadly Poison","floor":11},{"not_picked":["Grand Finale","Choke"],"picked":"Dash","floor":12},{"not_picked":["Blade Dance","Dagger Spray"],"picked":"Prepared","floor":13},{"not_picked":["Wraith Form v2","Grand Finale"],"picked":"Storm of Steel","floor":16},{"not_picked":["Finisher","Sucker Punch"],"picked":"Accuracy","floor":18}],"player_experience":683571,"relics_obtained":[{"floor":6.0,"key":"Strawberry"},{"floor":8.0,"key":"Matryoshka"},{"floor":9.0,"key":"Centennial Puzzle"},{"floor":9.0,"key":"Dodecahedron"},{"floor":12,"key":"Pen Nib"}],"event_choices":[{"damage_healed":0.0,"max_hp_gain":0.0,"max_hp_loss":0.0,"gold_gain":75.0,"event_name":"World of Goop","player_choice":"Gather Gold","floor":5.0,"gold_loss":0.0,"damage_taken":11.0},{"damage_healed":0.0,"max_hp_gain":0.0,"max_hp_loss":0.0,"gold_gain":0.0,"cards_transformed":["Strike_G"],"event_name":"Transmorgrifier","player_choice":"Transformed","floor":7.0,"gold_loss":0.0,"damage_taken":0.0,"cards_obtained":["Reflex"]},{"damage_healed":0,"gold_gain":0,"player_choice":"Searched \u00272\u0027 times","damage_taken":0,"max_hp_gain":0,"max_hp_loss":0,"event_name":"Dead Adventurer","floor":12,"gold_loss":0},{"cards_removed":["Strike_G"],"damage_healed":0,"gold_gain":0,"player_choice":"Elegance","damage_taken":0,"max_hp_gain":0,"max_hp_loss":0,"event_name":"Back to Basics","floor":19,"gold_loss":0},{"damage_healed":0,"gold_gain":0,"player_choice":"Fought Bandits","damage_taken":0,"max_hp_gain":0,"max_hp_loss":0,"event_name":"Masked Bandits","floor":21,"gold_loss":0}],"is_beta":false,"boss_relics":[{"not_picked":["Orrery","Cursed Key"],"picked":"Empty Cage"}],"items_purged_floors":[4],"is_endless":false,"potions_floor_spawned":[3,11,16],"killed_by":"Masked Bandits","ascension_level":19}