{"gold_per_floor":[109,120,131,144,155,186,186,197,222,255,285,308,320,344,356,368],"floor_reached":16,"playtime":3310,"items_purged":[],"score":118,"play_id":"aa2e65ff-53f7-44c2-975c-0d9f15d2f330","local_time":"20190203175146","is_ascension_mode":false,"campfire_choices":[{"floor":7,"key":"REST"},{"data":"Flame Barrier","floor":15,"key":"SMITH"}],"neow_cost":"NONE","seed_source_timestamp":1810672865173777,"circlet_count":0,"master_deck":["Strike_R","Strike_R","Strike_R","Strike_R","Defend_R","Defend_R","Defend_R","Defend_R","Bash","Brutality","Warcry","Seeing Red+1","Shrug It Off+1","Demon Form","Searing Blow","Flame Barrier+1","Iron Wave","Heavy Blade","Pummel","Headbutt"],"relics":["Burning Blood","War Paint","Smiling Mask","MawBank"],"potions_floor_usage":[10,10,16,16,16],"damage_taken":[{"damage":8,"enemies":"Cultist","floor":1,"turns":4},{"damage":11,"enemies":"Jaw Worm","floor":2,"turns":2},{"damage":3,"enemies":"2 Louse","floor":3,"turns":3},{"damage":5,"enemies":"Large Slime","floor":4,"turns":6},{"damage":23,"enemies":"Exordium Wildlife","floor":5,"turns":5},{"damage":57,"enemies":"Lagavulin","floor":6,"turns":8},{"damage":9,"enemies":"Blue Slaver","floor":8,"turns":5},{"damage":24,"enemies":"Gremlin Nob","floor":10,"turns":4},{"damage":0,"enemies":"3 Louse","floor":11,"turns":3},{"damage":1,"enemies":"Exordium Wildlife","floor":12,"turns":5},{"damage":4,"enemies":"2 Fungi Beasts","floor":14,"turns":4},{"damage":32,"enemies":"Slime Boss","floor":16,"turns":10}],"seed_played":"7798493445414119438","potions_obtained":[{"floor":5,"key":"Weak Potion"},{"floor":6,"key":"Strength Potion"},{"floor":8,"key":"SneckoOil"},{"floor":10,"key":"Ancient Potion"},{"floor":11,"key":"LiquidBronze"}],"is_trial":false,"path_per_floor":["M","M","M","M","M","E","R","M","T","E","M","M","?","M","R","B"],"character_chosen":"IRONCLAD","items_purchased":[],"campfire_rested":1,"item_purchase_floors":[],"current_hp_per_floor":[78,73,76,77,60,9,33,30,30,12,18,23,23,25,25,0],"gold":368,"neow_bonus":"ONE_RANDOM_RARE_CARD","is_prod":false,"is_daily":false,"chose_seed":false,"campfire_upgraded":1,"win_rate":0,"timestamp":1549212706,"path_taken":["M","M","?","M","M","E","R","M","T","E","M","M","?","M","R","BOSS"],"build_version":"2019-01-23","purchased_purges":0,"victory":false,"max_hp_per_floor":[80,80,80,80,80,80,80,80,80,80,80,80,80,80,80,80],"card_choices":[{"not_picked":["Thunderclap","Anger"],"picked":"Warcry","floor":1},{"not_picked":["Heavy Blade","Wild Strike"],"picked":"Seeing Red","floor":2},{"not_picked":["Twin Strike","Cleave"],"picked":"Shrug It Off","floor":3},{"not_picked":["Thunderclap","Pommel Strike"],"picked":"Demon Form","floor":4},{"not_picked":["Anger","Perfected Strike"],"picked":"Searing Blow","floor":5},{"not_picked":["Feel No Pain","Shockwave"],"picked":"Flame Barrier","floor":6},{"not_picked":["Bloodletting","Perfected Strike"],"picked":"Iron Wave","floor":8},{"not_picked":["Perfected Strike","Iron Wave","Shockwave"],"picked":"SKIP","floor":10},{"not_picked":["Cleave","Clothesline"],"picked":"Heavy Blade","floor":11},{"not_picked":["True Grit","Reckless Charge","Body Slam"],"picked":"SKIP","floor":12},{"not_picked":["Body Slam","Second Wind"],"picked":"Headbutt","floor":14}],"player_experience":111059,"relics_obtained":[{"floor":6,"key":"War Paint"},{"floor":9,"key":"Smiling Mask"},{"floor":10,"key":"MawBank"}],"event_choices":[{"damage_healed":0,"gold_gain":0,"cards_transformed":["Strike_R"],"player_choice":"Transformed","damage_taken":0,"max_hp_gain":0,"max_hp_loss":0,"event_name":"Transmorgrifier","floor":13,"gold_loss":0,"cards_obtained":["Pummel"]}],"is_beta":false,"boss_relics":[],"items_purged_floors":[],"is_endless":false,"potions_floor_spawned":[5,6,8,10,11],"killed_by":"Slime Boss","ascension_level":0}