{"gold_per_floor":[110,129,153,167,92,118,293,312,337,353,370,370,105,122,122,223,223,239,239,142,142,124,124],"floor_reached":23,"playtime":1291,"items_purged":["Doubt"],"score":251,"play_id":"a877f87f-e19c-4228-856e-a535604ca465","local_time":"20190802100627","is_ascension_mode":true,"campfire_choices":[{"floor":15,"key":"REST"}],"neow_cost":"NONE","seed_source_timestamp":39694447911260,"circlet_count":0,"master_deck":["Strike_B","Strike_B","Strike_B+1","Defend_B","Defend_B","Defend_B","Defend_B","Zap","Dualcast","Gash+1","Leap","BootSequence","Capacitor","Cold Snap","Compile Driver","Loop","Echo Form+1","Bandage Up","Reinforced Body"],"relics":["Cracked Core","Whetstone","Ornamental Fan","Ancient Tea Set","Regal Pillow","Coffee Dripper"],"potions_floor_usage":[6,16,16],"damage_taken":[{"damage":1,"enemies":"Cultist","floor":1,"turns":3},{"damage":0,"enemies":"Small Slimes","floor":2,"turns":3},{"damage":1,"enemies":"2 Louse","floor":4,"turns":2},{"damage":18,"enemies":"Gremlin Nob","floor":6,"turns":3},{"damage":17,"enemies":"Large Slime","floor":8,"turns":7},{"damage":10,"enemies":"Exordium Thugs","floor":10,"turns":6},{"damage":0,"enemies":"Looter","floor":11,"turns":2},{"damage":8,"enemies":"Lots of Slimes","floor":14,"turns":5},{"damage":13,"enemies":"The Guardian","floor":16,"turns":12},{"damage":13,"enemies":"3 Byrds","floor":18,"turns":6},{"damage":24,"enemies":"2 Thieves","floor":22,"turns":4},{"damage":41,"enemies":"Book of Stabbing","floor":23,"turns":6}],"seed_played":"-1429768379825351169","potions_obtained":[{"floor":1,"key":"AttackPotion"},{"floor":10,"key":"Weak Potion"},{"floor":14,"key":"FocusPotion"}],"is_trial":false,"path_per_floor":["M","M","T","M","$","E","?","M","T","M","M","?","$","M","R","B",null,"M","?","$","?","M","E"],"character_chosen":"DEFECT","items_purchased":["BootSequence","Regal Pillow","Loop","Bandage Up"],"campfire_rested":1,"item_purchase_floors":[5,13,13,20],"current_hp_per_floor":[67,67,67,66,66,48,48,31,31,21,21,21,21,13,50,37,66,53,53,53,53,37,0],"gold":124,"neow_bonus":"REMOVE_CARD","is_prod":false,"is_daily":false,"chose_seed":false,"campfire_upgraded":0,"win_rate":0,"timestamp":1564758387,"path_taken":["M","M","?","M","$","E","?","M","T","M","M","?","$","M","R","BOSS","M","?","?","?","?","E"],"build_version":"2019-07-17","purchased_purges":1,"victory":false,"max_hp_per_floor":[75,75,75,75,75,75,75,75,75,75,75,75,75,75,75,75,75,75,75,75,75,75,75],"card_choices":[{"not_picked":["Steam Power","Auto Shields","Redo"],"picked":"SKIP","floor":1},{"not_picked":["Sweeping Beam","Turbo"],"picked":"Gash","floor":2},{"not_picked":["Gash","Redo"],"picked":"Leap","floor":4},{"not_picked":["Streamline","Conserve Battery"],"picked":"Capacitor","floor":6},{"not_picked":["Streamline","Chaos","Redo"],"picked":"SKIP","floor":8},{"not_picked":["Gash","Fission"],"picked":"Cold Snap","floor":10},{"not_picked":["Darkness","Go for the Eyes"],"picked":"Compile Driver","floor":11},{"not_picked":["Reprogram","Go for the Eyes","Hologram"],"picked":"SKIP","floor":14},{"not_picked":["Thunder Strike","Fission"],"picked":"Echo Form","floor":16},{"not_picked":["Compile Driver","Fusion","Beam Cell"],"picked":"SKIP","floor":18},{"not_picked":["Auto Shields","Rebound"],"picked":"Reinforced Body","floor":22}],"player_experience":571806,"relics_obtained":[{"floor":3,"key":"Whetstone"},{"floor":6,"key":"Ornamental Fan"},{"floor":9,"key":"Ancient Tea Set"}],"event_choices":[{"damage_healed":0,"gold_gain":175,"player_choice":"AGREE","damage_taken":0,"max_hp_gain":0,"max_hp_loss":0,"event_name":"Liars Game","floor":7,"gold_loss":0,"cards_obtained":["Doubt"]},{"damage_healed":0,"gold_gain":0,"player_choice":"Ignored","damage_taken":0,"max_hp_gain":0,"max_hp_loss":0,"event_name":"Shining Light","floor":12,"gold_loss":0},{"damage_healed":0,"gold_gain":0,"player_choice":"Upgraded","damage_taken":0,"max_hp_gain":0,"max_hp_loss":0,"event_name":"Upgrade Shrine","floor":19,"gold_loss":0,"cards_upgraded":["Echo Form"]},{"damage_healed":0,"gold_gain":0,"player_choice":"Ignored","damage_taken":0,"max_hp_gain":0,"max_hp_loss":0,"event_name":"N\u0027loth","floor":21,"gold_loss":0}],"is_beta":false,"boss_relics":[{"not_picked":["White Beast Statue","Orrery"],"picked":"Coffee Dripper"}],"items_purged_floors":[13],"is_endless":false,"potions_floor_spawned":[1,10,14],"killed_by":"Book of Stabbing","ascension_level":6}