{"gold_per_floor":[112,187,198,198,373,407,423,423,477,477],"floor_reached":10,"playtime":4632,"items_purged":[],"score":92,"play_id":"3e732c12-33c3-4d9e-98fd-a74ab2776627","local_time":"20190802235735","is_ascension_mode":true,"campfire_choices":[{"floor":8,"key":"REST"}],"neow_cost":"PERCENT_DAMAGE","seed_source_timestamp":86224740962096,"circlet_count":0,"master_deck":["Strike_R","Strike_R","Strike_R","Strike_R","Strike_R","Defend_R","Defend_R","Defend_R","Defend_R","Bash","Barricade","Power Through","Inflame","Injury","Doubt","Battle Trance"],"relics":["Burning Blood","Golden Idol","Orichalcum","Tiny Chest"],"potions_floor_usage":[6,6],"damage_taken":[{"damage":2,"enemies":"Small Slimes","floor":1,"turns":6},{"damage":0,"enemies":"Jaw Worm","floor":3,"turns":3},{"damage":39,"enemies":"Lagavulin","floor":6,"turns":13},{"damage":6,"enemies":"2 Louse","floor":7,"turns":4},{"damage":65,"enemies":"Gremlin Nob","floor":10,"turns":5}],"seed_played":"-2442057345144383149","potions_obtained":[{"floor":1,"key":"EssenceOfSteel"},{"floor":3,"key":"Block Potion"}],"is_trial":false,"path_per_floor":["M","?","M","?","?","E","M","R","T","E"],"character_chosen":"IRONCLAD","items_purchased":[],"campfire_rested":1,"item_purchase_floors":[],"current_hp_per_floor":[55,44,50,50,50,17,17,41,41,0],"gold":477,"neow_bonus":"THREE_RARE_CARDS","is_prod":false,"is_daily":false,"chose_seed":false,"campfire_upgraded":0,"win_rate":0,"timestamp":1564808255,"path_taken":["M","?","M","?","?","E","M","R","T","E"],"build_version":"2019-07-17","purchased_purges":0,"victory":false,"max_hp_per_floor":[80,80,80,80,80,80,80,80,80,80],"card_choices":[{"not_picked":["Berserk","Brutality"],"picked":"Barricade","floor":0},{"not_picked":["Perfected Strike","Whirlwind"],"picked":"Power Through","floor":1},{"not_picked":["Anger","Sentinel"],"picked":"Inflame","floor":3},{"not_picked":["Warcry","Heavy Blade"],"picked":"Battle Trance","floor":6},{"not_picked":["Clothesline","Uppercut","Infernal Blade"],"picked":"SKIP","floor":7}],"player_experience":583766,"relics_obtained":[{"floor":6,"key":"Orichalcum"},{"floor":9,"key":"Tiny Chest"}],"event_choices":[{"damage_healed":0,"gold_gain":75,"player_choice":"Gather Gold","damage_taken":11,"max_hp_gain":0,"max_hp_loss":0,"event_name":"World of Goop","floor":2,"gold_loss":0},{"damage_healed":0,"gold_gain":0,"player_choice":"Take Wound","damage_taken":0,"relics_obtained":["Golden Idol"],"max_hp_gain":0,"max_hp_loss":0,"event_name":"Golden Idol","floor":4,"gold_loss":0,"cards_obtained":["Injury"]},{"damage_healed":0,"gold_gain":175,"player_choice":"AGREE","damage_taken":0,"max_hp_gain":0,"max_hp_loss":0,"event_name":"Liars Game","floor":5,"gold_loss":0,"cards_obtained":["Doubt"]}],"is_beta":false,"boss_relics":[],"items_purged_floors":[],"is_endless":false,"potions_floor_spawned":[1,3],"killed_by":"Gremlin Nob","ascension_level":8}