{"gold_per_floor":[210,226,226,75,75,75,89,89,89,107,107,107,141,158,158,259,259,275,374,390,390,403,403,428,428,428,428,294,180,197,27,27,131,131,151,61,23,40,52,52,52,52,129,129,146,146,165,176,176,176],"floor_reached":50,"playtime":1753,"items_purged":["Strike_R","Strike_R","Strike_R"],"score":533,"play_id":"00e076db-107c-4e25-b5de-e1cd8f85f178","local_time":"20180907141529","is_ascension_mode":true,"campfire_choices":[{"data":"Spot Weakness","floor":6.0,"key":"SMITH"},{"data":"Sword Boomerang","floor":8.0,"key":"SMITH"},{"data":"Bash","floor":15.0,"key":"SMITH"},{"floor":23.0,"key":"REST"},{"floor":25.0,"key":"REST"},{"floor":27.0,"key":"REST"},{"floor":32.0,"key":"REST"},{"data":"Shrug It Off","floor":40,"key":"SMITH"},{"data":"Metallicize","floor":42,"key":"SMITH"},{"data":"Ghostly Armor","floor":44,"key":"SMITH"},{"floor":49,"key":"REST"}],"neow_cost":"NONE","seed_source_timestamp":4433482728778,"circlet_count":0,"master_deck":["Defend_R","Defend_R","Defend_R+1","Bash+1","Spot Weakness+1","Headbutt","Battle Trance+1","Demon Form+1","Sword Boomerang+1","Feed","Feed","Ghostly Armor+1","Metallicize+1","Dramatic Entrance+1","Shrug It Off+1","Inflame+1","Flame Barrier+1","Violence","Metallicize+1"],"special_seed":0,"relics":["Burning Blood","Shuriken","Ice Cream","War Paint","Empty Cage","Blue Candle","The Courier","Bag of Preparation","Sozu","Toxic Egg 2","Shovel"],"potions_floor_usage":[50],"damage_taken":[{"damage":6.0,"enemies":"Cultist","floor":1.0,"turns":3.0},{"damage":7.0,"enemies":"2 Louse","floor":2.0,"turns":2.0},{"damage":12.0,"enemies":"Small Slimes","floor":7.0,"turns":4.0},{"damage":20.0,"enemies":"Looter","floor":10.0,"turns":3.0},{"damage":6.0,"enemies":"Gremlin Nob","floor":13.0,"turns":3.0},{"damage":0.0,"enemies":"Large Slime","floor":14.0,"turns":3.0},{"damage":46.0,"enemies":"Hexaghost","floor":16.0,"turns":5.0},{"damage":30.0,"enemies":"2 Thieves","floor":18.0,"turns":4.0},{"damage":31.0,"enemies":"Spheric Guardian","floor":20.0,"turns":5.0},{"damage":11.0,"enemies":"Snake Plant","floor":22.0,"turns":3.0},{"damage":60.0,"enemies":"Book of Stabbing","floor":24.0,"turns":6.0},{"damage":24.0,"enemies":"Cultist and Chosen","floor":30.0,"turns":6.0},{"damage":41.0,"enemies":"Champ","floor":33.0,"turns":10.0},{"damage":15.0,"enemies":"3 Shapes","floor":35.0,"turns":6.0},{"damage":30,"enemies":"3 Darklings","floor":38,"turns":5},{"damage":6,"enemies":"Reptomancer","floor":39,"turns":5},{"damage":13,"enemies":"Maw","floor":45,"turns":6},{"damage":33,"enemies":"Mind Bloom Boss Battle","floor":46,"turns":7},{"damage":0,"enemies":"Transient","floor":47,"turns":5},{"damage":22,"enemies":"Sphere and 2 Shapes","floor":48,"turns":5},{"damage":74,"enemies":"Awakened One","floor":50,"turns":5}],"seed_played":"-5368825811574380355","potions_obtained":[{"floor":1.0,"key":"GamblersBrew"},{"floor":10.0,"key":"SteroidPotion"},{"floor":14.0,"key":"Explosive Potion"},{"floor":22.0,"key":"Fire Potion"}],"is_trial":false,"path_per_floor":["M","M","?","$","?","R","M","R","T","M","?","T","E","M","R","B",null,"M","?","M","?","M","R","E","R","T","R","$","$","M","$","R","B",null,"M","?","$","M","M","R","?","R","T","R","M","?","M","M","R"],"character_chosen":"IRONCLAD","items_purchased":["Demon Form","Metallicize","Bag of Preparation","Dramatic Entrance","Shrug It Off"],"campfire_rested":5,"item_purchase_floors":[4,28,29,31,37],"current_hp_per_floor":[80,79,79,79,79,79,73,73,73,59,64,64,64,70,70,30,85,64,64,39,39,37,64,10,37,37,64,64,64,52,52,81,46,97,94,94,94,70,73,73,73,73,73,73,66,42,48,35,68,0],"gold":176,"neow_bonus":"HUNDRED_GOLD","is_prod":false,"is_daily":false,"chose_seed":false,"campfire_upgraded":6,"win_rate":0,"timestamp":1536318929,"path_taken":["M","?","?","$","?","R","M","R","T","M","?","?","E","M","R","BOSS","M","?","?","?","M","R","E","R","T","R","?","$","M","$","R","BOSS","M","?","$","M","M","R","?","R","T","R","M","?","M","M","R","BOSS"],"build_version":"2018-09-06","purchased_purges":3,"victory":false,"max_hp_per_floor":[80,80,80,80,80,80,80,80,80,80,85,85,85,85,85,85,85,88,88,88,88,91,91,91,91,91,91,91,91,97,97,97,97,97,103,103,103,103,106,106,106,106,106,106,106,109,109,112,112,115],"card_choices":[{"not_picked":["Infernal Blade","Sword Boomerang"],"picked":"Spot Weakness","floor":1.0},{"not_picked":["Iron Wave","Anger"],"picked":"Headbutt","floor":2.0},{"not_picked":["Metallicize","Iron Wave"],"picked":"Sword Boomerang","floor":7.0},{"not_picked":["Shockwave","Clash","Wild Strike"],"picked":"SKIP","floor":10.0},{"not_picked":["Warcry","Twin Strike","Evolve"],"picked":"SKIP","floor":13.0},{"not_picked":["Thunderclap","Iron Wave","Power Through"],"picked":"SKIP","floor":14.0},{"not_picked":["Immolate","Exhume"],"picked":"Feed","floor":16.0},{"not_picked":["Havoc","Rampage","Sentinel"],"picked":"SKIP","floor":18.0},{"not_picked":["Heavy Blade","Iron Wave","Shockwave+1"],"picked":"SKIP","floor":20.0},{"not_picked":["Reckless Charge","Cleave","Iron Wave"],"picked":"SKIP","floor":22.0},{"not_picked":["Berserk","Heavy Blade"],"picked":"Ghostly Armor","floor":24.0},{"not_picked":["Iron Wave+1","Reckless Charge","Headbutt"],"picked":"SKIP","floor":30.0},{"not_picked":["Twin Strike+1","Perfected Strike+1","Warcry+1"],"picked":"SKIP","floor":35.0},{"not_picked":["Burning Pact+1","Headbutt"],"picked":"Inflame+1","floor":38},{"not_picked":["Blood for Blood+1","Intimidate+1"],"picked":"Flame Barrier+1","floor":39},{"not_picked":["Flash of Steel","Apotheosis"],"picked":"Violence","floor":41},{"not_picked":["Clothesline+1","Twin Strike+1","True Grit+1"],"picked":"SKIP","floor":45},{"not_picked":["Heavy Blade+1","Havoc+1"],"picked":"Metallicize+1","floor":47},{"not_picked":["Rupture+1","Clothesline+1","Sword Boomerang+1"],"picked":"SKIP","floor":48}],"player_experience":459684,"relics_obtained":[{"floor":9.0,"key":"Shuriken"},{"floor":12.0,"key":"Ice Cream"},{"floor":13.0,"key":"War Paint"},{"floor":24.0,"key":"Blue Candle"},{"floor":26.0,"key":"The Courier"},{"floor":43,"key":"Toxic Egg 2"},{"floor":46,"key":"Shovel"}],"event_choices":[{"event_name":"Match and Keep!","player_choice":"1 cards matched","floor":3.0,"damage_taken":0.0},{"event_name":"Living Wall","player_choice":"Grow","floor":5.0,"damage_taken":0.0},{"event_name":"Big Fish","player_choice":"Donut","floor":11.0,"damage_taken":0.0},{"event_name":"Nest","player_choice":"Stole From Cult","floor":19.0,"damage_taken":0.0},{"event_name":"Duplicator","player_choice":"One dupe","floor":21.0,"damage_taken":0.0},{"event_name":"Designer","player_choice":"Full Service","floor":36,"damage_taken":0},{"event_name":"SensoryStone","player_choice":"Memory 1","floor":41,"damage_taken":0},{"event_name":"MindBloom","player_choice":"Fight","floor":46,"damage_taken":0}],"is_beta":false,"boss_relics":[{"not_picked":["Coffee Dripper","Lizard Tail"],"picked":"Empty Cage"},{"not_picked":["Mark of Pain","White Beast Statue"],"picked":"Sozu"}],"items_purged_floors":[4,28,31],"is_endless":false,"potions_floor_spawned":[1,10,14,16,20,22,30,33,38,46],"killed_by":"Awakened One","ascension_level":1}