{"gold_per_floor":[109,120,120,120,137,137,164,164,164,175,175,61,77,106,106,213,225,256,268,293,28,28,28,28,55,55,74,85,85,8,8,8,107,107,127,127,145,145,165,165,165,181,181,181,191,208,208,227,227,227],"floor_reached":51,"playtime":1935,"items_purged":["Strike_G"],"score":702,"play_id":"3e07b423-2a4f-4c71-9635-1cf98cf94f73","local_time":"20181116134314","is_ascension_mode":false,"campfire_choices":[{"data":"Footwork","floor":6.0,"key":"SMITH"},{"floor":8.0,"key":"DIG"},{"floor":11.0,"key":"REST"},{"floor":15.0,"key":"DIG"},{"data":"Dash","floor":23.0,"key":"SMITH"},{"floor":29.0,"key":"REST"},{"data":"Riddle With Holes","floor":32.0,"key":"SMITH"},{"data":"Backstab","floor":40,"key":"SMITH"},{"floor":44,"key":"REST"},{"floor":49,"key":"REST"}],"neow_cost":"NONE","seed_source_timestamp":1633487868336,"circlet_count":0,"master_deck":["Defend_G","Defend_G","Defend_G","Defend_G","Defend_G","Strike_G","Strike_G","Strike_G","Survivor","Neutralize","Dodge and Roll","Dagger Spray+1","Footwork+1","Leg Sweep","Quick Slash","Footwork","Dash+1","Malaise","Riddle With Holes+1","Backstab+1","Backstab","Backstab","Blur","Caltrops","After Image","Backstab","All Out Attack+1","Flying Knee+1","Envenom","Footwork+1","Envenom"],"special_seed":0,"relics":["Ring of the Serpent","NeowsBlessing","Shovel","Kunai","Bottled Lightning","Ancient Tea Set","MawBank","DollysMirror","Blood Vial","Singing Bowl","MutagenicStrength","Philosopher\u0027s Stone","Bottled Flame","Letter Opener"],"potions_floor_usage":[42,42,50,50],"damage_taken":[{"damage":0.0,"enemies":"Cultist","floor":1.0,"turns":1.0},{"damage":0.0,"enemies":"Jaw Worm","floor":2.0,"turns":1.0},{"damage":0.0,"enemies":"Small Slimes","floor":5.0,"turns":1.0},{"damage":26.0,"enemies":"Gremlin Nob","floor":7.0,"turns":6.0},{"damage":0.0,"enemies":"Exordium Wildlife","floor":10.0,"turns":5.0},{"damage":0.0,"enemies":"Looter","floor":13.0,"turns":4.0},{"damage":4.0,"enemies":"3 Sentries","floor":14.0,"turns":10.0},{"damage":49.0,"enemies":"Slime Boss","floor":16.0,"turns":24.0},{"damage":6.0,"enemies":"Spheric Guardian","floor":18.0,"turns":12.0},{"damage":3.0,"enemies":"3 Byrds","floor":20.0,"turns":6.0},{"damage":24.0,"enemies":"Slavers","floor":25.0,"turns":13.0},{"damage":3.0,"enemies":"3 Cultists","floor":27.0,"turns":5.0},{"damage":0.0,"enemies":"Centurion and Healer","floor":28.0,"turns":9.0},{"damage":36.0,"enemies":"Champ","floor":33.0,"turns":29.0},{"damage":0.0,"enemies":"3 Shapes","floor":35.0,"turns":7.0},{"damage":1.0,"enemies":"Orb Walker","floor":37.0,"turns":3.0},{"damage":21.0,"enemies":"4 Shapes","floor":39.0,"turns":7.0},{"damage":48,"enemies":"Transient","floor":42,"turns":5},{"damage":1,"enemies":"Sphere and 2 Shapes","floor":45,"turns":6},{"damage":0,"enemies":"Jaw Worm Horde","floor":46,"turns":7},{"damage":0,"enemies":"Spire Growth","floor":48,"turns":5},{"damage":30,"enemies":"Time Eater","floor":50,"turns":14}],"seed_played":"-198691271006401073","potions_obtained":[{"floor":5.0,"key":"Dexterity Potion"},{"floor":13.0,"key":"Explosive Potion"},{"floor":16.0,"key":"AttackPotion"},{"floor":20.0,"key":"EssenceOfSteel"},{"floor":25.0,"key":"Fire Potion"},{"floor":28.0,"key":"Explosive Potion"},{"floor":35.0,"key":"Explosive Potion"},{"floor":37.0,"key":"EssenceOfSteel"},{"floor":48,"key":"EssenceOfSteel"}],"is_trial":false,"path_per_floor":["M","M","?","?","M","R","E","R","T","M","R","$","M","E","R","B",null,"M","?","M","$","?","R","$","E","T","M","M","R","$","?","R","B",null,"M","?","M","?","M","R","T","M","T","R","M","M","?","M","R","B",null],"character_chosen":"THE_SILENT","items_purchased":["Footwork","Backstab","DollysMirror","Caltrops"],"campfire_rested":4,"item_purchase_floors":[12,21,21,30],"current_hp_per_floor":[70,70,63,63,63,63,37,37,37,37,58,58,58,54,54,5,70,64,51,48,48,48,48,48,24,24,23,27,50,50,50,50,16,77,77,77,76,76,56,56,56,12,12,35,36,38,38,42,66,38],"gold":227,"neow_bonus":"THREE_ENEMY_KILL","is_prod":false,"is_daily":false,"chose_seed":false,"campfire_upgraded":4,"win_rate":0,"timestamp":1542364994,"path_taken":["M","M","?","?","?","R","E","R","T","M","R","$","M","E","R","BOSS","M","?","M","$","?","R","?","E","T","M","M","R","$","?","R","BOSS","M","?","?","?","M","R","?","M","T","R","M","M","?","M","R","BOSS"],"build_version":"2018-11-15","purchased_purges":1,"victory":true,"max_hp_per_floor":[70,70,70,70,70,70,70,70,70,70,70,70,70,70,70,70,70,70,75,75,75,75,75,75,75,75,75,77,77,77,77,77,77,77,77,77,77,77,77,77,77,79,79,79,79,79,79,81,81,81],"card_choices":[{"not_picked":["Bouncing Flask","Escape Plan"],"picked":"Dodge and Roll","floor":1.0},{"not_picked":["Tactician","Dodge and Roll"],"picked":"Dagger Spray","floor":2.0},{"not_picked":["Deadly Poison","Backflip"],"picked":"Footwork","floor":5.0},{"not_picked":["Deflect","Backflip"],"picked":"Leg Sweep","floor":7.0},{"not_picked":["Underhanded Strike","Sucker Punch"],"picked":"Quick Slash","floor":10.0},{"not_picked":["Quick Slash","Caltrops"],"picked":"Dash","floor":13.0},{"not_picked":["Accuracy","Sucker Punch","Night Terror"],"picked":"SKIP","floor":14.0},{"not_picked":["Tools of the Trade","Burst"],"picked":"Malaise","floor":16.0},{"not_picked":["Deadly Poison","Slice+1","Sucker Punch"],"picked":"SKIP","floor":18.0},{"not_picked":["Quick Slash","Riddle With Holes","Acrobatics"],"picked":"SKIP","floor":20.0},{"not_picked":["Quick Slash","Acrobatics"],"picked":"Riddle With Holes","floor":20.0},{"not_picked":["Sucker Punch","Predator"],"picked":"Backstab","floor":25.0},{"not_picked":["Acrobatics","Sucker Punch"],"picked":"Blur","floor":27.0},{"not_picked":["Prepared","Accuracy+1","Deadly Poison+1"],"picked":"Singing Bowl","floor":28.0},{"not_picked":["Malaise","Die Die Die"],"picked":"After Image","floor":33.0},{"not_picked":["Backflip+1","Bane+1"],"picked":"Backstab","floor":35.0},{"not_picked":["Riddle With Holes","Quick Slash+1"],"picked":"All Out Attack+1","floor":37.0},{"not_picked":["Quick Slash","Slice"],"picked":"Flying Knee+1","floor":39.0},{"not_picked":["Outmaneuver","Bane+1","Bouncing Flask+1"],"picked":"Singing Bowl","floor":42},{"not_picked":["Slice","Blade Dance"],"picked":"Envenom","floor":45},{"not_picked":["Poisoned Stab","Deflect"],"picked":"Footwork+1","floor":46},{"not_picked":["Riddle With Holes","Slice","Flying Knee+1"],"picked":"Singing Bowl","floor":48}],"player_experience":516620,"relics_obtained":[{"floor":7.0,"key":"Shovel"},{"floor":8.0,"key":"Kunai"},{"floor":9.0,"key":"Bottled Lightning"},{"floor":14.0,"key":"Ancient Tea Set"},{"floor":15.0,"key":"MawBank"},{"floor":25.0,"key":"Blood Vial"},{"floor":26.0,"key":"Singing Bowl"},{"floor":41,"key":"Bottled Flame"},{"floor":43,"key":"Letter Opener"}],"event_choices":[{"cards_removed":["Strike_G"],"damage_healed":0.0,"max_hp_gain":0.0,"max_hp_loss":0.0,"gold_gain":0.0,"event_name":"Golden Wing","player_choice":"Card Removal","floor":3.0,"gold_loss":0.0,"damage_taken":7.0},{"damage_healed":0.0,"max_hp_gain":0.0,"max_hp_loss":0.0,"gold_gain":0.0,"event_name":"Accursed Blacksmith","player_choice":"Forge","floor":4.0,"gold_loss":0.0,"damage_taken":0.0,"cards_upgraded":["Dagger Spray"]},{"damage_healed":0.0,"max_hp_gain":5.0,"max_hp_loss":0.0,"gold_gain":0.0,"event_name":"Forgotten Altar","player_choice":"Shed Blood","floor":19.0,"gold_loss":0.0,"damage_taken":18.0},{"damage_healed":0.0,"max_hp_gain":0.0,"max_hp_loss":0.0,"gold_gain":0.0,"event_name":"Cursed Tome","player_choice":"Ignored","floor":22.0,"gold_loss":0.0,"damage_taken":0.0},{"damage_healed":0.0,"max_hp_gain":0.0,"max_hp_loss":0.0,"gold_gain":0.0,"event_name":"Drug Dealer","player_choice":"Inject Mutagens","floor":31.0,"gold_loss":0.0,"damage_taken":0.0,"relics_obtained":["MutagenicStrength"]},{"damage_healed":0.0,"max_hp_gain":0.0,"max_hp_loss":0.0,"gold_gain":0.0,"event_name":"SecretPortal","player_choice":"Ignored","floor":36.0,"gold_loss":0.0,"damage_taken":0.0},{"damage_healed":0.0,"max_hp_gain":0.0,"max_hp_loss":0.0,"gold_gain":0.0,"event_name":"Mysterious Sphere","player_choice":"Ignored","floor":38.0,"gold_loss":0.0,"damage_taken":0.0},{"damage_healed":0,"gold_gain":0,"player_choice":"Copied","damage_taken":0,"max_hp_gain":0,"max_hp_loss":0,"event_name":"Duplicator","floor":47,"gold_loss":0,"cards_obtained":["Envenom"]}],"is_beta":false,"boss_relics":[{"not_picked":["Runic Pyramid","Calling Bell"],"picked":"Ring of the Serpent"},{"not_picked":["HoveringKite","Black Star"],"picked":"Philosopher\u0027s Stone"}],"items_purged_floors":[12],"is_endless":false,"potions_floor_spawned":[5,13,16,20,25,28,35,37,39,48],"ascension_level":0}