{"gold_per_floor":[110,76,76,88,49,49,60,60,84,94,126,44,59,59,59,155,155,168,57,57,57,74,103,103,80,80,80,111,111,43,58,58,157,157,167,167,10,20,40,40,69,0,53,63,63,63,96,113,113,113],"floor_reached":51,"playtime":1707,"items_purged":["Strike_G"],"score":983,"play_id":"ab4153da-cfd6-44b8-bc6e-c15e65d59fa3","local_time":"20190103004653","is_ascension_mode":true,"campfire_choices":[{"data":"Noxious Fumes","floor":6,"key":"SMITH"},{"floor":8,"key":"REST"},{"data":"Noxious Fumes","floor":15,"key":"SMITH"},{"data":"Footwork","floor":24,"key":"SMITH"},{"floor":27,"key":"REST"},{"data":"Dash","floor":29,"key":"SMITH"},{"data":"Noxious Fumes","floor":32,"key":"SMITH"},{"data":"Backflip","floor":40,"key":"SMITH"},{"floor":45,"key":"REST"},{"floor":49,"key":"REST"}],"neow_cost":"NONE","seed_source_timestamp":41493233640441,"circlet_count":0,"master_deck":["Defend_G","Defend_G","Defend_G","Strike_G","Strike_G","Survivor","Neutralize+1","Sucker Punch","Terror","Backstab","Noxious Fumes+1","Footwork+1","Caltrops","Poisoned Stab","Noxious Fumes+1","Deadly Poison","Malaise","Dodge and Roll+1","Dash+1","Cloak And Dagger","Backflip+1","Noxious Fumes+1","Adrenaline","Malaise+1","Adrenaline+1","Dagger Throw+1","Dramatic Entrance","Bouncing Flask+1"],"relics":["Ring of the Snake","Centennial Puzzle","Lantern","Sozu","Enchiridion","Bag of Preparation","Mercury Hourglass","Mango","Astrolabe","Bronze Scales","Regal Pillow","Red Mask","Blood Vial","PreservedInsect"],"potions_floor_usage":[16,50],"damage_taken":[{"damage":4,"enemies":"Small Slimes","floor":1,"turns":4},{"damage":0,"enemies":"Cultist","floor":4,"turns":2},{"damage":4,"enemies":"Jaw Worm","floor":7,"turns":3},{"damage":1,"enemies":"Red Slaver","floor":10,"turns":4},{"damage":22,"enemies":"3 Sentries","floor":11,"turns":7},{"damage":1,"enemies":"Blue Slaver","floor":13,"turns":4},{"damage":25,"enemies":"Hexaghost","floor":16,"turns":7},{"damage":23,"enemies":"2 Thieves","floor":18,"turns":5},{"damage":9,"enemies":"Spheric Guardian","floor":22,"turns":4},{"damage":23,"enemies":"Slavers","floor":23,"turns":6},{"damage":5,"enemies":"Gremlin Leader","floor":28,"turns":6},{"damage":8,"enemies":"Cultist and Chosen","floor":31,"turns":4},{"damage":35,"enemies":"Champ","floor":33,"turns":10},{"damage":1,"enemies":"Orb Walker","floor":35,"turns":3},{"damage":3,"enemies":"3 Darklings","floor":38,"turns":4},{"damage":6,"enemies":"Maw","floor":39,"turns":7},{"damage":9,"enemies":"Nemesis","floor":41,"turns":7},{"damage":20,"enemies":"Jaw Worm Horde","floor":44,"turns":3},{"damage":5,"enemies":"Reptomancer","floor":47,"turns":6},{"damage":6,"enemies":"Writhing Mass","floor":48,"turns":6},{"damage":47,"enemies":"Donu and Deca","floor":50,"turns":7}],"seed_played":"-6228778098433549755","potions_obtained":[{"floor":7,"key":"LiquidBronze"},{"floor":11,"key":"Poison Potion"}],"is_trial":false,"path_per_floor":["M","$","?","M","$","R","M","R","T","M","E","$","M","?","R","B",null,"M","$","?","?","M","E","R","$","T","R","E","R","$","M","R","B",null,"M","?","$","M","M","R","E","?","T","M","R","$","E","M","R","B",null],"character_chosen":"THE_SILENT","items_purchased":["Terror","Footwork","Noxious Fumes","Dash","Backflip","Noxious Fumes","Bronze Scales"],"campfire_rested":4,"item_purchase_floors":[2,5,12,19,25,30,37],"current_hp_per_floor":[59,59,59,59,59,59,55,70,70,69,47,47,46,39,39,14,56,33,33,17,70,61,38,38,38,38,59,68,68,68,60,60,25,69,68,68,68,65,59,59,50,50,50,32,72,72,69,65,84,37],"gold":113,"neow_bonus":"UPGRADE_CARD","is_prod":false,"is_daily":false,"chose_seed":false,"campfire_upgraded":6,"win_rate":0,"timestamp":1546465613,"path_taken":["M","$","?","M","$","R","M","R","T","M","E","$","?","?","R","BOSS","M","$","?","?","?","E","R","?","T","R","E","R","$","M","R","BOSS","M","?","$","M","M","R","E","?","T","M","R","$","E","?","R","BOSS"],"build_version":"2018-12-20","purchased_purges":1,"victory":true,"max_hp_per_floor":[70,70,70,70,70,70,70,70,70,70,70,70,70,70,70,70,70,70,70,70,70,70,70,70,70,70,70,84,84,84,84,84,84,84,84,84,84,84,84,84,84,84,84,84,84,84,84,84,84,84],"card_choices":[{"not_picked":["Dagger Throw","Blur"],"picked":"Sucker Punch","floor":1},{"not_picked":["Infinite Blades","Poisoned Stab"],"picked":"Noxious Fumes","floor":4},{"not_picked":["All Out Attack","Expertise"],"picked":"Caltrops","floor":7},{"not_picked":["Storm of Steel","Prepared"],"picked":"Poisoned Stab","floor":10},{"not_picked":["Slice","Choke","Underhanded Strike"],"picked":"SKIP","floor":11},{"not_picked":["Cloak And Dagger","Prepared"],"picked":"Deadly Poison","floor":13},{"not_picked":["Glass Knife","Phantasmal Killer"],"picked":"Malaise","floor":16},{"not_picked":["Crippling Poison+1","Poisoned Stab"],"picked":"Dodge and Roll+1","floor":18},{"not_picked":["Outmaneuver","Caltrops","Blade Dance"],"picked":"SKIP","floor":22},{"not_picked":["Acrobatics","Flechettes+1"],"picked":"Cloak And Dagger","floor":23},{"not_picked":["Concentrate","Quick Slash","Outmaneuver+1"],"picked":"SKIP","floor":28},{"not_picked":["Dash","Poisoned Stab","Phantasmal Killer"],"picked":"SKIP","floor":31},{"not_picked":["Doppelganger","Bullet Time"],"picked":"Adrenaline","floor":33},{"not_picked":["Quick Slash","Sucker Punch","Dagger Throw+1"],"picked":"SKIP","floor":35},{"not_picked":["Mayhem","Mind Blast"],"picked":"Dramatic Entrance","floor":36},{"not_picked":["Distraction","Cloak And Dagger+1","Setup+1"],"picked":"SKIP","floor":38},{"not_picked":["Bane+1","Prepared+1","Dagger Spray"],"picked":"SKIP","floor":39},{"not_picked":["Acrobatics+1","Escape Plan"],"picked":"Bouncing Flask+1","floor":41},{"not_picked":["Flechettes+1","Acrobatics","Flying Knee"],"picked":"SKIP","floor":44},{"not_picked":["Expertise+1","Dagger Throw","Acrobatics"],"picked":"SKIP","floor":47},{"not_picked":["Acrobatics+1","Bane+1","Backstab"],"picked":"SKIP","floor":48}],"player_experience":641652,"relics_obtained":[{"floor":9,"key":"Centennial Puzzle"},{"floor":11,"key":"Lantern"},{"floor":20,"key":"Enchiridion"},{"floor":23,"key":"Bag of Preparation"},{"floor":26,"key":"Mercury Hourglass"},{"floor":28,"key":"Mango"},{"floor":41,"key":"Regal Pillow"},{"floor":43,"key":"Blood Vial"},{"floor":47,"key":"PreservedInsect"}],"event_choices":[{"damage_healed":0,"gold_gain":0,"cards_transformed":["Defend_G"],"player_choice":"Transformed","damage_taken":0,"max_hp_gain":0,"max_hp_loss":0,"event_name":"Transmorgrifier","floor":3,"gold_loss":0,"cards_obtained":["Backstab"]},{"damage_healed":0,"gold_gain":0,"player_choice":"Damaged","damage_taken":7,"max_hp_gain":0,"max_hp_loss":0,"event_name":"Wheel of Change","floor":14,"gold_loss":0},{"damage_healed":0,"gold_gain":0,"player_choice":"Obtained Book","damage_taken":16,"max_hp_gain":0,"max_hp_loss":0,"event_name":"Cursed Tome","floor":20,"gold_loss":0},{"damage_healed":53,"gold_gain":0,"player_choice":"Full Heal","damage_taken":0,"max_hp_gain":0,"max_hp_loss":0,"event_name":"Wheel of Change","floor":21,"gold_loss":0},{"damage_healed":0,"gold_gain":0,"player_choice":"Memory 1","damage_taken":0,"max_hp_gain":0,"max_hp_loss":0,"event_name":"SensoryStone","floor":36,"gold_loss":0},{"damage_healed":0,"gold_gain":0,"player_choice":"Paid","damage_taken":0,"relics_obtained":["Red Mask"],"max_hp_gain":0,"max_hp_loss":0,"event_name":"Tomb of Lord Red Mask","floor":42,"gold_loss":69}],"is_beta":false,"boss_relics":[{"not_picked":["Fusion Hammer","Eternal Feather"],"picked":"Sozu"},{"not_picked":["Lizard Tail","WristBlade"],"picked":"Astrolabe"}],"items_purged_floors":[19],"is_endless":false,"potions_floor_spawned":[7,11,18,28,31,39,41,44,48],"ascension_level":7}