{"gold_per_floor":[118,132,132,31,45,45,79,79,79,95,128,144,144,160,160,239,239,253,267,281,281,281,281,301,301,301,301,320,320,348,360,360,360],"floor_reached":33,"playtime":1360,"items_purged":["Strike_R"],"score":466,"play_id":"b4430756-2b5f-4ec3-9146-24a3cf355a60","local_time":"20181221205756","is_ascension_mode":true,"campfire_choices":[{"data":"Armaments","floor":6.0,"key":"SMITH"},{"floor":8.0,"key":"REST"},{"floor":13.0,"key":"REST"},{"data":"Sword Boomerang","floor":15.0,"key":"SMITH"},{"data":"Corruption","floor":23.0,"key":"SMITH"},{"data":"Flame Barrier","floor":25.0,"key":"SMITH"},{"floor":27.0,"key":"REST"},{"floor":29.0,"key":"REST"},{"floor":32,"key":"REST"}],"neow_cost":"NONE","seed_source_timestamp":31208839197389,"circlet_count":0,"master_deck":["AscendersBane","Strike_R","Strike_R","Strike_R","Strike_R","Defend_R","Defend_R","Defend_R","Defend_R","Bash","Clothesline","Flame Barrier+1","Twin Strike","Armaments+1","Shockwave","Sword Boomerang+1","Corruption+1","True Grit","Flex","Offering","Iron Wave","Impervious","Immolate"],"special_seed":0,"relics":["Burning Blood","Red Skull","Question Card","The Courier","Velvet Choker","Bronze Scales","Red Mask"],"potions_floor_usage":[30,33,33],"damage_taken":[{"damage":13.0,"enemies":"Jaw Worm","floor":1.0,"turns":4.0},{"damage":0.0,"enemies":"Cultist","floor":2.0,"turns":3.0},{"damage":11.0,"enemies":"Small Slimes","floor":5.0,"turns":4.0},{"damage":36.0,"enemies":"Lagavulin","floor":7.0,"turns":7.0},{"damage":8.0,"enemies":"2 Fungi Beasts","floor":10.0,"turns":4.0},{"damage":34.0,"enemies":"3 Sentries","floor":11.0,"turns":6.0},{"damage":3.0,"enemies":"Large Slime","floor":12.0,"turns":5.0},{"damage":10.0,"enemies":"3 Louse","floor":14.0,"turns":4.0},{"damage":12.0,"enemies":"Slime Boss","floor":16.0,"turns":9.0},{"damage":24.0,"enemies":"Spheric Guardian","floor":18.0,"turns":5.0},{"damage":17.0,"enemies":"2 Thieves","floor":19.0,"turns":4.0},{"damage":0.0,"enemies":"Snake Plant","floor":20.0,"turns":2.0},{"damage":8.0,"enemies":"Centurion and Healer","floor":24.0,"turns":7.0},{"damage":23.0,"enemies":"Shelled Parasite and Fungi","floor":28.0,"turns":6.0},{"damage":30,"enemies":"Masked Bandits","floor":30,"turns":4},{"damage":8,"enemies":"Chosen and Byrds","floor":31,"turns":5},{"damage":71,"enemies":"Automaton","floor":33,"turns":8}],"seed_played":"8645903196613825225","potions_obtained":[{"floor":0.0,"key":"Dexterity Potion"},{"floor":0.0,"key":"EssenceOfSteel"},{"floor":3.0,"key":"AttackPotion"},{"floor":7.0,"key":"SkillPotion"},{"floor":16.0,"key":"FearPotion"},{"floor":30,"key":"EssenceOfSteel"}],"is_trial":false,"path_per_floor":["M","M","?","$","M","R","E","R","T","M","E","M","R","M","R","B",null,"M","M","M","?","?","R","M","R","T","R","M","R","?","M","R","B"],"character_chosen":"IRONCLAD","items_purchased":["Twin Strike"],"campfire_rested":5,"item_purchase_floors":[4],"current_hp_per_floor":[61,67,67,67,62,62,32,54,54,52,24,27,49,45,45,39,66,48,37,43,43,43,43,41,41,41,63,46,68,44,42,64,0],"gold":360,"neow_bonus":"THREE_SMALL_POTIONS","is_prod":false,"is_daily":false,"chose_seed":false,"campfire_upgraded":4,"win_rate":0,"timestamp":1545415076,"path_taken":["M","M","?","?","?","R","E","R","T","M","E","M","R","M","R","BOSS","M","M","M","?","?","R","M","R","T","R","M","R","?","M","R","BOSS"],"build_version":"2018-12-20","purchased_purges":1,"victory":false,"max_hp_per_floor":[75,75,75,75,75,75,75,75,75,75,75,75,75,75,75,75,75,75,75,75,75,75,75,75,75,75,75,75,75,75,75,75,75],"card_choices":[{"not_picked":["Iron Wave","Combust"],"picked":"Clothesline","floor":1.0},{"not_picked":["Wild Strike","Blood for Blood"],"picked":"Flame Barrier","floor":2.0},{"not_picked":["Sever Soul","Havoc"],"picked":"Armaments","floor":5.0},{"not_picked":["Carnage","Havoc"],"picked":"Shockwave","floor":7.0},{"not_picked":["Flex","Exhume","Cleave"],"picked":"Sword Boomerang","floor":10.0},{"not_picked":["Clothesline","Cleave","Sever Soul"],"picked":"Corruption","floor":11.0},{"not_picked":["Clothesline","Twin Strike","Wild Strike"],"picked":"True Grit","floor":12.0},{"not_picked":["Infernal Blade","Sword Boomerang","Clothesline"],"picked":"Flex","floor":14.0},{"not_picked":["Brutality","Impervious","Juggernaut"],"picked":"Offering","floor":16.0},{"not_picked":["Entrench","Pummel","Wild Strike","Warcry"],"picked":"SKIP","floor":18.0},{"not_picked":["Havoc","Entrench","Metallicize"],"picked":"Iron Wave","floor":19.0},{"not_picked":["Armaments","Headbutt","Havoc"],"picked":"Impervious","floor":20.0},{"not_picked":["Thunderclap","Sever Soul","Searing Blow","Wild Strike"],"picked":"SKIP","floor":24.0},{"not_picked":["Pummel","Seeing Red+1","Sword Boomerang"],"picked":"Immolate","floor":28.0},{"not_picked":["Thunderclap","Iron Wave","Headbutt","Hemokinesis+1"],"picked":"SKIP","floor":31}],"player_experience":600309,"relics_obtained":[{"floor":7.0,"key":"Red Skull"},{"floor":9.0,"key":"Question Card"},{"floor":11.0,"key":"The Courier"},{"floor":26.0,"key":"Bronze Scales"},{"floor":30,"key":"Red Mask"}],"event_choices":[{"damage_healed":0.0,"max_hp_gain":0.0,"max_hp_loss":0.0,"gold_gain":0.0,"event_name":"Lab","player_choice":"Got Potions","floor":3.0,"gold_loss":0.0,"damage_taken":0.0},{"damage_healed":0.0,"max_hp_gain":0.0,"max_hp_loss":0.0,"gold_gain":0.0,"event_name":"Vampires","player_choice":"Ignored","floor":21.0,"gold_loss":0.0,"damage_taken":0.0},{"damage_healed":0.0,"max_hp_gain":0.0,"max_hp_loss":0.0,"gold_gain":0.0,"event_name":"The Mausoleum","player_choice":"Ignored","floor":22.0,"gold_loss":0.0,"damage_taken":0.0},{"damage_healed":0,"gold_gain":0,"player_choice":"Fought Bandits","damage_taken":0,"max_hp_gain":0,"max_hp_loss":0,"event_name":"Masked Bandits","floor":30,"gold_loss":0}],"is_beta":false,"boss_relics":[{"not_picked":["Runic Pyramid","Coffee Dripper"],"picked":"Velvet Choker"}],"items_purged_floors":[4],"is_endless":false,"potions_floor_spawned":[7,10,11,16,20,28,30],"killed_by":"Automaton","ascension_level":16}