{"gold_per_floor":[214,214,231,78,78,111,136,136,163,163,163,179,222,242,242,365,365,388,313,313,332,332,332,373,373,373,392,435,108,383,402,402,525,525,540,558,252,272,272,311,346,346,425,758,758,785,785,800,800,800,800,800,46,78,78],"floor_reached":56,"playtime":1895,"items_purged":["Strike_R","Strike_R"],"score":1405,"play_id":"74fac38c-99c0-42ae-8930-e69114f711d7","local_time":"20190525215208","is_ascension_mode":true,"campfire_choices":[{"data":"Armaments","floor":8.0,"key":"SMITH"},{"floor":10.0,"key":"REST"},{"data":"Uppercut","floor":15.0,"key":"SMITH"},{"floor":23.0,"key":"RECALL"},{"floor":25.0,"key":"REST"},{"floor":32.0,"key":"REST"},{"floor":42,"key":"REST"},{"floor":45,"key":"REST"},{"floor":47,"key":"REST"},{"floor":49,"key":"REST"},{"floor":52,"key":"REST"}],"neow_cost":"NONE","seed_source_timestamp":18147364685034,"circlet_count":0,"master_deck":["Strike_R","Strike_R","Defend_R","Defend_R","Defend_R","Defend_R","Bash","Sword Boomerang","Uppercut+1","Armaments+1","Spot Weakness","Feed","Warcry+1","Shrug It Off","Spot Weakness","Heavy Blade","Feed","Burning Pact+1","Whirlwind+1","Shrug It Off+1","Offering","Offering"],"special_seed":0,"relics":["Burning Blood","Omamori","Ancient Tea Set","Orichalcum","Bottled Flame","Fusion Hammer","MutagenicStrength","Unceasing Top","Question Card","Regal Pillow","ClockworkSouvenir","Busted Crown","Bronze Scales","WingedGreaves","Red Skull","Self Forming Clay","Ginger","Chemical X","Bag of Marbles","Pantograph"],"potions_floor_usage":[53,55,55],"damage_taken":[{"damage":3.0,"enemies":"Small Slimes","floor":1.0,"turns":3.0},{"damage":4.0,"enemies":"2 Louse","floor":3.0,"turns":3.0},{"damage":49.0,"enemies":"Lagavulin","floor":6.0,"turns":7.0},{"damage":0.0,"enemies":"Cultist","floor":7.0,"turns":3.0},{"damage":5.0,"enemies":"Exordium Wildlife","floor":12.0,"turns":4.0},{"damage":16.0,"enemies":"Gremlin Nob","floor":13.0,"turns":4.0},{"damage":10.0,"enemies":"Exordium Thugs","floor":14.0,"turns":4.0},{"damage":28.0,"enemies":"The Guardian","floor":16.0,"turns":7.0},{"damage":2.0,"enemies":"Shell Parasite","floor":18.0,"turns":5.0},{"damage":12.0,"enemies":"3 Byrds","floor":21.0,"turns":5.0},{"damage":29.0,"enemies":"Gremlin Leader","floor":24.0,"turns":6.0},{"damage":16.0,"enemies":"Snake Plant","floor":27.0,"turns":5.0},{"damage":38.0,"enemies":"Book of Stabbing","floor":28.0,"turns":7.0},{"damage":1.0,"enemies":"Centurion and Healer","floor":31.0,"turns":4.0},{"damage":68.0,"enemies":"Champ","floor":33.0,"turns":9.0},{"damage":2.0,"enemies":"3 Shapes","floor":35.0,"turns":5.0},{"damage":12.0,"enemies":"3 Darklings","floor":36.0,"turns":6.0},{"damage":23.0,"enemies":"Jaw Worm Horde","floor":38.0,"turns":3.0},{"damage":50.0,"enemies":"Nemesis","floor":40.0,"turns":9.0},{"damage":24,"enemies":"Reptomancer","floor":41,"turns":5},{"damage":54,"enemies":"Nemesis","floor":46,"turns":5},{"damage":12,"enemies":"Sphere and 2 Shapes","floor":48,"turns":2},{"damage":64,"enemies":"Time Eater","floor":50,"turns":9},{"damage":6,"enemies":"Shield and Spear","floor":54,"turns":2},{"damage":136,"enemies":"The Heart","floor":55,"turns":8}],"seed_played":"-2630749905691540320","potions_obtained":[{"floor":3.0,"key":"AttackPotion"},{"floor":6.0,"key":"FairyPotion"},{"floor":11.0,"key":"Dexterity Potion"},{"floor":11.0,"key":"Fruit Juice"},{"floor":14.0,"key":"Fruit Juice"},{"floor":24.0,"key":"Dexterity Potion"}],"is_trial":false,"path_per_floor":["M","$","M","$","?","E","M","R","T","R","?","M","E","M","R","B",null,"M","?","?","M","?","R","E","R","T","M","E","$","?","M","R","B",null,"M","M","$","M","?","E","E","R","T","?","R","E","R","M","R","B",null,"R","$","E","B",null],"character_chosen":"IRONCLAD","items_purchased":["Omamori","Heavy Blade","ClockworkSouvenir","Bronze Scales","SteroidPotion","Ginger","Chemical X","Bag of Marbles","Fruit Juice"],"campfire_rested":8,"item_purchase_floors":[4,29,29,37,37,53,53,53,53],"current_hp_per_floor":[80,80,80,80,60,17,23,23,23,47,47,48,38,39,39,17,85,88,88,88,86,86,86,68,97,97,91,59,59,59,68,105,43,105,111,108,108,94,94,50,32,82,82,82,117,73,121,122,128,74,132,132,137,141,11],"gold":78,"neow_bonus":"HUNDRED_GOLD","is_prod":false,"is_daily":false,"chose_seed":false,"campfire_upgraded":2,"win_rate":0,"timestamp":1558810328,"path_taken":["M","$","M","$","?","E","M","R","T","R","?","M","E","M","R","BOSS","M","?","?","?","?","R","E","R","T","M","E","$","?","M","R","BOSS","M","M","?","M","?","E","E","R","T","?","R","E","R","?","R","BOSS","R","$","E","BOSS"],"build_version":"2019-01-23","purchased_purges":2,"victory":true,"max_hp_per_floor":[80,80,80,80,80,80,80,80,80,80,80,80,80,85,85,85,85,88,88,88,92,92,92,97,97,97,101,101,101,101,105,105,105,105,111,114,114,117,117,117,117,117,117,117,117,121,121,128,128,132,132,132,137,141,141],"card_choices":[{"not_picked":["Iron Wave","Warcry"],"picked":"Sword Boomerang","floor":1.0},{"not_picked":["Warcry","Sword Boomerang","Heavy Blade"],"picked":"SKIP","floor":3.0},{"not_picked":["True Grit","Heavy Blade"],"picked":"Uppercut","floor":6.0},{"not_picked":["Sword Boomerang","Headbutt"],"picked":"Armaments","floor":7.0},{"not_picked":["Thunderclap","Searing Blow","Second Wind"],"picked":"SKIP","floor":12.0},{"not_picked":["Twin Strike","Anger"],"picked":"Spot Weakness","floor":13.0},{"not_picked":["Havoc","Barricade","Perfected Strike"],"picked":"SKIP","floor":14.0},{"not_picked":["Fiend Fire","Dark Embrace"],"picked":"Feed","floor":16.0},{"not_picked":["Cleave+1","Perfected Strike"],"picked":"Warcry+1","floor":18.0},{"not_picked":["Armaments+1","Clash"],"picked":"Shrug It Off","floor":21.0},{"not_picked":["Brutality","Flex","Wild Strike"],"picked":"SKIP","floor":24.0},{"not_picked":["Power Through+1","Sword Boomerang+1","Searing Blow","Seeing Red"],"picked":"SKIP","floor":27.0},{"not_picked":["Juggernaut","Dropkick","Uppercut"],"picked":"Spot Weakness","floor":28.0},{"not_picked":["Clash","Armaments","Thunderclap","Dropkick"],"picked":"SKIP","floor":31.0},{"not_picked":["Bludgeon","Impervious","Barricade"],"picked":"Feed","floor":33.0},{"not_picked":["Clash+1"],"picked":"Burning Pact+1","floor":35.0},{"not_picked":["Whirlwind+1","Havoc"],"picked":"SKIP","floor":36.0},{"not_picked":["Havoc"],"picked":"Whirlwind+1","floor":36.0},{"not_picked":["True Grit+1"],"picked":"Shrug It Off+1","floor":38.0},{"not_picked":["Armaments+1","Sword Boomerang"],"picked":"SKIP","floor":40.0},{"not_picked":["Berserk"],"picked":"Offering","floor":41},{"not_picked":["Headbutt"],"picked":"Offering","floor":46},{"not_picked":["Wild Strike+1","Cleave"],"picked":"SKIP","floor":48},{"not_picked":["Twin Strike+1","Second Wind+1"],"picked":"SKIP","floor":54}],"player_experience":921775,"relics_obtained":[{"floor":6.0,"key":"Ancient Tea Set"},{"floor":9.0,"key":"Orichalcum"},{"floor":13.0,"key":"Bottled Flame"},{"floor":24.0,"key":"Unceasing Top"},{"floor":26.0,"key":"Question Card"},{"floor":28.0,"key":"Regal Pillow"},{"floor":40.0,"key":"WingedGreaves"},{"floor":41,"key":"Red Skull"},{"floor":46,"key":"Self Forming Clay"},{"floor":54,"key":"Pantograph"}],"event_choices":[{"damage_healed":0.0,"max_hp_gain":0.0,"max_hp_loss":0.0,"gold_gain":0.0,"event_name":"Golden Idol","player_choice":"Take Damage","floor":5.0,"gold_loss":0.0,"damage_taken":20.0,"relics_obtained":["Golden Idol"]},{"damage_healed":0.0,"max_hp_gain":0.0,"max_hp_loss":0.0,"gold_gain":0.0,"event_name":"Lab","player_choice":"Got Potions","floor":11.0,"gold_loss":0.0,"damage_taken":0.0},{"cards_removed":["Strike_R"],"damage_healed":0.0,"max_hp_gain":0.0,"max_hp_loss":0.0,"gold_gain":0.0,"event_name":"Beggar","player_choice":"Gave Gold","floor":19.0,"gold_loss":75.0,"damage_taken":0.0},{"damage_healed":0.0,"max_hp_gain":0.0,"max_hp_loss":0.0,"gold_gain":0.0,"event_name":"The Woman in Blue","player_choice":"Bought 0 Potions","floor":20.0,"gold_loss":0.0,"damage_taken":0.0},{"damage_healed":0.0,"max_hp_gain":0.0,"max_hp_loss":0.0,"gold_gain":0.0,"event_name":"Drug Dealer","player_choice":"Inject Mutagens","floor":22.0,"gold_loss":0.0,"damage_taken":0.0,"relics_obtained":["MutagenicStrength"]},{"damage_healed":0.0,"max_hp_gain":0.0,"max_hp_loss":0.0,"gold_gain":275.0,"event_name":"Golden Shrine","player_choice":"Desecrate","floor":30.0,"gold_loss":0.0,"damage_taken":0.0,"cards_obtained":["Regret"]},{"damage_healed":0.0,"max_hp_gain":0.0,"max_hp_loss":0.0,"gold_gain":0.0,"event_name":"Tomb of Lord Red Mask","player_choice":"Ignored","floor":39.0,"gold_loss":0.0,"damage_taken":0.0},{"damage_healed":0,"gold_gain":333,"player_choice":"Gave Idol","damage_taken":0,"max_hp_gain":0,"max_hp_loss":0,"event_name":"The Moai Head","floor":44,"relics_lost":["Golden Idol"],"gold_loss":0}],"is_beta":false,"boss_relics":[{"not_picked":["Runic Dome","Astrolabe"],"picked":"Fusion Hammer"},{"not_picked":["White Beast Statue","Orrery"],"picked":"Busted Crown"}],"items_purged_floors":[29,37],"is_endless":false,"potions_floor_spawned":[3,6,12,14,24,31,36,41],"ascension_level":1}