{"gold_per_floor":[113,127,127,202,202,202,222,222,222,222,237,270,270,284,284,358,358,369,369,382,297,311,311,311,342,642,642,642],"floor_reached":28,"playtime":661,"items_purged":[],"score":448,"play_id":"299920a3-3d37-487e-8565-f1eb0ee683d8","local_time":"20181011165523","is_ascension_mode":true,"campfire_choices":[{"data":"Bash","floor":6,"key":"SMITH"},{"data":"Twin Strike","floor":8,"key":"SMITH"},{"floor":10,"key":"REST"},{"data":"Demon Form","floor":13,"key":"SMITH"},{"floor":15,"key":"REST"},{"floor":23,"key":"REST"},{"floor":27,"key":"REST"}],"neow_cost":"","seed_source_timestamp":7559678598376,"circlet_count":0,"master_deck":["Strike_R","Strike_R","Strike_R","Strike_R","Strike_R","Defend_R","Defend_R","Defend_R","Defend_R","Bash+1","AscendersBane","Body Slam+1","Twin Strike+1","Demon Form+1","Impervious","True Grit+1","Body Slam+1","Shrug It Off+1"],"relics":["Burning Blood","Bottled Lightning","Red Skull","Lizard Tail","Blood Vial","Singing Bowl","Old Coin"],"potions_floor_usage":[18,20,28],"damage_taken":[{"damage":14,"enemies":"Jaw Worm","floor":1,"turns":4},{"damage":6,"enemies":"Cultist","floor":2,"turns":3},{"damage":7,"enemies":"Small Slimes","floor":7,"turns":3},{"damage":8,"enemies":"Blue Slaver","floor":11,"turns":2},{"damage":34,"enemies":"Gremlin Nob","floor":12,"turns":4},{"damage":21,"enemies":"Exordium Wildlife","floor":14,"turns":3},{"damage":2,"enemies":"Slime Boss","floor":16,"turns":7},{"damage":58,"enemies":"3 Byrds","floor":18,"turns":8},{"damage":18,"enemies":"2 Thieves","floor":20,"turns":3},{"damage":13,"enemies":"Centurion and Healer","floor":22,"turns":7},{"damage":61,"enemies":"Gremlin Leader","floor":25,"turns":6},{"damage":38,"enemies":"Snecko","floor":28,"turns":5}],"seed_played":"-3866547433272311996","potions_obtained":[{"floor":1,"key":"Explosive Potion"},{"floor":2,"key":"Block Potion"},{"floor":22,"key":"PowerPotion"}],"is_trial":false,"path_per_floor":["M","M","?","?","?","R","M","R","T","R","M","E","R","M","R","B",null,"M","?","M","?","M","R","?","E","T","R"],"character_chosen":"IRONCLAD","items_purchased":[],"campfire_rested":4,"item_purchase_floors":[],"current_hp_per_floor":[60,60,60,49,49,49,48,48,48,70,68,40,40,25,47,51,69,17,17,43,43,38,60,60,9,9,32,0],"gold":642,"neow_bonus":"","is_prod":false,"is_daily":false,"chose_seed":false,"campfire_upgraded":3,"win_rate":0,"timestamp":1539266123,"path_taken":["M","M","?","?","?","R","M","R","T","R","?","E","R","M","R","BOSS","M","?","M","?","M","R","?","E","T","R","M"],"build_version":"2018-10-04v2","purchased_purges":0,"victory":false,"max_hp_per_floor":[75,75,75,75,75,75,75,75,75,75,75,75,75,75,75,75,75,75,75,75,75,75,75,75,77,77,77,77],"card_choices":[{"not_picked":["Searing Blow","Pommel Strike"],"picked":"Body Slam","floor":1},{"not_picked":["Iron Wave","Armaments"],"picked":"Twin Strike","floor":2},{"not_picked":["Reckless Charge","Warcry","Iron Wave"],"picked":"SKIP","floor":7},{"not_picked":["Clash","Warcry","Disarm"],"picked":"SKIP","floor":11},{"not_picked":["Perfected Strike","Warcry"],"picked":"Demon Form","floor":12},{"not_picked":["Sentinel","Perfected Strike","Entrench"],"picked":"SKIP","floor":14},{"not_picked":["Berserk","Dark Embrace"],"picked":"Impervious","floor":16},{"not_picked":["Spot Weakness","Armaments"],"picked":"True Grit+1","floor":18},{"not_picked":["Clash+1","Rampage","Headbutt"],"picked":"SKIP","floor":20},{"not_picked":["Warcry","Iron Wave"],"picked":"Shrug It Off+1","floor":22},{"not_picked":["Clash","Cleave","Corruption"],"picked":"Singing Bowl","floor":25}],"player_experience":480862,"relics_obtained":[{"floor":9,"key":"Bottled Lightning"},{"floor":12,"key":"Red Skull"},{"floor":25,"key":"Singing Bowl"},{"floor":26,"key":"Old Coin"}],"event_choices":[{"event_name":"Upgrade Shrine","player_choice":"Upgraded","floor":3,"damage_taken":0},{"event_name":"World of Goop","player_choice":"Gather Gold","floor":4,"damage_taken":0},{"event_name":"Liars Game","player_choice":"disagreed","floor":5,"damage_taken":0},{"event_name":"Duplicator","player_choice":"One dupe","floor":19,"damage_taken":0},{"event_name":"Addict","player_choice":"Obtained Relic","floor":21,"damage_taken":0},{"event_name":"The Mausoleum","player_choice":"No","floor":24,"damage_taken":0}],"is_beta":false,"boss_relics":[{"not_picked":["Runic Cube","Mark of Pain"],"picked":"Lizard Tail"}],"items_purged_floors":[],"is_endless":false,"potions_floor_spawned":[1,2,12,22],"killed_by":"Snecko","ascension_level":18}