{"gold_per_floor":[118,41,58,58,58,58,76,91,91,91,111,111,123,123,123,200,200,213,111,111,111,126,126,126,142,142,142,168,180,180,180],"floor_reached":31,"playtime":912,"items_purged":["Strike_B"],"score":429,"play_id":"c3640726-a24c-4b02-a875-b561a229eda4","local_time":"20180916134558","is_ascension_mode":true,"campfire_choices":[{"data":"Zap","floor":6.0,"key":"SMITH"},{"data":"Capacitor","floor":10.0,"key":"SMITH"},{"data":"Streamline","floor":12.0,"key":"SMITH"},{"data":"Loop","floor":15.0,"key":"SMITH"},{"floor":23.0,"key":"REST"},{"data":"Defragment","floor":27.0,"key":"SMITH"},{"floor":30,"key":"REST"}],"neow_cost":"NONE","seed_source_timestamp":3802086708131,"circlet_count":0,"master_deck":["Strike_B+1","Strike_B+1","Strike_B+1","Defend_B+1","Defend_B+1","Defend_B+1","Defend_B+1","Zap+1","Dualcast","AscendersBane","Self Repair","Coolheaded","Capacitor+1","Streamline+1","Echo Form","Loop+1","Buffer","Barrage","Loop","Defragment+1"],"special_seed":0,"relics":["Velvet Choker","Pocketwatch","Bottled Tornado","Cursed Key","Shuriken"],"potions_floor_usage":[],"damage_taken":[{"damage":3.0,"enemies":"Jaw Worm","floor":1.0,"turns":5.0},{"damage":0.0,"enemies":"Cultist","floor":3.0,"turns":4.0},{"damage":5.0,"enemies":"Small Slimes","floor":7.0,"turns":4.0},{"damage":1.0,"enemies":"Looter","floor":8.0,"turns":3.0},{"damage":10.0,"enemies":"Exordium Wildlife","floor":11.0,"turns":3.0},{"damage":5.0,"enemies":"2 Fungi Beasts","floor":13.0,"turns":4.0},{"damage":46.0,"enemies":"Slime Boss","floor":16.0,"turns":13.0},{"damage":28.0,"enemies":"2 Thieves","floor":18.0,"turns":4.0},{"damage":12.0,"enemies":"Colosseum Slavers","floor":21.0,"turns":6.0},{"damage":0.0,"enemies":"Chosen","floor":22.0,"turns":4.0},{"damage":16.0,"enemies":"Centurion and Healer","floor":25.0,"turns":7.0},{"damage":50.0,"enemies":"Slavers","floor":28.0,"turns":7.0},{"damage":20,"enemies":"Cultist and Chosen","floor":29,"turns":6},{"damage":37,"enemies":"Chosen and Byrds","floor":31,"turns":4}],"seed_played":"-6334528444122810128","potions_obtained":[{"floor":7.0,"key":"SpeedPotion"},{"floor":16.0,"key":"AttackPotion"}],"is_trial":false,"path_per_floor":["M","$","M","?","?","R","M","M","T","R","M","R","M","?","R","B",null,"M","$","?","?","M","R","?","M","T","R","E","M","R"],"character_chosen":"DEFECT","items_purchased":["Coolheaded","Leap","Barrage"],"campfire_rested":2,"item_purchase_floors":[2,2,19],"current_hp_per_floor":[61,61,68,68,68,68,70,69,69,69,66,66,71,71,71,32,61,40,40,40,42,42,63,63,61,61,61,25,12,33,0],"gold":180,"neow_bonus":"BOSS_RELIC","is_prod":false,"is_daily":false,"chose_seed":false,"campfire_upgraded":5,"win_rate":0,"timestamp":1537094758,"path_taken":["M","$","M","?","?","R","M","M","T","R","M","R","M","?","R","BOSS","M","$","?","?","M","R","?","M","T","R","E","M","R","M"],"build_version":"2018-09-06","purchased_purges":1,"victory":false,"max_hp_per_floor":[71,71,71,71,71,71,71,71,71,71,71,71,71,71,71,71,71,71,71,71,71,71,71,71,71,71,71,71,71,71,71],"card_choices":[{"not_picked":["Steam","Lockon"],"picked":"Self Repair","floor":1.0},{"not_picked":["Leap","Recycle"],"picked":"Capacitor","floor":3.0},{"not_picked":["Go for the Eyes","Skim"],"picked":"Streamline","floor":7.0},{"not_picked":["Glacier","Conserve Battery"],"picked":"Echo Form","floor":8.0},{"not_picked":["Darkness","Steam","Chaos"],"picked":"SKIP","floor":11.0},{"not_picked":["Turbo","Leap"],"picked":"Loop","floor":13.0},{"not_picked":["Reboot","Seek"],"picked":"Buffer","floor":16.0},{"not_picked":["Beam Cell","Steam","Coolheaded"],"picked":"SKIP","floor":18.0},{"not_picked":["Reinforced Body","Ball Lightning+1"],"picked":"Loop","floor":22.0},{"not_picked":["Steam","Coolheaded","Go for the Eyes+1"],"picked":"SKIP","floor":25.0},{"not_picked":["Blizzard","Streamline","Consume"],"picked":"SKIP","floor":28.0},{"not_picked":["Chill+1","Reprogram","Leap"],"picked":"SKIP","floor":29}],"player_experience":471315,"relics_obtained":[{"floor":9.0,"key":"Bottled Tornado"},{"floor":28.0,"key":"Shuriken"}],"event_choices":[{"event_name":"WeMeetAgain","player_choice":"Card","floor":4.0,"damage_taken":0.0},{"event_name":"Golden Wing","player_choice":"Ignored","floor":5.0,"damage_taken":0.0},{"event_name":"Liars Game","player_choice":"disagreed","floor":14.0,"damage_taken":0.0},{"event_name":"Back to Basics","player_choice":"Simplicity","floor":20.0,"damage_taken":0.0},{"event_name":"Colosseum","player_choice":"Fight","floor":21.0,"damage_taken":0.0},{"event_name":"Colosseum","player_choice":"Fled From Nobs","floor":21.0,"damage_taken":0.0},{"event_name":"The Library","player_choice":"Read","floor":24.0,"damage_taken":0.0}],"is_beta":false,"boss_relics":[{"not_picked":["Coffee Dripper","Eternal Feather"],"picked":"Cursed Key"}],"items_purged_floors":[19],"is_endless":false,"potions_floor_spawned":[7,16,18,25],"killed_by":"Chosen and Byrds","ascension_level":15}