{"gold_per_floor":[111,138,152,38,38,69,69,89,89,39,68,68,94,109,109,207,207,217,231,52,52,52,78,92,117,129,169,181,219,331,360,372,479,491,516,542,607,619,100,100,125,145,145,177,193,222,222,241,241,241,241,241,5,39,39],"floor_reached":56,"playtime":2516,"items_purged":["Strike_G","Strike_G"],"score":1615,"play_id":"78be779b-4df5-47dd-86a5-adfaf740958c","local_time":"20190727143245","is_ascension_mode":true,"campfire_choices":[{"data":"Crippling Poison","floor":7.0,"key":"SMITH"},{"data":"Bouncing Flask","floor":15.0,"key":"SMITH"},{"data":"Footwork","floor":28.0,"key":"SMITH"},{"data":"Noxious Fumes","floor":32.0,"key":"SMITH"},{"floor":40.0,"key":"RECALL"},{"data":"Well Laid Plans","floor":49,"key":"SMITH"},{"data":"After Image","floor":52,"key":"SMITH"}],"neow_cost":"NONE","seed_source_timestamp":5810034759729,"circlet_count":0,"master_deck":["Strike_G","Strike_G","Defend_G","Defend_G","Defend_G","Defend_G","Defend_G","Survivor","Neutralize","Well Laid Plans+1","Crippling Poison+1","Blur","Terror","Cloak And Dagger","Poisoned Stab","Bouncing Flask+1","Malaise","PiercingWail","Footwork+1","After Image+1","Noxious Fumes+1","Corpse Explosion+1","Dash+1","Crippling Poison+1","PiercingWail+1","Night Terror+1","Apotheosis+1","Catalyst+1","Sadistic Nature","Footwork"],"special_seed":0,"relics":["Ring of the Snake","NeowsBlessing","Anchor","Ninja Scroll","Snake Skull","Sundial","Happy Flower","Dodecahedron","Velvet Choker","Blue Candle","MawBank","Bag of Preparation","Art of War","Blood Vial","Nunchaku","Toxic Egg 2","Orrery","FossilizedHelix","TwistedFunnel","Bronze Scales","Gremlin Horn","Omamori","Smiling Mask","ClockworkSouvenir","Boot"],"potions_floor_usage":[55,55,55],"damage_taken":[{"damage":0.0,"enemies":"Cultist","floor":1.0,"turns":1.0},{"damage":0.0,"enemies":"2 Louse","floor":3.0,"turns":1.0},{"damage":0.0,"enemies":"Lagavulin","floor":6.0,"turns":1.0},{"damage":0.0,"enemies":"Small Slimes","floor":8.0,"turns":2.0},{"damage":14.0,"enemies":"Gremlin Nob","floor":11.0,"turns":5.0},{"damage":16.0,"enemies":"Lagavulin","floor":13.0,"turns":5.0},{"damage":0.0,"enemies":"3 Louse","floor":14.0,"turns":3.0},{"damage":8.0,"enemies":"The Guardian","floor":16.0,"turns":7.0},{"damage":0.0,"enemies":"Chosen","floor":18.0,"turns":3.0},{"damage":0.0,"enemies":"Shell Parasite","floor":19.0,"turns":3.0},{"damage":0.0,"enemies":"Slavers","floor":23.0,"turns":7.0},{"damage":0.0,"enemies":"Snake Plant","floor":24.0,"turns":4.0},{"damage":3.0,"enemies":"Gremlin Leader","floor":25.0,"turns":6.0},{"damage":10.0,"enemies":"Book of Stabbing","floor":27.0,"turns":7.0},{"damage":2.0,"enemies":"Slavers","floor":29.0,"turns":6.0},{"damage":2.0,"enemies":"Colosseum Slavers","floor":30.0,"turns":4.0},{"damage":2.0,"enemies":"Colosseum Nobs","floor":30.0,"turns":5.0},{"damage":6.0,"enemies":"Snecko","floor":31.0,"turns":5.0},{"damage":0.0,"enemies":"Champ","floor":33.0,"turns":11.0},{"damage":0.0,"enemies":"3 Darklings","floor":35.0,"turns":5.0},{"damage":0.0,"enemies":"3 Shapes","floor":36.0,"turns":3.0},{"damage":14.0,"enemies":"2 Orb Walkers","floor":37.0,"turns":3.0},{"damage":4.0,"enemies":"Reptomancer","floor":41.0,"turns":6.0},{"damage":0.0,"enemies":"Sphere and 2 Shapes","floor":42.0,"turns":4.0},{"damage":8.0,"enemies":"Nemesis","floor":44.0,"turns":7.0},{"damage":0.0,"enemies":"Writhing Mass","floor":45.0,"turns":4.0},{"damage":0.0,"enemies":"Reptomancer","floor":46.0,"turns":5.0},{"damage":0,"enemies":"Transient","floor":48,"turns":5},{"damage":20,"enemies":"Time Eater","floor":50,"turns":6},{"damage":0,"enemies":"Shield and Spear","floor":54,"turns":4},{"damage":13,"enemies":"The Heart","floor":55,"turns":10}],"seed_played":"7571350413713025536","potions_obtained":[{"floor":1.0,"key":"Block Potion"},{"floor":3.0,"key":"SkillPotion"},{"floor":13.0,"key":"Strength Potion"},{"floor":19.0,"key":"Block Potion"},{"floor":27.0,"key":"GamblersBrew"},{"floor":30.0,"key":"Fire Potion"},{"floor":33.0,"key":"Block Potion"},{"floor":37.0,"key":"GhostInAJar"},{"floor":41.0,"key":"Regen Potion"},{"floor":48,"key":"Weak Potion"},{"floor":54,"key":"Dexterity Potion"}],"is_trial":false,"path_per_floor":["M","T","M","$","?","E","R","M","T","?","E","?","E","M","R","B",null,"M","M","$","?","$","E","M","E","T","E","R","E","?","M","R","B",null,"M","M","?","?","$","R","E","M","T","E","M","E","?","M","R","B",null,"R","$","E","B",null],"character_chosen":"THE_SILENT","items_purchased":["Blur","Footwork","Apotheosis+1","TwistedFunnel","Bronze Scales","ClockworkSouvenir","Footwork"],"campfire_rested":0,"item_purchase_floors":[4,20,39,39,39,53,53],"current_hp_per_floor":[70,70,70,70,75,75,75,75,75,75,61,61,45,45,45,37,75,75,75,75,75,75,75,75,72,72,62,62,60,60,56,56,58,75,75,75,61,61,61,61,59,61,61,55,57,59,59,61,61,43,75,75,75,75,75],"gold":39,"neow_bonus":"THREE_ENEMY_KILL","is_prod":false,"is_daily":false,"chose_seed":false,"campfire_upgraded":6,"win_rate":0,"timestamp":1564227165,"path_taken":["M","?","M","$","?","E","R","M","T","?","E","?","E","M","R","BOSS","M","M","$","?","$","E","M","E","T","E","R","E","?","M","R","BOSS","M","M","?","?","$","R","E","M","T","E","M","E","?","M","R","BOSS","R","$","E","BOSS"],"build_version":"2019-07-17","purchased_purges":2,"victory":true,"max_hp_per_floor":[70,70,70,70,75,75,75,75,75,75,75,75,75,75,75,75,75,75,75,75,75,75,75,75,75,75,75,75,75,75,75,75,75,75,75,75,75,75,75,75,75,75,75,75,75,75,75,75,75,75,75,75,75,75,75],"card_choices":[{"not_picked":["Reflex","PiercingWail"],"picked":"Well Laid Plans","floor":1.0},{"not_picked":["Cloak And Dagger","Deflect"],"picked":"Crippling Poison","floor":3.0},{"not_picked":["Underhanded Strike","Deflect"],"picked":"Terror","floor":6.0},{"not_picked":["Blade Dance","Deflect"],"picked":"Cloak And Dagger","floor":8.0},{"not_picked":["Blade Dance","Flying Knee"],"picked":"Poisoned Stab","floor":11.0},{"not_picked":["Flying Knee","Phantasmal Killer"],"picked":"Bouncing Flask","floor":13.0},{"not_picked":["Riddle With Holes","Terror","Expertise"],"picked":"SKIP","floor":14.0},{"not_picked":["Die Die Die","Venomology"],"picked":"Malaise","floor":16.0},{"not_picked":["Prepared","Calculated Gamble"],"picked":"PiercingWail","floor":18.0},{"not_picked":["PiercingWail","Dagger Throw","Prepared"],"picked":"SKIP","floor":19.0},{"not_picked":["Blur","Outmaneuver+1","Poisoned Stab"],"picked":"SKIP","floor":23.0},{"not_picked":["Well Laid Plans","Bullet Time","Blade Dance"],"picked":"SKIP","floor":24.0},{"not_picked":["Dagger Throw","Choke","Deflect"],"picked":"SKIP","floor":25.0},{"not_picked":["Concentrate+1","Poisoned Stab"],"picked":"After Image","floor":27.0},{"not_picked":["Choke","Cloak And Dagger","Masterful Stab"],"picked":"SKIP","floor":29.0},{"not_picked":["Slice","Endless Agony+1"],"picked":"Noxious Fumes","floor":31.0},{"not_picked":["Venomology+1","Bullet Time+1"],"picked":"Corpse Explosion+1","floor":33.0},{"not_picked":["PiercingWail+1","Dagger Throw+1"],"picked":"Dash+1","floor":34.0},{"not_picked":["Blur+1","Blade Dance+1"],"picked":"Crippling Poison+1","floor":34.0},{"not_picked":["Sucker Punch+1","Cloak And Dagger+1"],"picked":"PiercingWail+1","floor":34.0},{"not_picked":["Night Terror+1","Tactician+1","Dash+1"],"picked":"SKIP","floor":35.0},{"not_picked":["Tactician+1","Dash+1"],"picked":"Night Terror+1","floor":35.0},{"not_picked":["Cloak And Dagger+1","Flying Knee","Bane"],"picked":"SKIP","floor":36.0},{"not_picked":["Dagger Spray","Skewer","Riddle With Holes"],"picked":"SKIP","floor":41.0},{"not_picked":["Flying Knee","Poisoned Stab+1","Dodge and Roll+1"],"picked":"SKIP","floor":42.0},{"not_picked":["Unload","Caltrops"],"picked":"Catalyst+1","floor":44.0},{"not_picked":["Flying Knee+1","Dagger Spray","Acrobatics+1"],"picked":"SKIP","floor":45.0},{"not_picked":["Acrobatics+1","Distraction+1","Quick Slash"],"picked":"SKIP","floor":46.0},{"not_picked":["Good Instincts+1","Mayhem"],"picked":"Sadistic Nature","floor":47},{"not_picked":["Flying Knee+1","Backflip+1","Riddle With Holes"],"picked":"SKIP","floor":48},{"not_picked":["Cloak And Dagger+1","Backflip+1","Deadly Poison+1"],"picked":"SKIP","floor":54}],"player_experience":1102487,"relics_obtained":[{"floor":2.0,"key":"Anchor"},{"floor":6.0,"key":"Ninja Scroll"},{"floor":9.0,"key":"Snake Skull"},{"floor":11.0,"key":"Sundial"},{"floor":13.0,"key":"Dodecahedron"},{"floor":23.0,"key":"Blue Candle"},{"floor":25.0,"key":"MawBank"},{"floor":26.0,"key":"Bag of Preparation"},{"floor":27.0,"key":"Art of War"},{"floor":29.0,"key":"Blood Vial"},{"floor":30.0,"key":"Nunchaku"},{"floor":30.0,"key":"Toxic Egg 2"},{"floor":37.0,"key":"FossilizedHelix"},{"floor":41.0,"key":"Gremlin Horn"},{"floor":44.0,"key":"Omamori"},{"floor":46.0,"key":"Smiling Mask"},{"floor":54,"key":"Boot"}],"event_choices":[{"damage_healed":0.0,"max_hp_gain":5.0,"max_hp_loss":0.0,"gold_gain":0.0,"event_name":"Big Fish","player_choice":"Donut","floor":5.0,"gold_loss":0.0,"damage_taken":0.0},{"cards_removed":["Strike_G"],"damage_healed":0.0,"max_hp_gain":0.0,"max_hp_loss":0.0,"gold_gain":0.0,"event_name":"The Cleric","player_choice":"Card Removal","floor":10.0,"gold_loss":50.0,"damage_taken":0.0},{"damage_healed":0.0,"max_hp_gain":0.0,"max_hp_loss":0.0,"gold_gain":0.0,"event_name":"WeMeetAgain","player_choice":"Gave Potion","floor":12.0,"gold_loss":0.0,"damage_taken":0.0,"relics_obtained":["Happy Flower"]},{"damage_healed":0.0,"max_hp_gain":0.0,"max_hp_loss":0.0,"gold_gain":0.0,"event_name":"Vampires","player_choice":"Ignored","floor":21.0,"gold_loss":0.0,"damage_taken":0.0},{"damage_healed":0.0,"max_hp_gain":0.0,"max_hp_loss":0.0,"gold_gain":0.0,"event_name":"Colosseum","player_choice":"Fight","floor":30.0,"gold_loss":0.0,"damage_taken":0.0},{"damage_healed":0.0,"max_hp_gain":0.0,"max_hp_loss":0.0,"gold_gain":0.0,"event_name":"Colosseum","player_choice":"Fought Nobs","floor":30.0,"gold_loss":0.0,"damage_taken":0.0},{"damage_healed":0.0,"max_hp_gain":0.0,"max_hp_loss":0.0,"gold_gain":0.0,"event_name":"Mysterious Sphere","player_choice":"Fight","floor":37.0,"gold_loss":0.0,"damage_taken":0.0},{"damage_healed":0.0,"max_hp_gain":0.0,"max_hp_loss":0.0,"gold_gain":0.0,"event_name":"Tomb of Lord Red Mask","player_choice":"Ignored","floor":38.0,"gold_loss":0.0,"damage_taken":0.0},{"damage_healed":0,"gold_gain":0,"player_choice":"Memory 1","damage_taken":0,"max_hp_gain":0,"max_hp_loss":0,"event_name":"SensoryStone","floor":47,"gold_loss":0}],"is_beta":false,"boss_relics":[{"not_picked":["Cursed Key","Empty Cage"],"picked":"Velvet Choker"},{"not_picked":["Lizard Tail","Snecko Eye"],"picked":"Orrery"}],"items_purged_floors":[4,20],"is_endless":false,"potions_floor_spawned":[1,3,13,19,27,29,30,33,36,37,41,42,48,54],"ascension_level":1}