{"gold_per_floor":[119,135,152,152,152,192,192,232,282,307,328,351,351,451,451,581,581,606,619,632,656,656],"floor_reached":22,"playtime":4671,"items_purged":[],"score":200,"play_id":"526dc775-8c88-4778-b1da-8a7cf9760830","local_time":"20190714204028","is_ascension_mode":false,"campfire_choices":[{"floor":7.0,"key":"REST"},{"floor":13,"key":"REST"},{"floor":15,"key":"REST"}],"neow_cost":"NONE","seed_source_timestamp":162706374375555,"circlet_count":0,"master_deck":["Strike_R","Strike_R","Strike_R","Strike_R","Strike_R","Defend_R","Defend_R","Defend_R","Defend_R","Bash","Heavy Blade","Metallicize","Armaments","Headbutt","Infernal Blade","Thunderclap","Metallicize+1","Barricade+1","True Grit+1","Iron Wave","Shockwave","Anger"],"special_seed":0,"relics":["Burning Blood","Golden Idol","Frozen Egg 2","Pen Nib","Runic Cube"],"potions_floor_usage":[12,12,22],"damage_taken":[{"damage":10.0,"enemies":"Small Slimes","floor":1.0,"turns":3.0},{"damage":7.0,"enemies":"2 Louse","floor":2.0,"turns":3.0},{"damage":6.0,"enemies":"Cultist","floor":3.0,"turns":3.0},{"damage":49.0,"enemies":"3 Sentries","floor":6.0,"turns":9.0},{"damage":31.0,"enemies":"Gremlin Nob","floor":8.0,"turns":5.0},{"damage":15,"enemies":"Lots of Slimes","floor":10,"turns":5},{"damage":1,"enemies":"Exordium Wildlife","floor":11,"turns":4},{"damage":7,"enemies":"Gremlin Gang","floor":12,"turns":3},{"damage":59,"enemies":"Hexaghost","floor":16,"turns":11},{"damage":15,"enemies":"2 Thieves","floor":18,"turns":4},{"damage":28,"enemies":"Chosen","floor":19,"turns":7},{"damage":26,"enemies":"Centurion and Healer","floor":20,"turns":9},{"damage":18,"enemies":"Snecko","floor":21,"turns":4},{"damage":30,"enemies":"Masked Bandits","floor":22,"turns":3}],"seed_played":"4222002749448751578","potions_obtained":[{"floor":1.0,"key":"Swift Potion"},{"floor":8,"key":"Ancient Potion"},{"floor":11,"key":"AttackPotion"},{"floor":16,"key":"Ancient Potion"}],"is_trial":false,"path_per_floor":["M","M","M","?","?","E","R","E","T","M","M","M","R","?","R","B",null,"M","M","M","M","?"],"character_chosen":"IRONCLAD","items_purchased":[],"campfire_rested":3,"item_purchase_floors":[],"current_hp_per_floor":[84,83,83,61,61,18,44,19,19,10,15,14,40,40,66,13,88,79,57,37,25,0],"gold":656,"neow_bonus":"TEN_PERCENT_HP_BONUS","is_prod":false,"is_daily":false,"chose_seed":false,"campfire_upgraded":0,"win_rate":0,"timestamp":1563129628,"path_taken":["M","M","M","?","?","E","R","E","T","M","?","?","R","?","R","BOSS","M","M","M","?","?"],"build_version":"2019-07-05","purchased_purges":0,"victory":false,"max_hp_per_floor":[88,88,88,88,88,88,88,88,88,88,88,88,88,88,88,88,88,88,88,88,88,88],"card_choices":[{"not_picked":["Corruption","Inflame"],"picked":"Heavy Blade","floor":1.0},{"not_picked":["Power Through","Entrench","Havoc"],"picked":"SKIP","floor":2.0},{"not_picked":["Flex","Armaments"],"picked":"Metallicize","floor":3.0},{"not_picked":["Heavy Blade","Thunderclap"],"picked":"Armaments","floor":6.0},{"not_picked":["Body Slam","Corruption+1"],"picked":"Headbutt","floor":8},{"not_picked":["Immolate","Shrug It Off"],"picked":"Infernal Blade","floor":10},{"not_picked":["Bloodletting","Power Through"],"picked":"Thunderclap","floor":11},{"not_picked":["Heavy Blade","Thunderclap"],"picked":"Metallicize+1","floor":12},{"not_picked":["Double Tap","Fiend Fire"],"picked":"Barricade+1","floor":16},{"not_picked":["Headbutt","Corruption+1"],"picked":"True Grit+1","floor":18},{"not_picked":["Bloodletting+1","Evolve+1"],"picked":"Iron Wave","floor":19},{"not_picked":["Searing Blow","Carnage"],"picked":"Shockwave","floor":20},{"not_picked":["Clash","Body Slam+1"],"picked":"Anger","floor":21}],"player_experience":154369,"relics_obtained":[{"floor":6.0,"key":"Frozen Egg 2"},{"floor":8,"key":"Pen Nib"}],"event_choices":[{"damage_healed":0.0,"max_hp_gain":0.0,"max_hp_loss":0.0,"gold_gain":0.0,"event_name":"Golden Idol","player_choice":"Take Damage","floor":4.0,"gold_loss":0.0,"damage_taken":22.0,"relics_obtained":["Golden Idol"]},{"damage_healed":0.0,"max_hp_gain":0.0,"max_hp_loss":0.0,"gold_gain":0.0,"event_name":"NoteForYourself","player_choice":"Ignored","floor":5.0,"gold_loss":0.0,"damage_taken":0.0},{"damage_healed":0,"gold_gain":100,"player_choice":"Pray","damage_taken":0,"max_hp_gain":0,"max_hp_loss":0,"event_name":"Golden Shrine","floor":14,"gold_loss":0},{"damage_healed":0,"gold_gain":0,"player_choice":"Fought Bandits","damage_taken":0,"max_hp_gain":0,"max_hp_loss":0,"event_name":"Masked Bandits","floor":22,"gold_loss":0}],"is_beta":false,"boss_relics":[{"not_picked":["Lizard Tail","Astrolabe"],"picked":"Runic Cube"}],"items_purged_floors":[],"is_endless":false,"potions_floor_spawned":[1,8,11,16],"killed_by":"Masked Bandits","ascension_level":0}