{"gold_per_floor":[110,160,310,310,37,37,72,72,96,112,156,81,81,97,97,190,190,209,209,209,209,47,77,77,92,92,92,112,126,153,179,179,258,258,275,324,23,23,41,71,71,103,103,103,138,10,20,39,39,39,39,39,4,36,36],"floor_reached":55,"playtime":2923,"items_purged":["Doubt"],"score":1505,"play_id":"78d3b7da-f970-4a6e-b568-4c146d82c960","local_time":"20190721230809","is_ascension_mode":true,"campfire_choices":[{"data":"Tactician","floor":6.0,"key":"SMITH"},{"data":"Adrenaline","floor":8.0,"key":"SMITH"},{"floor":15.0,"key":"REST"},{"data":"Crippling Poison","floor":24.0,"key":"SMITH"},{"data":"Corpse Explosion","floor":27.0,"key":"SMITH"},{"data":"Catalyst","floor":32.0,"key":"SMITH"},{"data":"Noxious Fumes","floor":44.0,"key":"SMITH"},{"floor":49.0,"key":"RECALL"},{"data":"A Thousand Cuts","floor":52.0,"key":"SMITH"}],"neow_cost":"NONE","seed_source_timestamp":1485084477049,"circlet_count":0,"master_deck":["AscendersBane","Survivor+1","Bullet Time+1","Acrobatics","Bane","Underhanded Strike","Flechettes+1","Tactician+1","Adrenaline+1","Masterful Stab","Flechettes+1","Crippling Poison+1","Heel Hook","Adrenaline","Well Laid Plans","Riddle With Holes","Corpse Explosion+1","Cloak And Dagger","Endless Agony","Catalyst+1","Envenom","Distraction","Tools of the Trade","PiercingWail+1","Noxious Fumes+1","Heel Hook+1","A Thousand Cuts+1","Madness","Madness","Infinite Blades+1","Backstab","Terror","Footwork+1","Blade Dance"],"special_seed":0,"relics":["Pandora\u0027s Box","Bloody Idol","Ninja Scroll","Ornamental Fan","War Paint","Anchor","Sozu","Enchiridion","Bag of Marbles","Bronze Scales","Gremlin Horn","The Courier","Red Mask","WristBlade","Unceasing Top","Bird Faced Urn","Smiling Mask","Frozen Egg 2","Potion Belt","Snake Skull","Tough Bandages"],"potions_floor_usage":[55,55],"damage_taken":[{"damage":0.0,"enemies":"2 Louse","floor":1.0,"turns":2.0},{"damage":0.0,"enemies":"Gremlin Nob","floor":7.0,"turns":3.0},{"damage":0.0,"enemies":"Cultist","floor":10.0,"turns":2.0},{"damage":4.0,"enemies":"Lagavulin","floor":11.0,"turns":4.0},{"damage":0.0,"enemies":"Small Slimes","floor":14.0,"turns":1.0},{"damage":8.0,"enemies":"Hexaghost","floor":16.0,"turns":7.0},{"damage":0.0,"enemies":"Chosen","floor":18.0,"turns":2.0},{"damage":12.0,"enemies":"Gremlin Leader","floor":23.0,"turns":4.0},{"damage":0.0,"enemies":"3 Byrds","floor":25.0,"turns":1.0},{"damage":0.0,"enemies":"Cultist and Chosen","floor":28.0,"turns":3.0},{"damage":0.0,"enemies":"3 Cultists","floor":29.0,"turns":2.0},{"damage":4.0,"enemies":"Book of Stabbing","floor":30.0,"turns":3.0},{"damage":0.0,"enemies":"Masked Bandits","floor":31.0,"turns":2.0},{"damage":43.0,"enemies":"Champ","floor":33.0,"turns":7.0},{"damage":0.0,"enemies":"Orb Walker","floor":35.0,"turns":1.0},{"damage":0.0,"enemies":"2 Orb Walkers","floor":36.0,"turns":2.0},{"damage":0.0,"enemies":"3 Shapes","floor":39.0,"turns":2.0},{"damage":38.0,"enemies":"Nemesis","floor":40.0,"turns":3.0},{"damage":0.0,"enemies":"Giant Head","floor":42.0,"turns":5.0},{"damage":18.0,"enemies":"Nemesis","floor":45.0,"turns":3.0},{"damage":0.0,"enemies":"Sphere and 2 Shapes","floor":47.0,"turns":3.0},{"damage":0.0,"enemies":"Jaw Worm Horde","floor":48.0,"turns":2.0},{"damage":45.0,"enemies":"Donu and Deca","floor":50.0,"turns":4.0},{"damage":15,"enemies":"Shield and Spear","floor":54,"turns":4},{"damage":68,"enemies":"The Heart","floor":55,"turns":3}],"seed_played":"-2675882853184066758","potions_obtained":[{"floor":1.0,"key":"Explosive Potion"},{"floor":10.0,"key":"GamblersBrew"},{"floor":16.0,"key":"LiquidBronze"}],"is_trial":false,"path_per_floor":["M","?","?","?","$","R","E","R","T","M","E","$","?","M","R","B",null,"M","?","?","?","$","E","R","M","T","R","M","M","E","?","R","B",null,"M","?","$","?","M","E","?","E","T","R","E","$","M","M","R","B",null,"R","$","E","B"],"character_chosen":"THE_SILENT","items_purchased":["Ninja Scroll","Bag of Marbles","Noxious Fumes","Bird Faced Urn","Snake Skull","Footwork+1"],"campfire_rested":1,"item_purchase_floors":[5,22,37,37,46,53],"current_hp_per_floor":[59,59,59,36,36,36,36,36,36,36,32,32,12,12,31,23,55,55,34,34,34,34,27,27,32,32,32,37,42,43,48,48,10,52,57,62,62,62,66,37,25,42,42,42,39,39,52,65,65,27,56,56,56,62,0],"gold":36,"neow_bonus":"BOSS_RELIC","is_prod":false,"is_daily":false,"chose_seed":false,"campfire_upgraded":7,"win_rate":0,"timestamp":1563775689,"path_taken":["M","?","?","?","?","R","E","R","T","?","E","$","?","M","R","BOSS","M","?","?","?","?","E","R","?","T","R","M","M","E","?","R","BOSS","M","?","$","?","M","E","?","E","T","R","E","?","M","M","R","BOSS","R","$","E","BOSS"],"build_version":"2019-07-17","purchased_purges":1,"victory":false,"max_hp_per_floor":[66,66,66,66,66,66,66,66,66,66,66,66,66,66,66,66,66,66,66,66,66,66,66,66,66,66,66,66,66,66,66,66,66,66,66,66,66,66,66,66,66,66,66,66,66,66,66,66,66,66,66,66,66,66,66],"card_choices":[{"not_picked":["Finisher","Concentrate"],"picked":"Heel Hook","floor":1.0},{"not_picked":["Prepared","Quick Slash"],"picked":"Adrenaline","floor":7.0},{"not_picked":["Expertise","Sucker Punch","Slice"],"picked":"SKIP","floor":10.0},{"not_picked":["Sucker Punch","Predator"],"picked":"Well Laid Plans","floor":11.0},{"not_picked":["Outmaneuver","Slice"],"picked":"Riddle With Holes","floor":14.0},{"not_picked":["Burst","Doppelganger"],"picked":"Corpse Explosion","floor":16.0},{"not_picked":["Quick Slash","Prepared"],"picked":"Cloak And Dagger","floor":18.0},{"not_picked":["Deadly Poison","Underhanded Strike"],"picked":"Endless Agony","floor":23.0},{"not_picked":["Bane","Quick Slash+1","Cloak And Dagger"],"picked":"SKIP","floor":25.0},{"not_picked":["Quick Slash","Deadly Poison"],"picked":"Catalyst","floor":28.0},{"not_picked":["Quick Slash+1","Underhanded Strike"],"picked":"Envenom","floor":29.0},{"not_picked":["Outmaneuver","Concentrate+1"],"picked":"Distraction","floor":30.0},{"not_picked":["Storm of Steel","Die Die Die"],"picked":"Tools of the Trade","floor":33.0},{"not_picked":["Prepared","Masterful Stab"],"picked":"PiercingWail+1","floor":35.0},{"not_picked":["Outmaneuver+1","Masterful Stab"],"picked":"Heel Hook+1","floor":39.0},{"not_picked":["Predator","Prepared"],"picked":"A Thousand Cuts","floor":40.0},{"not_picked":["Distraction","Outmaneuver","Skewer"],"picked":"SKIP","floor":42.0},{"not_picked":["Outmaneuver","Prepared"],"picked":"Infinite Blades+1","floor":45.0},{"not_picked":["Flechettes","Deflect"],"picked":"Backstab","floor":47.0},{"not_picked":["Poisoned Stab","Backflip"],"picked":"Terror","floor":48.0},{"not_picked":["Finisher+1","Deadly Poison"],"picked":"Blade Dance","floor":54}],"player_experience":655175,"relics_obtained":[{"floor":7.0,"key":"Ornamental Fan"},{"floor":9.0,"key":"War Paint"},{"floor":11.0,"key":"Anchor"},{"floor":19.0,"key":"Enchiridion"},{"floor":23.0,"key":"Bronze Scales"},{"floor":26.0,"key":"Gremlin Horn"},{"floor":30.0,"key":"The Courier"},{"floor":31.0,"key":"Red Mask"},{"floor":36.0,"key":"Unceasing Top"},{"floor":40.0,"key":"Smiling Mask"},{"floor":42.0,"key":"Frozen Egg 2"},{"floor":45.0,"key":"Potion Belt"},{"floor":54,"key":"Tough Bandages"}],"event_choices":[{"damage_healed":0.0,"max_hp_gain":0.0,"max_hp_loss":0.0,"gold_gain":50.0,"event_name":"Golden Wing","player_choice":"Gained Gold","floor":2.0,"gold_loss":0.0,"damage_taken":0.0},{"damage_healed":0.0,"max_hp_gain":0.0,"max_hp_loss":0.0,"gold_gain":150.0,"event_name":"Liars Game","player_choice":"AGREE","floor":3.0,"gold_loss":0.0,"damage_taken":0.0,"cards_obtained":["Doubt"]},{"damage_healed":0.0,"max_hp_gain":0.0,"max_hp_loss":0.0,"gold_gain":0.0,"event_name":"Golden Idol","player_choice":"Take Damage","floor":4.0,"gold_loss":0.0,"damage_taken":23.0,"relics_obtained":["Golden Idol"]},{"damage_healed":0.0,"max_hp_gain":0.0,"max_hp_loss":0.0,"gold_gain":0.0,"event_name":"Shining Light","player_choice":"Entered Light","floor":13.0,"gold_loss":0.0,"damage_taken":20.0,"cards_upgraded":["Flechettes","Flechettes"]},{"damage_healed":0.0,"max_hp_gain":0.0,"max_hp_loss":0.0,"gold_gain":0.0,"event_name":"Cursed Tome","player_choice":"Obtained Book","floor":19.0,"gold_loss":0.0,"damage_taken":21.0},{"damage_healed":0.0,"max_hp_gain":0.0,"max_hp_loss":0.0,"gold_gain":0.0,"event_name":"Ghosts","player_choice":"Ignored","floor":20.0,"gold_loss":0.0,"damage_taken":0.0},{"damage_healed":0.0,"max_hp_gain":0.0,"max_hp_loss":0.0,"gold_gain":0.0,"event_name":"Forgotten Altar","player_choice":"Gave Idol","floor":21.0,"relics_lost":["Golden Idol"],"gold_loss":0.0,"damage_taken":0.0,"relics_obtained":["Bloody Idol"]},{"damage_healed":0.0,"max_hp_gain":0.0,"max_hp_loss":0.0,"gold_gain":0.0,"event_name":"Masked Bandits","player_choice":"Fought Bandits","floor":31.0,"gold_loss":0.0,"damage_taken":0.0},{"damage_healed":0.0,"max_hp_gain":0.0,"max_hp_loss":0.0,"gold_gain":0.0,"event_name":"Mysterious Sphere","player_choice":"Fight","floor":36.0,"gold_loss":0.0,"damage_taken":0.0},{"cards_removed":["Neutralize"],"damage_healed":0.0,"max_hp_gain":0.0,"max_hp_loss":0.0,"gold_gain":0.0,"event_name":"Falling","player_choice":"Removed Attack","floor":38.0,"gold_loss":0.0,"damage_taken":0.0},{"damage_healed":0.0,"max_hp_gain":0.0,"max_hp_loss":0.0,"gold_gain":0.0,"event_name":"Winding Halls","player_choice":"Embrace Madness","floor":41.0,"gold_loss":0.0,"damage_taken":12.0,"cards_obtained":["Madness","Madness"]}],"is_beta":false,"boss_relics":[{"not_picked":["Fusion Hammer","Philosopher\u0027s Stone"],"picked":"Sozu"},{"not_picked":["Velvet Choker","Empty Cage"],"picked":"WristBlade"}],"items_purged_floors":[12],"is_endless":false,"potions_floor_spawned":[1,10,16,25,29,30,39,42],"killed_by":"The Heart","ascension_level":16}