{"gold_per_floor":[217,15,34,34,51,51,77,77,104,104,117,180,192,222,222,317,317,337,27,39,53,53,53,68,96,96,96,111,43,43,57,57,162,162,172,172,172,190,44,44,71,86,168,168,184,204,215,67,67,67,67,67,67,102,102],"floor_reached":55,"playtime":4071,"items_purged":["Strike_R","Strike_R"],"score":709,"play_id":"2325542f-7479-4da9-8e22-119f903f0d00","local_time":"20190715130149","is_ascension_mode":false,"campfire_choices":[{"data":"Heavy Blade","floor":6,"key":"SMITH"},{"data":"Bash","floor":8,"key":"SMITH"},{"data":"Armaments","floor":10,"key":"SMITH"},{"data":"Rupture","floor":15,"key":"SMITH"},{"data":"Limit Break","floor":23,"key":"SMITH"},{"data":"Clothesline","floor":27,"key":"SMITH"},{"floor":30,"key":"REST"},{"data":"Barricade","floor":32,"key":"SMITH"},{"data":"Hemokinesis","floor":40,"key":"SMITH"},{"floor":44,"key":"RECALL"},{"data":"Sword Boomerang","floor":49,"key":"SMITH"},{"data":"Dark Shackles","floor":52,"key":"SMITH"}],"neow_cost":"NONE","seed_source_timestamp":4546287460883,"circlet_count":0,"master_deck":["Strike_R","Strike_R","Strike_R","Defend_R+1","Defend_R","Defend_R+1","Defend_R","Bash+1","Flame Barrier+1","Armaments+1","Heavy Blade+1","Offering","Hemokinesis+1","Sword Boomerang+1","Rupture+1","Barricade+1","Clothesline+1","Limit Break+1","Impervious","Ghostly Armor+1","Shrug It Off","Offering","True Grit+1","Reaper","Battle Trance+1","Dark Shackles+1","Shrug It Off","Ghostly Armor+1"],"relics":["Burning Blood","Brimstone","Bronze Scales","War Paint","Bag of Preparation","Velvet Choker","Red Mask","Shuriken","Busted Crown","Prayer Wheel","Oddly Smooth Stone","Strawberry"],"potions_floor_usage":[21,55,55,55],"damage_taken":[{"damage":6,"enemies":"Cultist","floor":1,"turns":3},{"damage":0,"enemies":"2 Louse","floor":3,"turns":2},{"damage":0,"enemies":"Small Slimes","floor":5,"turns":2},{"damage":28,"enemies":"Lagavulin","floor":7,"turns":5},{"damage":5,"enemies":"2 Fungi Beasts","floor":11,"turns":3},{"damage":0,"enemies":"Exordium Thugs","floor":13,"turns":4},{"damage":10,"enemies":"3 Sentries","floor":14,"turns":4},{"damage":36,"enemies":"The Guardian","floor":16,"turns":6},{"damage":10,"enemies":"Shell Parasite","floor":18,"turns":3},{"damage":8,"enemies":"Spheric Guardian","floor":20,"turns":3},{"damage":17,"enemies":"Snake Plant","floor":21,"turns":3},{"damage":17,"enemies":"Centurion and Healer","floor":24,"turns":4},{"damage":13,"enemies":"Masked Bandits","floor":25,"turns":4},{"damage":9,"enemies":"Chosen and Byrds","floor":28,"turns":3},{"damage":6,"enemies":"Snake Plant","floor":31,"turns":2},{"damage":64,"enemies":"Automaton","floor":33,"turns":6},{"damage":6,"enemies":"Orb Walker","floor":35,"turns":3},{"damage":3,"enemies":"3 Shapes","floor":38,"turns":5},{"damage":6,"enemies":"Nemesis","floor":41,"turns":7},{"damage":2,"enemies":"3 Darklings","floor":42,"turns":4},{"damage":12,"enemies":"Sphere and 2 Shapes","floor":45,"turns":6},{"damage":12,"enemies":"4 Shapes","floor":46,"turns":5},{"damage":8,"enemies":"Spire Growth","floor":47,"turns":3},{"damage":72,"enemies":"Donu and Deca","floor":50,"turns":7},{"damage":27,"enemies":"Shield and Spear","floor":54,"turns":4},{"damage":96,"enemies":"The Heart","floor":55,"turns":6}],"seed_played":"6788332664830205326","potions_obtained":[{"floor":1,"key":"BloodPotion"},{"floor":14,"key":"Block Potion"},{"floor":16,"key":"Regen Potion"},{"floor":24,"key":"Explosive Potion"},{"floor":42,"key":"Strength Potion"},{"floor":54,"key":"Strength Potion"}],"is_trial":false,"path_per_floor":["M","$","M","?","M","R","E","R","T","R","M","?","M","E","R","B",null,"M","$","M","M","$","R","M","?","T","R","M","$","R","M","R","B",null,"M","?","?","M","$","R","E","M","T","R","M","M","M","$","R","B",null,"R","$","E","B"],"character_chosen":"IRONCLAD","items_purchased":["Brimstone","Limit Break","Impervious","Offering","Shrug It Off","Oddly Smooth Stone"],"campfire_rested":1,"item_purchase_floors":[2,19,19,29,39,48],"current_hp_per_floor":[80,80,80,85,85,85,63,63,63,63,64,64,70,66,66,36,85,81,81,79,68,68,68,57,50,50,50,47,47,72,72,72,14,85,85,75,75,85,85,85,85,85,85,85,85,79,85,85,85,56,85,85,85,71,0],"gold":102,"neow_bonus":"HUNDRED_GOLD","is_prod":false,"is_daily":false,"chose_seed":false,"campfire_upgraded":10,"win_rate":0,"timestamp":1563188509,"path_taken":["M","$","M","?","M","R","E","R","T","R","M","?","M","E","R","BOSS","M","$","M","M","$","R","M","?","T","R","M","$","R","M","R","BOSS","M","?","?","M","$","R","E","M","T","R","?","M","M","$","R","BOSS","R","$","E","BOSS"],"build_version":"2019-07-05","purchased_purges":2,"victory":false,"max_hp_per_floor":[80,80,80,85,85,85,85,85,85,85,85,85,85,85,85,85,85,85,85,85,85,85,85,85,85,85,85,85,85,85,85,85,85,85,85,85,85,85,85,85,85,85,85,85,85,85,85,85,85,85,85,85,85,92,92],"card_choices":[{"not_picked":["Carnage","Armaments"],"picked":"Flame Barrier","floor":1},{"not_picked":["Iron Wave","Spot Weakness"],"picked":"Armaments","floor":3},{"not_picked":["Flex","Clash"],"picked":"Heavy Blade","floor":5},{"not_picked":["Rupture","Shrug It Off"],"picked":"Offering","floor":7},{"not_picked":["Twin Strike","Heavy Blade"],"picked":"Hemokinesis","floor":11},{"not_picked":["Corruption","Body Slam"],"picked":"Sword Boomerang","floor":13},{"not_picked":["Warcry","Perfected Strike"],"picked":"Rupture","floor":14},{"not_picked":["Double Tap","Exhume"],"picked":"Barricade","floor":16},{"not_picked":["Havoc","Burning Pact"],"picked":"Clothesline","floor":18},{"not_picked":["Bloodletting","Armaments","Pommel Strike"],"picked":"SKIP","floor":20},{"not_picked":["Clash+1","Iron Wave","Perfected Strike"],"picked":"SKIP","floor":21},{"not_picked":["Spot Weakness","Twin Strike","Rampage"],"picked":"SKIP","floor":24},{"not_picked":["Anger+1","Rupture"],"picked":"Ghostly Armor+1","floor":25},{"not_picked":["Armaments","Reckless Charge"],"picked":"Shrug It Off","floor":28},{"not_picked":["Evolve+1","Cleave"],"picked":"True Grit+1","floor":31},{"not_picked":["Feed","Brutality"],"picked":"Reaper","floor":33},{"not_picked":[],"picked":"Battle Trance+1","floor":35},{"not_picked":[],"picked":"Dark Shackles","floor":36},{"not_picked":["Reckless Charge+1"],"picked":"SKIP","floor":38},{"not_picked":["Reckless Charge+1"],"picked":"SKIP","floor":38},{"not_picked":["Twin Strike"],"picked":"SKIP","floor":41},{"not_picked":[],"picked":"Ghostly Armor+1","floor":42},{"not_picked":["Metallicize+1"],"picked":"SKIP","floor":42},{"not_picked":["Anger"],"picked":"SKIP","floor":45},{"not_picked":["Anger"],"picked":"SKIP","floor":45},{"not_picked":["Seeing Red"],"picked":"SKIP","floor":46},{"not_picked":["Anger+1"],"picked":"SKIP","floor":46},{"not_picked":["Cleave"],"picked":"SKIP","floor":47},{"not_picked":["Armaments+1"],"picked":"SKIP","floor":47},{"not_picked":["Hemokinesis"],"picked":"SKIP","floor":54}],"player_experience":477199,"relics_obtained":[{"floor":7,"key":"Bronze Scales"},{"floor":9,"key":"War Paint"},{"floor":14,"key":"Bag of Preparation"},{"floor":25,"key":"Red Mask"},{"floor":26,"key":"Shuriken"},{"floor":41,"key":"Prayer Wheel"},{"floor":54,"key":"Strawberry"}],"event_choices":[{"damage_healed":0,"gold_gain":0,"player_choice":"Donut","damage_taken":0,"max_hp_gain":5,"max_hp_loss":0,"event_name":"Big Fish","floor":4,"gold_loss":0},{"damage_healed":0,"gold_gain":63,"player_choice":"Gained Gold","damage_taken":0,"max_hp_gain":0,"max_hp_loss":0,"event_name":"Golden Wing","floor":12,"gold_loss":0},{"damage_healed":0,"gold_gain":0,"player_choice":"Fought Bandits","damage_taken":0,"max_hp_gain":0,"max_hp_loss":0,"event_name":"Masked Bandits","floor":25,"gold_loss":0},{"damage_healed":0,"gold_gain":0,"player_choice":"Memory 3","damage_taken":10,"max_hp_gain":0,"max_hp_loss":0,"event_name":"SensoryStone","floor":36,"gold_loss":0},{"damage_healed":0,"gold_gain":0,"player_choice":"Upgraded","damage_taken":0,"max_hp_gain":0,"max_hp_loss":0,"event_name":"Upgrade Shrine","floor":37,"gold_loss":0,"cards_upgraded":["Flame Barrier"]}],"is_beta":false,"boss_relics":[{"not_picked":["Runic Cube","Tiny House"],"picked":"Velvet Choker"},{"not_picked":["Runic Dome","Calling Bell"],"picked":"Busted Crown"}],"items_purged_floors":[19,39],"is_endless":false,"potions_floor_spawned":[1,14,16,24,25,38,42,47,54],"killed_by":"The Heart","ascension_level":0}