{"gold_per_floor":[115,127,146,146,164,164,190,7,60,74,74,103,116,136,136,236,236,218,238,256,276,276,276,303,318,342,368,380,392,392,410,410,506,556,571,585,605,621,640,640,968,1068,1068,17,32,32,57,73,73,73,73,73,44,70,70],"floor_reached":56,"playtime":7966,"items_purged":["Defend_R","Strike_R"],"score":1319,"play_id":"7f6a0739-7081-4b83-b18a-557d9be53b7f","local_time":"20190507213508","is_ascension_mode":false,"campfire_choices":[{"data":"Armaments","floor":6.0,"key":"SMITH"},{"data":"True Grit","floor":11.0,"key":"SMITH"},{"data":"Battle Trance","floor":15.0,"key":"SMITH"},{"data":"Barricade","floor":23.0,"key":"SMITH"},{"floor":30.0,"key":"REST"},{"data":"Dark Embrace","floor":32.0,"key":"SMITH"},{"data":"Metallicize","floor":40.0,"key":"SMITH"},{"data":"Seeing Red","floor":46.0,"key":"SMITH"},{"floor":49.0,"key":"RECALL"},{"data":"Limit Break","floor":52.0,"key":"SMITH"}],"neow_cost":"NONE","seed_source_timestamp":0,"circlet_count":0,"master_deck":["Strike_R+1","Strike_R","Strike_R","Defend_R","Defend_R+1","Defend_R","Bash","Bludgeon+1","Armaments+1","True Grit+1","Metallicize+1","Battle Trance+1","Metallicize","Inflame","Shrug It Off+1","Dark Embrace+1","Barricade+1","Inflame+1","Double Tap","Metallicize","Reaper","Corruption","Feed","Seeing Red+1","Entrench+1","Headbutt","Metallicize+1","Heavy Blade+1","Shrug It Off+1","Inflame+1","Limit Break+1","Flame Barrier+1"],"special_seed":0,"relics":["Burning Blood","The Courier","Oddly Smooth Stone","Sozu","Shovel","Boot","Whetstone","Tiny House","Old Coin","Bird Faced Urn","Darkstone Periapt","Strange Spoon","Ice Cream","FossilizedHelix","Happy Flower","Pear","Potion Belt","War Paint"],"potions_floor_usage":[],"damage_taken":[{"damage":3.0,"enemies":"Small Slimes","floor":1.0,"turns":2.0},{"damage":0.0,"enemies":"Cultist","floor":2.0,"turns":2.0},{"damage":0.0,"enemies":"Jaw Worm","floor":3.0,"turns":3.0},{"damage":21.0,"enemies":"Lots of Slimes","floor":5.0,"turns":9.0},{"damage":19.0,"enemies":"Lagavulin","floor":7.0,"turns":6.0},{"damage":4.0,"enemies":"Large Slime","floor":10.0,"turns":5.0},{"damage":16.0,"enemies":"3 Sentries","floor":12.0,"turns":10.0},{"damage":0.0,"enemies":"3 Louse","floor":13.0,"turns":6.0},{"damage":5.0,"enemies":"Exordium Wildlife","floor":14.0,"turns":7.0},{"damage":12.0,"enemies":"The Guardian","floor":16.0,"turns":13.0},{"damage":8.0,"enemies":"2 Thieves","floor":18.0,"turns":4.0},{"damage":14.0,"enemies":"Spheric Guardian","floor":19.0,"turns":5.0},{"damage":5.0,"enemies":"Centurion and Healer","floor":20.0,"turns":7.0},{"damage":25.0,"enemies":"Cultist and Chosen","floor":21.0,"turns":12.0},{"damage":40.0,"enemies":"Slavers","floor":24.0,"turns":10.0},{"damage":12.0,"enemies":"3 Cultists","floor":25.0,"turns":6.0},{"damage":3.0,"enemies":"Book of Stabbing","floor":27.0,"turns":10.0},{"damage":3.0,"enemies":"Centurion and Healer","floor":28.0,"turns":7.0},{"damage":14.0,"enemies":"Sentry and Sphere","floor":29.0,"turns":7.0},{"damage":0.0,"enemies":"Snecko","floor":31.0,"turns":3.0},{"damage":71.0,"enemies":"Collector","floor":33.0,"turns":14.0},{"damage":6.0,"enemies":"Orb Walker","floor":35.0,"turns":4.0},{"damage":17.0,"enemies":"3 Darklings","floor":36.0,"turns":9.0},{"damage":0.0,"enemies":"Maw","floor":37.0,"turns":10.0},{"damage":6.0,"enemies":"Writhing Mass","floor":38.0,"turns":12.0},{"damage":24.0,"enemies":"Transient","floor":39.0,"turns":5.0},{"damage":23.0,"enemies":"Giant Head","floor":41.0,"turns":10.0},{"damage":0.0,"enemies":"Mind Bloom Boss Battle","floor":42.0,"turns":16.0},{"damage":27.0,"enemies":"3 Darklings","floor":45.0,"turns":10.0},{"damage":32.0,"enemies":"Nemesis","floor":47.0,"turns":7.0},{"damage":6.0,"enemies":"Sphere and 2 Shapes","floor":48.0,"turns":11.0},{"damage":59.0,"enemies":"Time Eater","floor":50.0,"turns":13.0},{"damage":50.0,"enemies":"Shield and Spear","floor":54.0,"turns":11.0},{"damage":169,"enemies":"The Heart","floor":55,"turns":12}],"seed_played":"3291678657992559635","potions_obtained":[{"floor":1.0,"key":"FearPotion"},{"floor":2.0,"key":"Ancient Potion"},{"floor":7.0,"key":"FairyPotion"},{"floor":12.0,"key":"SpeedPotion"}],"is_trial":false,"path_per_floor":["M","M","M","?","M","R","E","$","T","M","R","E","M","M","R","B",null,"M","M","M","M","?","R","E","M","T","E","M","M","R","M","R","B",null,"M","M","M","M","M","R","E","?","T","$","M","R","E","M","R","B",null,"R","$","E","B",null],"character_chosen":"IRONCLAD","items_purchased":["Metallicize","Inflame","Shrug It Off","Strange Spoon","Ice Cream","FossilizedHelix","Happy Flower","Pear","Flame Barrier"],"campfire_rested":1,"item_purchase_floors":[8,8,8,44,44,44,44,44,53],"current_hp_per_floor":[80,80,80,80,65,65,52,52,52,54,54,44,50,51,51,45,80,78,70,71,52,52,52,18,12,12,15,18,10,34,55,55,11,85,85,85,89,92,74,74,57,96,96,106,110,110,101,116,116,95,120,120,120,120,29],"gold":70,"neow_bonus":"ONE_RANDOM_RARE_CARD","is_prod":false,"is_daily":false,"chose_seed":false,"campfire_upgraded":8,"win_rate":0,"timestamp":1557257708,"path_taken":["M","M","M","?","M","R","E","$","T","M","R","E","M","M","R","BOSS","M","M","M","M","?","R","E","?","T","E","M","M","R","M","R","BOSS","M","M","M","M","M","R","E","?","T","$","M","R","E","M","R","BOSS","R","$","E","BOSS"],"build_version":"2019-01-23","purchased_purges":2,"victory":true,"max_hp_per_floor":[80,80,80,80,80,80,80,80,80,80,80,80,80,80,80,80,80,80,80,80,80,80,80,80,80,80,80,80,80,80,80,80,80,85,85,85,89,92,92,92,92,96,96,106,110,110,113,116,116,120,120,120,120,120,120],"card_choices":[{"not_picked":["Searing Blow","Iron Wave"],"picked":"Armaments","floor":1.0},{"not_picked":["Shrug It Off","Hemokinesis"],"picked":"True Grit","floor":2.0},{"not_picked":["Uppercut","Headbutt"],"picked":"Metallicize","floor":3.0},{"not_picked":["Wild Strike","Fire Breathing"],"picked":"Battle Trance","floor":5.0},{"not_picked":["Clash","Twin Strike","Entrench"],"picked":"SKIP","floor":7.0},{"not_picked":["Iron Wave","Anger","Wild Strike"],"picked":"SKIP","floor":10.0},{"not_picked":["Combust","Rage"],"picked":"Dark Embrace","floor":12.0},{"not_picked":["Bloodletting","Anger","True Grit"],"picked":"SKIP","floor":13.0},{"not_picked":["Sentinel","Searing Blow","True Grit"],"picked":"SKIP","floor":14.0},{"not_picked":["Impervious","Brutality"],"picked":"Barricade","floor":16.0},{"not_picked":["Perfected Strike","Twin Strike"],"picked":"Inflame+1","floor":18.0},{"not_picked":["Wild Strike","Havoc","Dropkick"],"picked":"SKIP","floor":19.0},{"not_picked":["Armaments","Anger","Pommel Strike"],"picked":"SKIP","floor":20.0},{"not_picked":["Clothesline","Iron Wave","Blood for Blood"],"picked":"SKIP","floor":21.0},{"not_picked":["Whirlwind","Anger","Wild Strike"],"picked":"SKIP","floor":24.0},{"not_picked":["Hemokinesis+1","Sword Boomerang","Perfected Strike"],"picked":"SKIP","floor":25.0},{"not_picked":["Shrug It Off","Armaments"],"picked":"Double Tap","floor":27.0},{"not_picked":["True Grit","Sword Boomerang"],"picked":"Metallicize","floor":28.0},{"not_picked":["Sword Boomerang+1","Intimidate"],"picked":"Reaper","floor":29.0},{"not_picked":["Armaments+1","Flex+1"],"picked":"Corruption","floor":31.0},{"not_picked":["Fiend Fire","Bludgeon"],"picked":"Feed","floor":33.0},{"not_picked":["Wild Strike","Twin Strike"],"picked":"Seeing Red","floor":34.0},{"not_picked":["Flex","Warcry+1","Uppercut"],"picked":"SKIP","floor":35.0},{"not_picked":["Havoc+1","Cleave+1"],"picked":"Entrench+1","floor":36.0},{"not_picked":["Berserk","True Grit+1","Perfected Strike"],"picked":"SKIP","floor":37.0},{"not_picked":["Dual Wield+1","Combust"],"picked":"Headbutt","floor":38.0},{"not_picked":["Warcry","Rupture"],"picked":"Metallicize+1","floor":39.0},{"not_picked":["Headbutt+1","Intimidate+1"],"picked":"Heavy Blade+1","floor":41.0},{"not_picked":["Rampage+1","Wild Strike+1"],"picked":"Shrug It Off+1","floor":45.0},{"not_picked":["Second Wind","Twin Strike+1"],"picked":"Inflame+1","floor":47.0},{"not_picked":["Pummel","Blood for Blood+1"],"picked":"Limit Break","floor":48.0},{"not_picked":["Rampage","Clash+1","Perfected Strike"],"picked":"SKIP","floor":54.0}],"player_experience":226089,"relics_obtained":[{"floor":7.0,"key":"The Courier"},{"floor":12.0,"key":"Oddly Smooth Stone"},{"floor":24.0,"key":"Shovel"},{"floor":26.0,"key":"Boot"},{"floor":27.0,"key":"Whetstone"},{"floor":41.0,"key":"Old Coin"},{"floor":42.0,"key":"Bird Faced Urn"},{"floor":43.0,"key":"Darkstone Periapt"},{"floor":47.0,"key":"Potion Belt"},{"floor":54.0,"key":"War Paint"}],"event_choices":[{"damage_healed":0.0,"max_hp_gain":0.0,"max_hp_loss":0.0,"gold_gain":0.0,"event_name":"Liars Game","player_choice":"Ignored","floor":4.0,"gold_loss":0.0,"damage_taken":0.0},{"cards_removed":["Strike_R"],"damage_healed":0.0,"max_hp_gain":0.0,"max_hp_loss":0.0,"gold_gain":0.0,"event_name":"Purifier","player_choice":"Purged","floor":22.0,"gold_loss":0.0,"damage_taken":0.0},{"damage_healed":0.0,"max_hp_gain":0.0,"max_hp_loss":0.0,"gold_gain":0.0,"event_name":"MindBloom","player_choice":"Fight","floor":42.0,"gold_loss":0.0,"damage_taken":0.0}],"is_beta":false,"boss_relics":[{"not_picked":["Runic Pyramid","Pandora\u0027s Box"],"picked":"Sozu"},{"not_picked":["Runic Cube","Runic Dome"],"picked":"Tiny House"}],"items_purged_floors":[8,44],"is_endless":false,"potions_floor_spawned":[1,2,7,12,13,19,21,25,29,35,37,39,42,45],"ascension_level":0}