{"gold_per_floor":[118,118,118,138,63,63,76,93,118,143,171,183,195,225,237,249],"floor_reached":16,"playtime":390,"items_purged":["Defend_G"],"score":102,"play_id":"937962ca-ce96-4d05-b0ce-ffcc97dd5441","local_time":"20190711161427","is_ascension_mode":false,"campfire_choices":[{"floor":6.0,"key":"RECALL"},{"floor":13.0,"key":"REST"},{"data":"Neutralize","floor":15.0,"key":"SMITH"}],"neow_cost":"NONE","seed_source_timestamp":2384373923619,"circlet_count":0,"master_deck":["Strike_G","Strike_G+1","Strike_G","Defend_G","Defend_G","Survivor+1","Neutralize+1","Heel Hook"],"special_seed":0,"relics":["Empty Cage","MawBank"],"potions_floor_usage":[],"damage_taken":[{"damage":7.0,"enemies":"Jaw Worm","floor":1.0,"turns":6.0},{"damage":0.0,"enemies":"2 Louse","floor":4.0,"turns":3.0},{"damage":0.0,"enemies":"Cultist","floor":7.0,"turns":4.0},{"damage":0.0,"enemies":"3 Louse","floor":8.0,"turns":3.0},{"damage":29.0,"enemies":"Gremlin Nob","floor":10.0,"turns":5.0},{"damage":6.0,"enemies":"Looter","floor":11.0,"turns":4.0},{"damage":3.0,"enemies":"Exordium Wildlife","floor":14.0,"turns":4.0},{"damage":26,"enemies":"Slime Boss","floor":16,"turns":3}],"seed_played":"-761637286649220583","potions_obtained":[{"floor":7.0,"key":"Fire Potion"},{"floor":8.0,"key":"Swift Potion"},{"floor":11.0,"key":"SteroidPotion"},{"floor":14.0,"key":"Fire Potion"}],"is_trial":false,"path_per_floor":["M","?","?","M","$","R","M","M","T","E","M","?","R","M","R","B"],"character_chosen":"THE_SILENT","items_purchased":[],"campfire_rested":1,"item_purchase_floors":[],"current_hp_per_floor":[63,56,56,56,56,56,56,56,56,27,21,7,28,25,25,0],"gold":249,"neow_bonus":"BOSS_RELIC","is_prod":false,"is_daily":false,"chose_seed":false,"campfire_upgraded":1,"win_rate":0,"timestamp":1562886867,"path_taken":["M","?","?","M","?","R","?","?","T","E","M","?","R","M","R","BOSS"],"build_version":"2019-07-05","purchased_purges":1,"victory":false,"max_hp_per_floor":[70,70,70,70,70,70,70,70,70,70,70,70,70,70,70,70],"card_choices":[{"not_picked":["Deflect","Footwork","Reflex"],"picked":"SKIP","floor":1.0},{"not_picked":["Dagger Spray","Acrobatics","Outmaneuver"],"picked":"SKIP","floor":4.0},{"not_picked":["Cloak And Dagger","Infinite Blades","Calculated Gamble"],"picked":"SKIP","floor":7.0},{"not_picked":["Dodge and Roll","Underhanded Strike","Calculated Gamble"],"picked":"SKIP","floor":8.0},{"not_picked":["A Thousand Cuts","Setup"],"picked":"Heel Hook","floor":10.0},{"not_picked":["Flying Knee","Deflect","Dagger Throw"],"picked":"SKIP","floor":11.0},{"not_picked":["Outmaneuver","Dagger Throw","Flying Knee"],"picked":"SKIP","floor":14.0}],"player_experience":555715,"relics_obtained":[{"floor":10.0,"key":"MawBank"}],"event_choices":[{"cards_removed":["Defend_G"],"damage_healed":0.0,"max_hp_gain":0.0,"max_hp_loss":0.0,"gold_gain":0.0,"event_name":"Golden Wing","player_choice":"Card Removal","floor":2.0,"gold_loss":0.0,"damage_taken":7.0},{"cards_removed":["Strike_G"],"damage_healed":0.0,"max_hp_gain":0.0,"max_hp_loss":0.0,"gold_gain":0.0,"event_name":"Living Wall","player_choice":"Forget","floor":3.0,"gold_loss":0.0,"damage_taken":0.0},{"damage_healed":0.0,"max_hp_gain":0.0,"max_hp_loss":0.0,"gold_gain":0.0,"event_name":"Shining Light","player_choice":"Entered Light","floor":12.0,"gold_loss":0.0,"damage_taken":14.0,"cards_upgraded":["Survivor","Strike_G"]}],"is_beta":false,"boss_relics":[],"items_purged_floors":[5],"is_endless":false,"potions_floor_spawned":[7,8,11,14],"killed_by":"Slime Boss","ascension_level":0}