{"gold_per_floor":[111,36,211,226,226,226,242,242,318,344,364,384,1,1,1,104,104,122,122,47,47,67,100,100,117,117,117,135,85,85],"floor_reached":30,"playtime":1375,"items_purged":["Regret"],"score":248,"play_id":"3c8044c1-a507-4d3a-84fa-c7a7a5b72676","local_time":"20181123142507","is_ascension_mode":false,"campfire_choices":[{"floor":8.0,"key":"RECALL"},{"floor":15.0,"key":"REST"},{"data":"1","floor":24.0,"key":"LIFT"}],"neow_cost":"NONE","seed_source_timestamp":5224935353789,"circlet_count":0,"master_deck":["Strike_B+1","Strike_B","Strike_B","Strike_B","Defend_B","Defend_B","Defend_B+1","Defend_B","Zap","Dualcast","Hello World","Static Discharge","Aggregate","BootSequence","Machine Learning","Steam","Force Field","Reboot","Self Repair","Gash","Heatsinks","Defragment","Buffer","Scrape+1","Darkness","Chill+1","Gash","Double Energy"],"special_seed":0,"relics":["Cracked Core","Mercury Hourglass","Cables","Unceasing Top","Matryoshka","Orrery","Girya","Gremlin Horn","Regal Pillow"],"potions_floor_usage":[],"damage_taken":[{"damage":1.0,"enemies":"Cultist","floor":1.0,"turns":3.0},{"damage":6.0,"enemies":"Jaw Worm","floor":4.0,"turns":3.0},{"damage":14.0,"enemies":"Small Slimes","floor":7.0,"turns":3.0},{"damage":30.0,"enemies":"3 Sentries","floor":10.0,"turns":7.0},{"damage":7.0,"enemies":"2 Fungi Beasts","floor":11.0,"turns":3.0},{"damage":5.0,"enemies":"Looter","floor":12.0,"turns":3.0},{"damage":7.0,"enemies":"Hexaghost","floor":16.0,"turns":10.0},{"damage":20.0,"enemies":"2 Thieves","floor":18.0,"turns":4.0},{"damage":33.0,"enemies":"Colosseum Slavers","floor":19.0,"turns":4.0},{"damage":0.0,"enemies":"Chosen","floor":22.0,"turns":8.0},{"damage":17.0,"enemies":"Gremlin Leader","floor":23.0,"turns":8.0},{"damage":26.0,"enemies":"Snake Plant","floor":25.0,"turns":5.0},{"damage":0.0,"enemies":"Centurion and Healer","floor":28.0,"turns":6.0},{"damage":13,"enemies":"Sentry and Sphere","floor":30,"turns":2}],"seed_played":"-2260005750908579910","potions_obtained":[{"floor":1.0,"key":"Energy Potion"},{"floor":7.0,"key":"Poison Potion"},{"floor":16.0,"key":"Poison Potion"},{"floor":22.0,"key":"Weak Potion"},{"floor":23.0,"key":"Poison Potion"}],"is_trial":false,"path_per_floor":["M","$","?","M","?","?","M","R","T","E","M","M","$","T","R","B",null,"M","?","?","?","M","E","R","M","T","?","M","?","M"],"character_chosen":"DEFECT","items_purchased":["Static Discharge","Unceasing Top"],"campfire_rested":1,"item_purchase_floors":[2,13],"current_hp_per_floor":[81,81,81,75,59,59,45,45,45,15,8,3,3,3,27,20,82,69,43,43,43,50,40,40,21,21,5,12,12,0],"gold":85,"neow_bonus":"TEN_PERCENT_HP_BONUS","is_prod":false,"is_daily":false,"chose_seed":false,"campfire_upgraded":0,"win_rate":0,"timestamp":1543011907,"path_taken":["M","?","?","M","?","?","M","R","T","E","M","M","$","?","R","BOSS","M","?","?","?","M","E","R","M","T","?","M","?","M"],"build_version":"2018-11-15","purchased_purges":1,"victory":false,"max_hp_per_floor":[82,82,82,82,82,82,82,82,82,82,82,82,82,82,82,82,82,82,82,82,82,82,82,82,82,82,87,87,87,87],"card_choices":[{"not_picked":["Barrage","FTL"],"picked":"Hello World","floor":1.0},{"not_picked":["Lockon","Turbo"],"picked":"Aggregate","floor":4.0},{"not_picked":["Go for the Eyes","Streamline"],"picked":"BootSequence","floor":7.0},{"not_picked":["Beam Cell","Cold Snap"],"picked":"Machine Learning","floor":10.0},{"not_picked":["Steam Power","Turbo"],"picked":"Steam","floor":11.0},{"not_picked":["Double Energy","Streamline"],"picked":"Force Field","floor":12.0},{"not_picked":["Fission","Multi-Cast"],"picked":"Reboot","floor":16.0},{"not_picked":["Streamline","Turbo"],"picked":"Self Repair","floor":17.0},{"not_picked":["Aggregate","Streamline"],"picked":"Gash","floor":17.0},{"not_picked":["Go for the Eyes","Conserve Battery"],"picked":"Heatsinks","floor":17.0},{"not_picked":["Turbo","Conserve Battery"],"picked":"Defragment","floor":17.0},{"not_picked":["Beam Cell","Recycle"],"picked":"Buffer","floor":17.0},{"not_picked":["Beam Cell","Rebound"],"picked":"Scrape+1","floor":18.0},{"not_picked":["Coolheaded","Ball Lightning"],"picked":"Darkness","floor":22.0},{"not_picked":["Sweeping Beam","All For One"],"picked":"Chill+1","floor":23.0},{"not_picked":["Reinforced Body","Auto Shields"],"picked":"Gash","floor":25.0},{"not_picked":["Barrage+1","Leap"],"picked":"Double Energy","floor":28.0}],"player_experience":480535,"relics_obtained":[{"floor":10.0,"key":"Cables"},{"floor":14.0,"key":"Matryoshka"},{"floor":23.0,"key":"Girya"},{"floor":26.0,"key":"Gremlin Horn"},{"floor":26.0,"key":"Regal Pillow"}],"event_choices":[{"damage_healed":0.0,"max_hp_gain":0.0,"max_hp_loss":0.0,"gold_gain":175.0,"event_name":"Liars Game","player_choice":"AGREE","floor":3.0,"gold_loss":0.0,"damage_taken":0.0,"cards_obtained":["Doubt"]},{"damage_healed":0.0,"max_hp_gain":0.0,"max_hp_loss":0.0,"gold_gain":0.0,"event_name":"Shining Light","player_choice":"Entered Light","floor":5.0,"gold_loss":0.0,"damage_taken":16.0,"cards_upgraded":["Strike_B","Defend_B"]},{"damage_healed":0.0,"max_hp_gain":0.0,"max_hp_loss":0.0,"gold_gain":0.0,"event_name":"Big Fish","player_choice":"Box","floor":6.0,"gold_loss":0.0,"damage_taken":0.0,"relics_obtained":["Mercury Hourglass"],"cards_obtained":["Regret"]},{"damage_healed":0.0,"max_hp_gain":0.0,"max_hp_loss":0.0,"gold_gain":0.0,"event_name":"Colosseum","player_choice":"Fight","floor":19.0,"gold_loss":0.0,"damage_taken":0.0},{"damage_healed":0.0,"max_hp_gain":0.0,"max_hp_loss":0.0,"gold_gain":0.0,"event_name":"Colosseum","player_choice":"Fled From Nobs","floor":19.0,"gold_loss":0.0,"damage_taken":0.0},{"cards_removed":["Doubt"],"damage_healed":0.0,"max_hp_gain":0.0,"max_hp_loss":0.0,"gold_gain":0.0,"event_name":"Beggar","player_choice":"Gave Gold","floor":20.0,"gold_loss":75.0,"damage_taken":0.0},{"damage_healed":0.0,"max_hp_gain":0.0,"max_hp_loss":0.0,"gold_gain":0.0,"event_name":"Ghosts","player_choice":"Ignored","floor":21.0,"gold_loss":0.0,"damage_taken":0.0},{"damage_healed":0.0,"max_hp_gain":5.0,"max_hp_loss":0.0,"gold_gain":0.0,"event_name":"Forgotten Altar","player_choice":"Shed Blood","floor":27.0,"gold_loss":0.0,"damage_taken":21.0},{"damage_healed":0.0,"max_hp_gain":0.0,"max_hp_loss":0.0,"gold_gain":0.0,"event_name":"The Joust","player_choice":"Bet on Murderer","floor":29.0,"gold_loss":50.0,"damage_taken":0.0}],"is_beta":false,"boss_relics":[{"not_picked":["Snecko Eye","Busted Crown"],"picked":"Orrery"}],"items_purged_floors":[13],"is_endless":false,"potions_floor_spawned":[1,7,16,22,23],"killed_by":"Sentry and Sphere","ascension_level":0}