{"gold_per_floor":[10,29,29,29,45,45,79,79,79,111,91,105,7,23,23,127,127,138,163,20,35,50,50,82,82,82,116,133,161,195,211,211,314,314,326,346,364,324,339,339],"floor_reached":40,"playtime":4636,"items_purged":["Strike_G"],"score":628,"play_id":"900b12fd-cccd-4df2-a8e4-295bd0f2f47c","local_time":"20190714113447","is_ascension_mode":true,"campfire_choices":[{"data":"Glass Knife","floor":6,"key":"SMITH"},{"data":"Leg Sweep","floor":8,"key":"SMITH"},{"data":"Noxious Fumes","floor":15,"key":"SMITH"},{"data":"Catalyst","floor":23,"key":"SMITH"},{"data":"Crippling Poison","floor":25,"key":"SMITH"},{"data":"Footwork","floor":32,"key":"SMITH"}],"neow_cost":"NO_GOLD","seed_source_timestamp":140593305648999,"circlet_count":0,"master_deck":["Survivor","Neutralize","PiercingWail","Dagger Throw","Glass Knife+1","Dodge and Roll","Leg Sweep+1","Deadly Poison+1","Noxious Fumes+1","Backflip","Poisoned Stab","A Thousand Cuts","Crippling Poison+1","Catalyst+1","Footwork+1","Footwork","All Out Attack+1","Well Laid Plans+1","Reflex+1","Flying Knee+1","Terror","Night Terror","Adrenaline","Well Laid Plans","Setup","Dagger Spray","Blur","Dash","Flechettes+1","Deadly Poison","Cloak And Dagger+1","Calculated Gamble+1","Dagger Spray+1","Bullet Time"],"relics":["Ring of the Snake","Ginger","Blue Candle","Meat on the Bone","Happy Flower","Coffee Dripper","Bag of Preparation","Torii","Regal Pillow","Centennial Puzzle","Darkstone Periapt","Red Mask","Pandora\u0027s Box"],"potions_floor_usage":[7,12,24,29,40,40,40],"damage_taken":[{"damage":0,"enemies":"2 Louse","floor":1,"turns":3},{"damage":10,"enemies":"Jaw Worm","floor":2,"turns":8},{"damage":0,"enemies":"Cultist","floor":5,"turns":2},{"damage":32,"enemies":"Lagavulin","floor":7,"turns":8},{"damage":6,"enemies":"Gremlin Nob","floor":10,"turns":4},{"damage":1,"enemies":"Exordium Thugs","floor":12,"turns":5},{"damage":5,"enemies":"Blue Slaver","floor":14,"turns":3},{"damage":6,"enemies":"The Guardian","floor":16,"turns":9},{"damage":13,"enemies":"3 Byrds","floor":18,"turns":5},{"damage":11,"enemies":"2 Thieves","floor":21,"turns":4},{"damage":15,"enemies":"Chosen and Byrds","floor":22,"turns":5},{"damage":12,"enemies":"Slavers","floor":24,"turns":5},{"damage":4,"enemies":"Book of Stabbing","floor":27,"turns":6},{"damage":9,"enemies":"Shelled Parasite and Fungi","floor":28,"turns":6},{"damage":22,"enemies":"Slavers","floor":29,"turns":4},{"damage":10,"enemies":"Masked Bandits","floor":30,"turns":4},{"damage":7,"enemies":"Cultist and Chosen","floor":31,"turns":5},{"damage":14,"enemies":"Collector","floor":33,"turns":6},{"damage":1,"enemies":"3 Darklings","floor":35,"turns":3},{"damage":19,"enemies":"3 Shapes","floor":36,"turns":4},{"damage":3,"enemies":"Jaw Worm Horde","floor":37,"turns":4},{"damage":6,"enemies":"Sphere and 2 Shapes","floor":39,"turns":4},{"damage":55,"enemies":"Reptomancer","floor":40,"turns":4}],"seed_played":"-5245701991621100523","potions_obtained":[{"floor":5,"key":"PowerPotion"},{"floor":7,"key":"Regen Potion"},{"floor":10,"key":"Dexterity Potion"},{"floor":11,"key":"Fire Potion"},{"floor":16,"key":"SkillPotion"},{"floor":18,"key":"Block Potion"},{"floor":29,"key":"Poison Potion"},{"floor":30,"key":"Regen Potion"},{"floor":35,"key":"Dexterity Potion"}],"is_trial":false,"path_per_floor":["M","M","?","?","M","R","E","R","T","E","?","M","$","M","R","B",null,"M","T","$","M","M","R","E","R","T","E","M","E","?","M","R","B",null,"M","M","M","?","M","E"],"character_chosen":"THE_SILENT","items_purchased":["Backflip","Catalyst","Footwork"],"campfire_rested":0,"item_purchase_floors":[13,20,20],"current_hp_per_floor":[63,53,53,53,53,53,21,21,21,27,27,38,38,45,45,39,62,49,49,49,38,35,35,35,35,35,43,46,36,38,43,43,41,63,62,43,40,40,46,0],"gold":339,"neow_bonus":"ONE_RARE_RELIC","is_prod":false,"is_daily":false,"chose_seed":false,"campfire_upgraded":6,"win_rate":0,"timestamp":1563118487,"path_taken":["M","M","?","?","M","R","E","R","T","E","?","M","$","M","R","BOSS","M","?","?","M","M","R","E","R","T","E","M","E","?","M","R","BOSS","M","M","M","?","M","E"],"build_version":"2019-07-05","purchased_purges":1,"victory":false,"max_hp_per_floor":[70,70,70,70,70,70,70,70,70,70,70,70,70,70,70,70,70,70,70,70,70,70,70,70,70,70,70,70,70,70,70,70,70,70,70,70,70,70,70,70],"card_choices":[{"not_picked":["All Out Attack","Underhanded Strike"],"picked":"PiercingWail","floor":1},{"not_picked":["PiercingWail","Dodge and Roll"],"picked":"Dagger Throw","floor":2},{"not_picked":["Dagger Throw","Setup"],"picked":"Dodge and Roll","floor":5},{"not_picked":["Dagger Spray","Deadly Poison"],"picked":"Leg Sweep","floor":7},{"not_picked":["Outmaneuver","Blade Dance"],"picked":"Deadly Poison","floor":10},{"not_picked":["Outmaneuver","Dash"],"picked":"Noxious Fumes","floor":12},{"not_picked":["Blade Dance","Bane"],"picked":"Poisoned Stab","floor":14},{"not_picked":["Bullet Time","Storm of Steel"],"picked":"A Thousand Cuts","floor":16},{"not_picked":["Cloak And Dagger","Sucker Punch+1"],"picked":"Crippling Poison","floor":18},{"not_picked":["Prepared","Backflip","Cloak And Dagger"],"picked":"SKIP","floor":21},{"not_picked":["Escape Plan","All Out Attack+1"],"picked":"Footwork","floor":22},{"not_picked":["Infinite Blades","Escape Plan"],"picked":"All Out Attack+1","floor":24},{"not_picked":["Terror+1","Slice"],"picked":"Well Laid Plans+1","floor":27},{"not_picked":["Sucker Punch","Masterful Stab","Well Laid Plans"],"picked":"SKIP","floor":28},{"not_picked":["Flechettes+1","Dagger Throw"],"picked":"Reflex+1","floor":29},{"not_picked":["Finisher+1","Poisoned Stab"],"picked":"Flying Knee+1","floor":30},{"not_picked":["Quick Slash+1","Deadly Poison"],"picked":"Terror","floor":31},{"not_picked":["Storm of Steel","Grand Finale"],"picked":"Night Terror","floor":33},{"not_picked":["Footwork","Poisoned Stab+1"],"picked":"Cloak And Dagger+1","floor":35},{"not_picked":["Underhanded Strike","Well Laid Plans+1"],"picked":"Calculated Gamble+1","floor":36},{"not_picked":["Blade Dance+1","Deflect+1"],"picked":"Dagger Spray+1","floor":37},{"not_picked":["Slice+1","Endless Agony"],"picked":"Bullet Time","floor":39}],"player_experience":469969,"relics_obtained":[{"floor":7,"key":"Blue Candle"},{"floor":9,"key":"Meat on the Bone"},{"floor":10,"key":"Happy Flower"},{"floor":19,"key":"Bag of Preparation"},{"floor":24,"key":"Torii"},{"floor":26,"key":"Regal Pillow"},{"floor":27,"key":"Centennial Puzzle"},{"floor":29,"key":"Darkstone Periapt"},{"floor":30,"key":"Red Mask"}],"event_choices":[{"damage_healed":0,"gold_gain":0,"cards_transformed":["Strike_G"],"player_choice":"Change","damage_taken":0,"max_hp_gain":0,"max_hp_loss":0,"event_name":"Living Wall","floor":3,"gold_loss":0,"cards_obtained":["Glass Knife"]},{"damage_healed":0,"gold_gain":0,"player_choice":"Ignored","damage_taken":0,"max_hp_gain":0,"max_hp_loss":0,"event_name":"Shining Light","floor":4,"gold_loss":0},{"damage_healed":0,"gold_gain":0,"player_choice":"Bought 1 Potion","damage_taken":0,"max_hp_gain":0,"max_hp_loss":0,"event_name":"The Woman in Blue","floor":11,"gold_loss":0},{"damage_healed":0,"gold_gain":0,"player_choice":"Fought Bandits","damage_taken":0,"max_hp_gain":0,"max_hp_loss":0,"event_name":"Masked Bandits","floor":30,"gold_loss":0},{"damage_healed":0,"gold_gain":0,"player_choice":"Upgraded Two","damage_taken":0,"max_hp_gain":0,"max_hp_loss":0,"event_name":"Designer","floor":38,"gold_loss":40,"cards_upgraded":["Deadly Poison","Flechettes"]}],"is_beta":false,"boss_relics":[{"not_picked":["WristBlade","Philosopher\u0027s Stone"],"picked":"Coffee Dripper"},{"not_picked":["Empty Cage","White Beast Statue"],"picked":"Pandora\u0027s Box"}],"items_purged_floors":[13],"is_endless":false,"potions_floor_spawned":[5,7,10,16,18,21,29,30,31,35,36,37,39],"killed_by":"Reptomancer","ascension_level":6}