{"gold_per_floor":[111,261,273,273,170,205,205,205,228,228,248,248,268,304,304,304],"floor_reached":16,"playtime":619,"items_purged":["Doubt"],"score":266,"play_id":"fd1d5f76-cfb9-444e-a771-d0c00232832d","local_time":"20190728211227","is_ascension_mode":true,"campfire_choices":[{"floor":10,"key":"REST"},{"data":"Bash","floor":12,"key":"SMITH"},{"data":"Shrug It Off","floor":15,"key":"SMITH"}],"neow_cost":"NONE","seed_source_timestamp":871177809853292,"circlet_count":0,"master_deck":["AscendersBane","Strike_R","Strike_R","Strike_R","Strike_R","Strike_R","Defend_R","Defend_R","Defend_R","Defend_R+1","Bash+1","Anger","Anger","Pommel Strike","Shrug It Off+1","Shrug It Off+1","Limit Break"],"relics":["Burning Blood","NeowsBlessing","Potion Belt","Golden Idol","Regal Pillow","Dodecahedron"],"potions_floor_usage":[14],"damage_taken":[{"damage":0,"enemies":"2 Louse","floor":1,"turns":1},{"damage":0,"enemies":"Small Slimes","floor":3,"turns":1},{"damage":0,"enemies":"Gremlin Nob","floor":6,"turns":1},{"damage":0,"enemies":"Cultist","floor":11,"turns":2},{"damage":12,"enemies":"Exordium Thugs","floor":13,"turns":3},{"damage":12,"enemies":"3 Sentries","floor":14,"turns":8},{"damage":76,"enemies":"Hexaghost","floor":16,"turns":10}],"seed_played":"-2989265205036551101","potions_obtained":[{"floor":6,"key":"SteroidPotion"},{"floor":11,"key":"FairyPotion"}],"is_trial":false,"path_per_floor":["M","?","M","?","$","E","?","?","T","R","M","R","M","E","R","B"],"character_chosen":"IRONCLAD","items_purchased":["Pommel Strike"],"campfire_rested":1,"item_purchase_floors":[5],"current_hp_per_floor":[74,74,75,80,80,80,52,28,28,67,73,73,67,61,61,0],"gold":304,"neow_bonus":"THREE_ENEMY_KILL","is_prod":false,"is_daily":false,"chose_seed":false,"campfire_upgraded":2,"win_rate":0,"timestamp":1564362747,"path_taken":["M","?","M","?","$","E","?","?","T","R","M","R","M","E","R","BOSS"],"build_version":"2019-07-17","purchased_purges":1,"victory":false,"max_hp_per_floor":[75,75,75,80,80,80,80,80,80,80,80,80,80,80,80,80],"card_choices":[{"not_picked":["Armaments","Second Wind"],"picked":"Anger","floor":1},{"not_picked":["Metallicize","Warcry"],"picked":"Anger","floor":3},{"not_picked":["Bloodletting","Feel No Pain"],"picked":"Shrug It Off","floor":6},{"not_picked":["Whirlwind","Twin Strike"],"picked":"Shrug It Off","floor":11},{"not_picked":["Iron Wave","Pummel","Body Slam"],"picked":"SKIP","floor":13},{"not_picked":["Sword Boomerang","Anger"],"picked":"Limit Break","floor":14}],"player_experience":2524489,"relics_obtained":[{"floor":6,"key":"Potion Belt"},{"floor":9,"key":"Regal Pillow"},{"floor":14,"key":"Dodecahedron"}],"event_choices":[{"damage_healed":0,"gold_gain":150,"player_choice":"AGREE","damage_taken":0,"max_hp_gain":0,"max_hp_loss":0,"event_name":"Liars Game","floor":2,"gold_loss":0,"cards_obtained":["Doubt"]},{"damage_healed":0,"gold_gain":0,"player_choice":"Donut","damage_taken":0,"max_hp_gain":5,"max_hp_loss":0,"event_name":"Big Fish","floor":4,"gold_loss":0},{"damage_healed":0,"gold_gain":0,"player_choice":"Take Damage","damage_taken":28,"relics_obtained":["Golden Idol"],"max_hp_gain":0,"max_hp_loss":0,"event_name":"Golden Idol","floor":7,"gold_loss":0},{"damage_healed":0,"gold_gain":0,"player_choice":"Entered Light","damage_taken":24,"max_hp_gain":0,"max_hp_loss":0,"event_name":"Shining Light","floor":8,"gold_loss":0,"cards_upgraded":["Shrug It Off","Defend_R"]}],"is_beta":false,"boss_relics":[],"items_purged_floors":[5],"is_endless":false,"potions_floor_spawned":[6,11],"killed_by":"Hexaghost","ascension_level":20}