{"gold_per_floor":[115,129,129,139,89,89,121,121,168,243,243,270,280,293,293,395,395,408,333,333,349,367,367,400,400,400,411,437,450,450,477,477,573,573,585,54,67,87,187,187,214,141,141,21,56,56,56,71,71,71],"floor_reached":51,"playtime":3663,"items_purged":["Storm of Steel","All Out Attack","Prepared"],"score":1019,"play_id":"668b2930-c805-402e-a59a-5ca84d296d55","local_time":"20190731234859","is_ascension_mode":true,"campfire_choices":[{"data":"Dagger Throw","floor":6,"key":"SMITH"},{"floor":8,"key":"REST"},{"floor":11,"key":"REST"},{"data":"Deadly Poison","floor":15,"key":"SMITH"},{"floor":23,"key":"REST"},{"data":"Die Die Die","floor":25,"key":"SMITH"},{"data":"Noxious Fumes","floor":30,"key":"SMITH"},{"floor":32,"key":"REST"},{"data":"Catalyst","floor":40,"key":"SMITH"},{"floor":47,"key":"REST"},{"floor":49,"key":"REST"}],"neow_cost":"NONE","seed_source_timestamp":48505139809651,"circlet_count":0,"master_deck":["Survivor","Neutralize+1","Dagger Throw+1","Dodge and Roll","Corpse Explosion","Deadly Poison+1","Quick Slash","Die Die Die+1","Cloak And Dagger","Escape Plan","Unload+1","Die Die Die","Noxious Fumes+1","Backflip","Deadly Poison+1","Die Die Die+1","PiercingWail","Burst","Catalyst+1","Footwork","Dodge and Roll+1","Sucker Punch+1","Cloak And Dagger","After Image","Well Laid Plans"],"relics":["Ring of the Snake","Anchor","Smiling Mask","Meat on the Bone","Pandora\u0027s Box","Strawberry","Matryoshka","Turnip","Whetstone","Orichalcum","Philosopher\u0027s Stone","Ginger","Torii","Dodecahedron","Bronze Scales","Singing Bowl","Bag of Marbles"],"potions_floor_usage":[16,22,24,24,28,33,38,38,50,50,50],"damage_taken":[{"damage":1,"enemies":"Small Slimes","floor":1,"turns":4},{"damage":0,"enemies":"Cultist","floor":2,"turns":4},{"damage":0,"enemies":"2 Louse","floor":4,"turns":3},{"damage":39,"enemies":"Gremlin Nob","floor":7,"turns":6},{"damage":29,"enemies":"Lagavulin","floor":12,"turns":7},{"damage":0,"enemies":"Exordium Wildlife","floor":13,"turns":3},{"damage":3,"enemies":"Exordium Thugs","floor":14,"turns":3},{"damage":1,"enemies":"Hexaghost","floor":16,"turns":10},{"damage":2,"enemies":"3 Byrds","floor":18,"turns":2},{"damage":13,"enemies":"2 Thieves","floor":21,"turns":3},{"damage":16,"enemies":"Snecko","floor":22,"turns":4},{"damage":33,"enemies":"Gremlin Leader","floor":24,"turns":6},{"damage":0,"enemies":"3 Cultists","floor":27,"turns":2},{"damage":21,"enemies":"Slavers","floor":28,"turns":3},{"damage":11,"enemies":"Snake Plant","floor":29,"turns":4},{"damage":58,"enemies":"Automaton","floor":33,"turns":8},{"damage":6,"enemies":"3 Shapes","floor":35,"turns":3},{"damage":9,"enemies":"Orb Walker","floor":37,"turns":3},{"damage":40,"enemies":"Spire Growth","floor":38,"turns":6},{"damage":0,"enemies":"Mind Bloom Boss Battle","floor":39,"turns":6},{"damage":8,"enemies":"Nemesis","floor":41,"turns":7},{"damage":49,"enemies":"Giant Head","floor":45,"turns":7},{"damage":0,"enemies":"Sphere and 2 Shapes","floor":48,"turns":2},{"damage":51,"enemies":"Donu and Deca","floor":50,"turns":5}],"seed_played":"-5024029007734322558","potions_obtained":[{"floor":12,"key":"Swift Potion"},{"floor":13,"key":"GhostInAJar"},{"floor":14,"key":"Weak Potion"},{"floor":18,"key":"Regen Potion"},{"floor":21,"key":"FearPotion"},{"floor":22,"key":"EssenceOfSteel"},{"floor":28,"key":"AttackPotion"},{"floor":33,"key":"Strength Potion"},{"floor":37,"key":"Regen Potion"},{"floor":41,"key":"Dexterity Potion"},{"floor":48,"key":"SkillPotion"}],"is_trial":false,"path_per_floor":["M","M","?","M","?","R","E","R","T","?","R","E","M","M","R","B",null,"M","?","?","M","M","R","E","R","T","M","E","M","R","T","R","B",null,"M","$","M","M","?","R","E","$","T","$","E","?","R","M","R","B",null],"character_chosen":"THE_SILENT","items_purchased":["Footwork","Ginger","Swift Potion","Fire Potion","Cloak And Dagger","After Image"],"campfire_rested":6,"item_purchase_floors":[36,36,36,36,42,44],"current_hp_per_floor":[62,62,55,55,55,55,16,37,37,26,47,18,30,39,39,38,62,60,60,53,40,36,57,46,46,46,46,37,38,38,38,61,15,62,56,56,47,34,46,46,50,50,50,50,15,15,38,50,73,34],"gold":71,"neow_bonus":"UPGRADE_CARD","is_prod":false,"is_daily":false,"chose_seed":false,"campfire_upgraded":5,"win_rate":0,"timestamp":1564609739,"path_taken":["M","M","?","M","?","R","E","R","T","?","R","E","M","M","R","BOSS","M","?","?","M","M","R","E","R","T","?","E","M","R","?","R","BOSS","M","?","M","M","?","R","E","$","T","$","E","?","R","?","R","BOSS"],"build_version":"2019-07-17","purchased_purges":3,"victory":true,"max_hp_per_floor":[70,70,70,70,70,70,70,70,70,70,70,70,70,70,70,70,70,70,70,70,70,70,70,77,77,77,77,77,77,77,77,77,77,77,77,77,77,77,77,77,77,77,77,77,79,79,79,79,79,79],"card_choices":[{"not_picked":["Deflect","Quick Slash"],"picked":"Dagger Throw","floor":1},{"not_picked":["Distraction","Choke"],"picked":"Dodge and Roll","floor":2},{"not_picked":["Blur","Catalyst","Sucker Punch"],"picked":"SKIP","floor":4},{"not_picked":["Acrobatics","Infinite Blades"],"picked":"Corpse Explosion","floor":7},{"not_picked":["Riddle With Holes","Caltrops"],"picked":"Deadly Poison","floor":12},{"not_picked":["Blade Dance","Accuracy"],"picked":"Quick Slash","floor":13},{"not_picked":["Slice","Expertise"],"picked":"Endless Agony","floor":14},{"not_picked":["Venomology","Corpse Explosion"],"picked":"Die Die Die","floor":16},{"not_picked":["Dagger Throw","Predator","Expertise"],"picked":"SKIP","floor":18},{"not_picked":["Flying Knee","Finisher","Distraction+1"],"picked":"SKIP","floor":21},{"not_picked":["Backflip","Flying Knee"],"picked":"Noxious Fumes","floor":22},{"not_picked":["Blade Dance","Flying Knee"],"picked":"Backflip","floor":24},{"not_picked":["Tactician","Underhanded Strike+1"],"picked":"Deadly Poison+1","floor":27},{"not_picked":["Underhanded Strike","Poisoned Stab"],"picked":"Die Die Die","floor":28},{"not_picked":["Acrobatics","Underhanded Strike"],"picked":"PiercingWail","floor":29},{"not_picked":["Storm of Steel","Grand Finale"],"picked":"Burst","floor":33},{"not_picked":["Prepared","Blade Dance"],"picked":"Catalyst","floor":35},{"not_picked":["Dagger Spray+1","Terror"],"picked":"Dodge and Roll+1","floor":37},{"not_picked":["Quick Slash+1","Dash","Outmaneuver"],"picked":"SKIP","floor":38},{"not_picked":["Outmaneuver","Acrobatics"],"picked":"Sucker Punch+1","floor":41},{"not_picked":["Flying Knee","Dagger Spray","Calculated Gamble+1"],"picked":"Singing Bowl","floor":45},{"not_picked":["Dodge and Roll+1","Distraction"],"picked":"Well Laid Plans","floor":48}],"player_experience":673856,"relics_obtained":[{"floor":7,"key":"Anchor"},{"floor":9,"key":"Smiling Mask"},{"floor":12,"key":"Meat on the Bone"},{"floor":24,"key":"Strawberry"},{"floor":26,"key":"Matryoshka"},{"floor":28,"key":"Turnip"},{"floor":31,"key":"Whetstone"},{"floor":31,"key":"Orichalcum"},{"floor":39,"key":"Torii"},{"floor":41,"key":"Dodecahedron"},{"floor":43,"key":"Bronze Scales"},{"floor":43,"key":"Singing Bowl"},{"floor":45,"key":"Bag of Marbles"}],"event_choices":[{"cards_removed":["Strike_G"],"damage_healed":0,"gold_gain":0,"player_choice":"Card Removal","damage_taken":7,"max_hp_gain":0,"max_hp_loss":0,"event_name":"Golden Wing","floor":3,"gold_loss":0},{"cards_removed":["Strike_G"],"damage_healed":0,"gold_gain":0,"player_choice":"Card Removal","damage_taken":0,"max_hp_gain":0,"max_hp_loss":0,"event_name":"The Cleric","floor":5,"gold_loss":50},{"damage_healed":0,"gold_gain":75,"player_choice":"Gather Gold","damage_taken":11,"max_hp_gain":0,"max_hp_loss":0,"event_name":"World of Goop","floor":10,"gold_loss":0},{"cards_removed":["Underhanded Strike"],"damage_healed":0,"gold_gain":0,"player_choice":"Gave Gold","damage_taken":0,"max_hp_gain":0,"max_hp_loss":0,"event_name":"Beggar","floor":19,"gold_loss":75},{"damage_healed":0,"gold_gain":0,"player_choice":"","damage_taken":7,"max_hp_gain":0,"max_hp_loss":0,"event_name":"Knowing Skull","floor":20,"potions_obtained":[],"gold_loss":0,"cards_obtained":[]},{"damage_healed":0,"gold_gain":0,"player_choice":"Fight","damage_taken":0,"max_hp_gain":0,"max_hp_loss":0,"event_name":"MindBloom","floor":39,"gold_loss":0},{"cards_removed":["Endless Agony"],"damage_healed":0,"gold_gain":0,"player_choice":"Removed Attack","damage_taken":0,"max_hp_gain":0,"max_hp_loss":0,"event_name":"Falling","floor":46,"gold_loss":0}],"is_beta":false,"boss_relics":[{"not_picked":["Calling Bell","Busted Crown"],"picked":"Pandora\u0027s Box"},{"not_picked":["White Beast Statue","Velvet Choker"],"picked":"Philosopher\u0027s Stone"}],"items_purged_floors":[36,42,44],"is_endless":false,"potions_floor_spawned":[12,13,14,18,21,22,28,33,37,41,48],"ascension_level":8}