{"gold_per_floor":[116,116,129,129,129,168,168,222,272,10,29,73,96,96,96,226,226,242,262,262,361,70,70,44,78,78,78,78,78,78,114,114,233,233,246,579,597,219,239,239,239,239,239,270,270,288,288,307,307,307],"floor_reached":50,"playtime":2133,"items_purged":[],"score":773,"play_id":"d6b37dcf-0149-4f68-98e6-a7d32ffd2f3f","local_time":"20181120162149","is_ascension_mode":true,"campfire_choices":[{"data":"Rage","floor":7.0,"key":"SMITH"},{"floor":15.0,"key":"REST"},{"floor":23.0,"key":"REST"},{"floor":27.0,"key":"REST"},{"data":"Rupture","floor":30.0,"key":"SMITH"},{"data":"Double Tap","floor":32.0,"key":"SMITH"},{"floor":40.0,"key":"REST"},{"data":"Whirlwind","floor":42.0,"key":"SMITH"},{"data":"Exhume","floor":45.0,"key":"SMITH"},{"floor":49.0,"key":"REST"}],"neow_cost":"NONE","seed_source_timestamp":52778964668941,"circlet_count":0,"master_deck":["Defend_R","Defend_R+1","Defend_R","Bash+1","Rage","Warcry","Havoc","Combust","Rage+1","Impervious","Fire Breathing+1","Wild Strike","Bludgeon","Thunderclap","Shockwave","Bludgeon","Shrug It Off","Sentinel+1","Necronomicurse","Wild Strike","Iron Wave","Bite","Bite","Bite","Bite","Bite","Rupture+1","Double Tap+1","Double Tap","Heavy Blade","Whirlwind+1","Heavy Blade","Shrug It Off","Fire Breathing+1","Exhume+1","Shockwave+1","Exhume"],"special_seed":0,"relics":["Orrery","StoneCalendar","Whetstone","Vajra","Paper Frog","Gremlin Horn","Sozu","Necronomicon","Incense Burner","PreservedInsect","Blue Candle","Darkstone Periapt","Philosopher\u0027s Stone","Pen Nib","Bag of Marbles","Question Card","Pantograph"],"potions_floor_usage":[],"damage_taken":[{"damage":1.0,"enemies":"Cultist","floor":1.0,"turns":3.0},{"damage":9.0,"enemies":"Jaw Worm","floor":3.0,"turns":4.0},{"damage":30.0,"enemies":"3 Sentries","floor":6.0,"turns":6.0},{"damage":0.0,"enemies":"Small Slimes","floor":11.0,"turns":2.0},{"damage":8.0,"enemies":"Lagavulin","floor":12.0,"turns":5.0},{"damage":0.0,"enemies":"Looter","floor":13.0,"turns":2.0},{"damage":48.0,"enemies":"Hexaghost","floor":16.0,"turns":8.0},{"damage":6.0,"enemies":"Spheric Guardian","floor":18.0,"turns":3.0},{"damage":6.0,"enemies":"2 Thieves","floor":19.0,"turns":3.0},{"damage":27.0,"enemies":"Gremlin Leader","floor":25.0,"turns":4.0},{"damage":3.0,"enemies":"Book of Stabbing","floor":31.0,"turns":3.0},{"damage":46.0,"enemies":"Collector","floor":33.0,"turns":7.0},{"damage":18.0,"enemies":"3 Shapes","floor":35.0,"turns":3.0},{"damage":0.0,"enemies":"Orb Walker","floor":37.0,"turns":3.0},{"damage":16.0,"enemies":"Jaw Worm Horde","floor":39.0,"turns":3.0},{"damage":0.0,"enemies":"Reptomancer","floor":44.0,"turns":1.0},{"damage":30.0,"enemies":"Transient","floor":46.0,"turns":5.0},{"damage":14.0,"enemies":"3 Darklings","floor":48.0,"turns":3.0},{"damage":55,"enemies":"Donu and Deca","floor":50,"turns":5}],"seed_played":"2194809108701322673","potions_obtained":[{"floor":1.0,"key":"Swift Potion"},{"floor":11.0,"key":"AttackPotion"}],"is_trial":false,"path_per_floor":["M","?","M","?","?","E","R","T","T","$","M","E","M","?","R","B",null,"M","M","?","?","$","R","$","E","T","R","?","?","R","E","R","B",null,"M","?","M","$","M","R","?","R","T","E","R","M","?","M","R","B"],"character_chosen":"IRONCLAD","items_purchased":["Paper Frog","Incense Burner","Wild Strike","Pen Nib","Bag of Marbles","Heavy Blade","Shrug It Off"],"campfire_rested":5,"item_purchase_floors":[10,22,24,38,38,38,38],"current_hp_per_floor":[71,71,62,62,47,17,17,17,17,17,17,9,9,33,55,7,57,51,45,29,29,29,51,51,24,24,46,46,46,46,48,48,13,42,28,28,32,32,20,35,35,35,35,35,35,13,13,9,24,0],"gold":307,"neow_bonus":"BOSS_RELIC","is_prod":false,"is_daily":false,"chose_seed":false,"campfire_upgraded":5,"win_rate":0,"timestamp":1542759709,"path_taken":["M","?","M","?","?","E","R","?","T","$","?","E","M","?","R","BOSS","M","M","?","?","$","R","$","E","T","R","?","?","R","E","R","BOSS","M","?","M","$","M","R","?","R","T","E","R","?","?","M","R","BOSS"],"build_version":"2018-11-15","purchased_purges":0,"victory":false,"max_hp_per_floor":[80,74,74,74,74,74,74,74,74,74,74,74,74,74,74,74,74,74,74,74,74,74,74,74,74,74,74,51,51,51,51,51,51,51,51,51,51,51,51,51,51,51,51,51,51,51,51,51,51,51],"card_choices":[{"not_picked":["Heavy Blade","Thunderclap"],"picked":"Rage","floor":0.0},{"not_picked":["Armaments","Clothesline"],"picked":"Warcry","floor":0.0},{"not_picked":["Twin Strike","Sword Boomerang"],"picked":"Havoc","floor":0.0},{"not_picked":["True Grit","Cleave"],"picked":"Combust","floor":0.0},{"not_picked":["Perfected Strike","Power Through"],"picked":"Rage","floor":0.0},{"not_picked":["Blood for Blood","Havoc"],"picked":"Impervious","floor":1.0},{"not_picked":["Flex","Reckless Charge"],"picked":"Fire Breathing","floor":3.0},{"not_picked":["Warcry","Headbutt"],"picked":"Wild Strike","floor":6.0},{"not_picked":["Havoc","Shrug It Off"],"picked":"Bludgeon","floor":11.0},{"not_picked":["Hemokinesis","Pummel"],"picked":"Thunderclap","floor":12.0},{"not_picked":["Havoc","Carnage"],"picked":"Shockwave","floor":13.0},{"not_picked":["Berserk","Fiend Fire"],"picked":"Bludgeon","floor":16.0},{"not_picked":["Perfected Strike+1","Thunderclap"],"picked":"Shrug It Off","floor":18.0},{"not_picked":["Shrug It Off+1","Anger"],"picked":"Sentinel+1","floor":19.0},{"not_picked":["Headbutt","Sword Boomerang"],"picked":"Iron Wave","floor":25.0},{"not_picked":["Anger","Spot Weakness+1"],"picked":"Double Tap","floor":31.0},{"not_picked":["Impervious","Immolate"],"picked":"Double Tap","floor":33.0},{"not_picked":["Dual Wield","Armaments"],"picked":"Heavy Blade","floor":35.0},{"not_picked":["Warcry","True Grit"],"picked":"Whirlwind","floor":37.0},{"not_picked":["Armaments","Searing Blow+1"],"picked":"Fire Breathing+1","floor":39.0},{"not_picked":["Clothesline","Twin Strike+1","Havoc+1"],"picked":"Exhume","floor":44.0},{"not_picked":["Intimidate+1","Combust","True Grit+1"],"picked":"Shockwave+1","floor":46.0},{"not_picked":["Anger","Clothesline","Wild Strike"],"picked":"Exhume","floor":48.0}],"player_experience":450390,"relics_obtained":[{"floor":6.0,"key":"StoneCalendar"},{"floor":8.0,"key":"Whetstone"},{"floor":9.0,"key":"Vajra"},{"floor":12.0,"key":"Gremlin Horn"},{"floor":20.0,"key":"Necronomicon"},{"floor":25.0,"key":"PreservedInsect"},{"floor":26.0,"key":"Blue Candle"},{"floor":31.0,"key":"Darkstone Periapt"},{"floor":43.0,"key":"Question Card"},{"floor":44.0,"key":"Pantograph"}],"event_choices":[{"damage_healed":0.0,"max_hp_gain":0.0,"max_hp_loss":6.0,"gold_gain":0.0,"event_name":"Golden Idol","player_choice":"Lose Max HP","floor":2.0,"gold_loss":0.0,"damage_taken":0.0,"relics_obtained":["Golden Idol"]},{"damage_healed":0.0,"max_hp_gain":0.0,"max_hp_loss":0.0,"gold_gain":0.0,"event_name":"Living Wall","player_choice":"Grow","floor":4.0,"gold_loss":0.0,"damage_taken":0.0,"cards_upgraded":["Fire Breathing"]},{"damage_healed":0.0,"max_hp_gain":0.0,"max_hp_loss":0.0,"gold_gain":0.0,"event_name":"Shining Light","player_choice":"Entered Light","floor":5.0,"gold_loss":0.0,"damage_taken":15.0,"cards_upgraded":["Strike_R","Defend_R"]},{"damage_healed":24.0,"max_hp_gain":0.0,"max_hp_loss":0.0,"gold_gain":0.0,"event_name":"Big Fish","player_choice":"Banana","floor":14.0,"gold_loss":0.0,"damage_taken":0.0},{"damage_healed":0.0,"max_hp_gain":0.0,"max_hp_loss":0.0,"gold_gain":0.0,"event_name":"Cursed Tome","player_choice":"Obtained Book","floor":20.0,"gold_loss":0.0,"damage_taken":16.0},{"damage_healed":0.0,"max_hp_gain":0.0,"max_hp_loss":0.0,"gold_gain":99.0,"event_name":"Nest","player_choice":"Stole From Cult","floor":21.0,"gold_loss":0.0,"damage_taken":0.0},{"damage_healed":0.0,"max_hp_gain":0.0,"max_hp_loss":23.0,"gold_gain":0.0,"event_name":"Vampires","player_choice":"Became a vampire","floor":28.0,"gold_loss":0.0,"damage_taken":0.0,"cards_obtained":["Bite","Bite","Bite","Bite","Bite"]},{"damage_healed":0.0,"max_hp_gain":0.0,"max_hp_loss":0.0,"gold_gain":0.0,"event_name":"The Library","player_choice":"Read","floor":29.0,"gold_loss":0.0,"damage_taken":0.0,"cards_obtained":["Rupture"]},{"damage_healed":0.0,"max_hp_gain":0.0,"max_hp_loss":0.0,"gold_gain":333.0,"event_name":"The Moai Head","player_choice":"Gave Idol","floor":36.0,"relics_lost":["Golden Idol"],"gold_loss":0.0,"damage_taken":0.0},{"cards_removed":["Defend_R"],"damage_healed":0.0,"max_hp_gain":0.0,"max_hp_loss":0.0,"gold_gain":0.0,"event_name":"Wheel of Change","player_choice":"Card Removal","floor":41.0,"gold_loss":0.0,"damage_taken":0.0},{"damage_healed":0.0,"max_hp_gain":0.0,"max_hp_loss":0.0,"gold_gain":0.0,"event_name":"SecretPortal","player_choice":"Ignored","floor":47.0,"gold_loss":0.0,"damage_taken":0.0}],"is_beta":false,"boss_relics":[{"not_picked":["Eternal Feather","White Beast Statue"],"picked":"Sozu"},{"not_picked":["Velvet Choker","Runic Dome"],"picked":"Philosopher\u0027s Stone"}],"items_purged_floors":[],"is_endless":false,"potions_floor_spawned":[1,11,19,33,44,46,48],"killed_by":"Donu and Deca","ascension_level":6}