{"gold_per_floor":[116,35,54,229,245,245,273,273,273,289,289,299,299,311,311,412,412,412,412,412,412,138,138,138,138,138,138],"floor_reached":27,"playtime":1048,"items_purged":["Strike_R"],"score":295,"play_id":"ef17e538-a031-4dc9-a952-996a930978c0","local_time":"20190623185041","is_ascension_mode":true,"campfire_choices":[{"data":"Feed","floor":6,"key":"SMITH"},{"data":"Searing Blow","floor":11,"key":"SMITH"},{"data":"Searing Blow+1","floor":13,"key":"SMITH"},{"data":"Searing Blow+2","floor":15,"key":"SMITH"},{"data":"Bash","floor":23,"key":"SMITH"},{"floor":25,"key":"REST"}],"neow_cost":"NONE","seed_source_timestamp":38780329085037,"circlet_count":0,"master_deck":["Strike_R","Strike_R","Strike_R","Strike_R","Defend_R","Defend_R","Defend_R","Defend_R","Bash+1","Feed+1","Battle Trance","Flame Barrier","Sword Boomerang","Shrug It Off","Searing Blow+3","Shrug It Off","Headbutt","Armaments+1","True Grit+1"],"relics":["Burning Blood","Sundial","Art of War","Ectoplasm","CultistMask","Toolbox","Unceasing Top","MawBank"],"potions_floor_usage":[7,7],"damage_taken":[{"damage":9,"enemies":"2 Louse","floor":1,"turns":3},{"damage":5,"enemies":"Small Slimes","floor":3,"turns":3},{"damage":6,"enemies":"Cultist","floor":5,"turns":3},{"damage":25,"enemies":"Lagavulin","floor":7,"turns":8},{"damage":12,"enemies":"Exordium Wildlife","floor":10,"turns":5},{"damage":7,"enemies":"3 Louse","floor":12,"turns":3},{"damage":5,"enemies":"Red Slaver","floor":14,"turns":5},{"damage":65,"enemies":"The Guardian","floor":16,"turns":15},{"damage":19,"enemies":"Shell Parasite","floor":18,"turns":8},{"damage":0,"enemies":"3 Byrds","floor":19,"turns":3},{"damage":24,"enemies":"3 Cultists","floor":21,"turns":7},{"damage":92,"enemies":"Slavers","floor":24,"turns":9},{"damage":44,"enemies":"Gremlin Leader","floor":27,"turns":4}],"seed_played":"2094107426369322928","potions_obtained":[{"floor":1,"key":"Poison Potion"},{"floor":5,"key":"Fire Potion"},{"floor":10,"key":"FearPotion"},{"floor":12,"key":"Ancient Potion"},{"floor":14,"key":"Ancient Potion"}],"is_trial":false,"path_per_floor":["M","$","M","?","M","R","E","?","T","M","R","M","R","M","R","B",null,"M","M","?","M","$","R","E","R","T","E"],"character_chosen":"IRONCLAD","items_purchased":["Flame Barrier","Toolbox"],"campfire_rested":1,"item_purchase_floors":[2,22],"current_hp_per_floor":[80,80,84,84,84,84,69,69,69,67,67,70,70,75,75,20,106,97,107,107,93,93,93,7,42,42,0],"gold":138,"neow_bonus":"ONE_RANDOM_RARE_CARD","is_prod":false,"is_daily":false,"chose_seed":false,"campfire_upgraded":5,"win_rate":0,"timestamp":1561305041,"path_taken":["M","$","M","?","M","R","E","?","T","M","R","M","R","M","R","BOSS","M","M","?","M","$","R","E","R","T","E"],"build_version":"2019-01-23","purchased_purges":1,"victory":false,"max_hp_per_floor":[83,83,86,86,86,86,90,90,90,94,94,98,98,102,102,106,106,110,114,114,118,118,118,118,118,118,118],"card_choices":[{"not_picked":["Wild Strike","Infernal Blade"],"picked":"Battle Trance","floor":1},{"not_picked":["Pummel","Corruption"],"picked":"Sword Boomerang","floor":3},{"not_picked":["Anger","Sever Soul"],"picked":"Shrug It Off","floor":5},{"not_picked":["Corruption","Perfected Strike","Thunderclap"],"picked":"SKIP","floor":7},{"not_picked":["Perfected Strike","Heavy Blade"],"picked":"Searing Blow","floor":10},{"not_picked":["Double Tap","Sword Boomerang"],"picked":"Shrug It Off","floor":12},{"not_picked":["Iron Wave","Carnage"],"picked":"Headbutt","floor":14},{"not_picked":["Cleave","Clash+1"],"picked":"Armaments+1","floor":18},{"not_picked":["Wild Strike+1","Twin Strike"],"picked":"True Grit+1","floor":19},{"not_picked":["Havoc","Flex","Shrug It Off"],"picked":"SKIP","floor":21},{"not_picked":["Pommel Strike+1","Blood for Blood+1","Cleave"],"picked":"SKIP","floor":24}],"player_experience":1002093,"relics_obtained":[{"floor":7,"key":"Sundial"},{"floor":9,"key":"Art of War"},{"floor":24,"key":"Unceasing Top"},{"floor":26,"key":"MawBank"}],"event_choices":[{"damage_healed":0,"gold_gain":175,"player_choice":"AGREE","damage_taken":0,"max_hp_gain":0,"max_hp_loss":0,"event_name":"Liars Game","floor":4,"gold_loss":0,"cards_obtained":["Doubt"]},{"cards_removed":["Doubt"],"damage_healed":0,"gold_gain":0,"player_choice":"Forget","damage_taken":0,"max_hp_gain":0,"max_hp_loss":0,"event_name":"Living Wall","floor":8,"gold_loss":0},{"damage_healed":0,"gold_gain":0,"player_choice":"Trade","damage_taken":0,"relics_obtained":["CultistMask"],"max_hp_gain":0,"max_hp_loss":0,"event_name":"FaceTrader","floor":20,"gold_loss":0}],"is_beta":false,"boss_relics":[{"not_picked":["Coffee Dripper","Busted Crown"],"picked":"Ectoplasm"}],"items_purged_floors":[22],"is_endless":false,"potions_floor_spawned":[1,5,10,12,14],"killed_by":"Gremlin Leader","ascension_level":1}