{"gold_per_floor":[113,113,113,62,237,271,11,11,89,89,164,190,190,140,140,239,239,252,252,72,72,72,101,1,1,1,11,11,29,57,76,76,180,180,194,245,195,195,210,210,245,245,292,308,308],"floor_reached":45,"playtime":1893,"items_purged":["Strike_R","Defend_R"],"score":555,"play_id":"984530b2-b521-49fa-94a4-c48641d16dbc","local_time":"20190330024450","is_ascension_mode":true,"campfire_choices":[{"data":"Metallicize","floor":8.0,"key":"SMITH"},{"data":"Bash","floor":10.0,"key":"SMITH"},{"data":"Metallicize","floor":15.0,"key":"SMITH"},{"data":"Metallicize","floor":28.0,"key":"SMITH"},{"data":"Flame Barrier","floor":32.0,"key":"SMITH"},{"data":"Juggernaut","floor":40.0,"key":"SMITH"}],"neow_cost":"NONE","seed_source_timestamp":49310007898483,"circlet_count":0,"master_deck":["Bash+1","Thunderclap+1","Shrug It Off","Metallicize+1","Metallicize+1","Double Tap","Metallicize+1","Twin Strike+1","Warcry+1","Flame Barrier+1","Flame Barrier","Spot Weakness","Metallicize+1","Flame Barrier+1","Disarm+1","Juggernaut+1","Sword Boomerang"],"special_seed":0,"relics":["Burning Blood","Centennial Puzzle","Bag of Preparation","Meat on the Bone","Juzu Bracelet","Astrolabe","Bronze Scales","Happy Flower","Singing Bowl","Potion Belt","Empty Cage","Shovel","Omamori","Strawberry"],"potions_floor_usage":[45],"damage_taken":[{"damage":6.0,"enemies":"Cultist","floor":1.0,"turns":4.0},{"damage":28.0,"enemies":"Gremlin Nob","floor":6.0,"turns":4.0},{"damage":23.0,"enemies":"Lagavulin","floor":12.0,"turns":10.0},{"damage":49.0,"enemies":"Hexaghost","floor":16.0,"turns":14.0},{"damage":11.0,"enemies":"3 Byrds","floor":18.0,"turns":7.0},{"damage":42.0,"enemies":"Slavers","floor":23.0,"turns":8.0},{"damage":12.0,"enemies":"2 Thieves","floor":27.0,"turns":5.0},{"damage":0.0,"enemies":"Cultist and Chosen","floor":29.0,"turns":6.0},{"damage":10.0,"enemies":"Gremlin Leader","floor":30.0,"turns":6.0},{"damage":0.0,"enemies":"Chosen and Byrds","floor":31.0,"turns":5.0},{"damage":20.0,"enemies":"Collector","floor":33.0,"turns":12.0},{"damage":17.0,"enemies":"3 Shapes","floor":35.0,"turns":9.0},{"damage":17.0,"enemies":"3 Darklings","floor":39.0,"turns":7.0},{"damage":54.0,"enemies":"Reptomancer","floor":41.0,"turns":6.0},{"damage":4.0,"enemies":"Sphere and 2 Shapes","floor":44.0,"turns":7.0},{"damage":57,"enemies":"Nemesis","floor":45,"turns":11}],"seed_played":"-3996485518283197442","potions_obtained":[{"floor":0.0,"key":"Fire Potion"},{"floor":0.0,"key":"SkillPotion"},{"floor":0.0,"key":"SteroidPotion"},{"floor":6.0,"key":"SpeedPotion"},{"floor":16.0,"key":"EssenceOfSteel"},{"floor":30.0,"key":"SpeedPotion"},{"floor":31.0,"key":"Weak Potion"},{"floor":39.0,"key":"AttackPotion"}],"is_trial":false,"path_per_floor":["M","?","?","$","?","E","$","R","T","R","?","E","?","?","R","B",null,"M","?","$","?","?","E","$","?","T","M","R","M","E","M","R","B",null,"M","T","$","?","M","R","E","?","T","M","E"],"character_chosen":"IRONCLAD","items_purchased":["Shrug It Off","Metallicize","Bag of Preparation","Bronze Scales","Flame Barrier","Sword Boomerang"],"campfire_rested":0,"item_purchase_floors":[4,7,7,20,20,37],"current_hp_per_floor":[80,80,64,64,64,42,42,42,42,42,31,26,80,80,80,49,80,75,75,75,75,75,51,51,51,51,59,59,65,63,69,69,55,84,75,75,75,77,68,68,34,34,41,57,0],"gold":308,"neow_bonus":"THREE_SMALL_POTIONS","is_prod":false,"is_daily":false,"chose_seed":false,"campfire_upgraded":6,"win_rate":0,"timestamp":1553903090,"path_taken":["M","?","?","$","?","E","?","R","T","R","?","E","?","?","R","BOSS","M","?","$","?","?","E","$","?","T","M","R","M","E","M","R","BOSS","M","?","$","?","M","R","E","?","T","M","E"],"build_version":"2019-01-23","purchased_purges":2,"victory":false,"max_hp_per_floor":[80,80,80,80,80,80,80,80,80,80,80,80,80,80,80,80,80,80,80,80,80,80,80,80,80,80,82,82,82,84,84,84,84,84,86,86,86,88,90,90,92,92,99,101,101],"card_choices":[{"not_picked":["Clash","Armaments"],"picked":"Thunderclap","floor":1.0},{"not_picked":["Fiend Fire","Searing Blow","Combust"],"picked":"SKIP","floor":6.0},{"not_picked":["Corruption","Entrench"],"picked":"Metallicize","floor":12.0},{"not_picked":["Exhume","Fiend Fire"],"picked":"Double Tap","floor":16.0},{"not_picked":["Havoc","Wild Strike"],"picked":"Flame Barrier","floor":18.0},{"not_picked":["Feed","Whirlwind+1"],"picked":"Metallicize","floor":23.0},{"not_picked":["Flex","Sword Boomerang+1","Cleave"],"picked":"Singing Bowl","floor":27.0},{"not_picked":["Clash","Hemokinesis"],"picked":"Flame Barrier+1","floor":29.0},{"not_picked":["Reckless Charge","Uppercut","Heavy Blade"],"picked":"Singing Bowl","floor":30.0},{"not_picked":["Searing Blow","True Grit"],"picked":"Disarm+1","floor":31.0},{"not_picked":["Double Tap","Feed"],"picked":"Juggernaut","floor":33.0},{"not_picked":["Pommel Strike","Ghostly Armor","Headbutt"],"picked":"Singing Bowl","floor":35.0},{"not_picked":["Good Instincts","Swift Strike","Panache"],"picked":"Singing Bowl","floor":38.0},{"not_picked":["Corruption+1","Spot Weakness","Wild Strike+1"],"picked":"Singing Bowl","floor":39.0},{"not_picked":["Clothesline+1","True Grit","Body Slam"],"picked":"Singing Bowl","floor":41.0},{"not_picked":["Clash","Twin Strike+1","Carnage"],"picked":"Singing Bowl","floor":44.0}],"player_experience":828316,"relics_obtained":[{"floor":6.0,"key":"Centennial Puzzle"},{"floor":9.0,"key":"Meat on the Bone"},{"floor":12.0,"key":"Juzu Bracelet"},{"floor":23.0,"key":"Happy Flower"},{"floor":26.0,"key":"Singing Bowl"},{"floor":30.0,"key":"Potion Belt"},{"floor":41.0,"key":"Shovel"},{"floor":42.0,"key":"Omamori"},{"floor":43.0,"key":"Strawberry"}],"event_choices":[{"damage_healed":0.0,"max_hp_gain":0.0,"max_hp_loss":0.0,"gold_gain":0.0,"event_name":"Living Wall","player_choice":"Grow","floor":2.0,"gold_loss":0.0,"damage_taken":0.0,"cards_upgraded":["Thunderclap"]},{"damage_healed":0.0,"max_hp_gain":0.0,"max_hp_loss":0.0,"gold_gain":0.0,"event_name":"Shining Light","player_choice":"Entered Light","floor":3.0,"gold_loss":0.0,"damage_taken":16.0,"cards_upgraded":["Defend_R","Strike_R"]},{"damage_healed":0.0,"max_hp_gain":0.0,"max_hp_loss":0.0,"gold_gain":175.0,"event_name":"Liars Game","player_choice":"AGREE","floor":5.0,"gold_loss":0.0,"damage_taken":0.0,"cards_obtained":["Doubt"]},{"damage_healed":0.0,"max_hp_gain":0.0,"max_hp_loss":0.0,"gold_gain":75.0,"event_name":"World of Goop","player_choice":"Gather Gold","floor":11.0,"gold_loss":0.0,"damage_taken":11.0},{"damage_healed":54.0,"max_hp_gain":0.0,"max_hp_loss":0.0,"gold_gain":0.0,"event_name":"Wheel of Change","player_choice":"Full Heal","floor":13.0,"gold_loss":0.0,"damage_taken":0.0},{"cards_removed":["Doubt"],"damage_healed":0.0,"max_hp_gain":0.0,"max_hp_loss":0.0,"gold_gain":0.0,"event_name":"The Cleric","player_choice":"Card Removal","floor":14.0,"gold_loss":50.0,"damage_taken":0.0},{"cards_removed":["Defend_R"],"damage_healed":0.0,"max_hp_gain":0.0,"max_hp_loss":0.0,"gold_gain":0.0,"event_name":"Back to Basics","player_choice":"Elegance","floor":19.0,"gold_loss":0.0,"damage_taken":0.0},{"damage_healed":0.0,"max_hp_gain":0.0,"max_hp_loss":0.0,"gold_gain":0.0,"event_name":"The Library","player_choice":"Read","floor":22.0,"gold_loss":0.0,"damage_taken":0.0,"cards_obtained":["Spot Weakness"]},{"cards_removed":["Defend_R"],"damage_healed":0.0,"max_hp_gain":0.0,"max_hp_loss":0.0,"gold_gain":0.0,"event_name":"Purifier","player_choice":"Purged","floor":25.0,"gold_loss":0.0,"damage_taken":0.0},{"damage_healed":0.0,"max_hp_gain":0.0,"max_hp_loss":0.0,"gold_gain":0.0,"event_name":"SensoryStone","player_choice":"Memory 1","floor":38.0,"gold_loss":0.0,"damage_taken":0.0},{"damage_healed":0.0,"max_hp_gain":0.0,"max_hp_loss":0.0,"gold_gain":0.0,"event_name":"Wheel of Change","player_choice":"Relic","floor":42.0,"gold_loss":0.0,"damage_taken":0.0}],"is_beta":false,"boss_relics":[{"not_picked":["Lizard Tail","Calling Bell"],"picked":"Astrolabe"},{"not_picked":["Runic Pyramid","White Beast Statue"],"picked":"Empty Cage"}],"items_purged_floors":[7,24],"is_endless":false,"potions_floor_spawned":[6,12,16,18,30,31,39],"killed_by":"Nemesis","ascension_level":1}