{"gold_per_floor":[11,23,38,38,58,58,84,84,165,165,181,81,97,97,97,193,193,211,59,59,78,78,78],"floor_reached":23,"playtime":1574,"items_purged":["Strike_R","Strike_R"],"score":201,"play_id":"12d9db71-e7b4-42e8-9fc3-e27930839862","local_time":"20190711230930","is_ascension_mode":true,"campfire_choices":[{"data":"1","floor":6,"key":"LIFT"},{"data":"2","floor":8,"key":"LIFT"},{"data":"Bash","floor":10,"key":"SMITH"},{"floor":15,"key":"REST"}],"neow_cost":"NO_GOLD","seed_source_timestamp":24808508714360,"circlet_count":0,"master_deck":["Strike_R","Strike_R","Defend_R","Defend_R+1","Defend_R","Defend_R+1","Bash+1","Clothesline","Havoc","Offering","Anger","Sword Boomerang","Reckless Charge","Impervious","Sentinel","True Grit","Twin Strike+1"],"relics":["Burning Blood","Girya","Charon\u0027s Ashes","Kunai","Snecko Eye"],"potions_floor_usage":[18,21],"damage_taken":[{"damage":6,"enemies":"2 Louse","floor":1,"turns":3},{"damage":5,"enemies":"Small Slimes","floor":2,"turns":3},{"damage":4,"enemies":"Cultist","floor":3,"turns":3},{"damage":10,"enemies":"Blue Slaver","floor":5,"turns":3},{"damage":32,"enemies":"3 Sentries","floor":7,"turns":7},{"damage":1,"enemies":"2 Fungi Beasts","floor":11,"turns":3},{"damage":9,"enemies":"Red Slaver","floor":13,"turns":3},{"damage":42,"enemies":"The Guardian","floor":16,"turns":11},{"damage":8,"enemies":"Shell Parasite","floor":18,"turns":4},{"damage":6,"enemies":"Spheric Guardian","floor":21,"turns":3},{"damage":88,"enemies":"Book of Stabbing","floor":23,"turns":8}],"seed_played":"-6225488337001088658","potions_obtained":[{"floor":5,"key":"SmokeBomb"},{"floor":11,"key":"Explosive Potion"},{"floor":13,"key":"LiquidBronze"},{"floor":21,"key":"Ancient Potion"}],"is_trial":false,"path_per_floor":["M","M","M","?","M","R","E","R","T","R","M","$","M","?","R","B",null,"M","$","?","M","$","E"],"character_chosen":"IRONCLAD","items_purchased":["Sword Boomerang","True Grit"],"campfire_rested":1,"item_purchase_floors":[12,19],"current_hp_per_floor":[80,80,80,85,81,81,55,55,55,55,60,60,57,40,65,29,85,83,83,83,83,83,0],"gold":78,"neow_bonus":"ONE_RARE_RELIC","is_prod":false,"is_daily":false,"chose_seed":false,"campfire_upgraded":1,"win_rate":0,"timestamp":1562879370,"path_taken":["M","M","M","?","M","R","E","R","T","R","M","$","M","?","R","BOSS","M","$","?","M","$","E"],"build_version":"2019-07-05","purchased_purges":2,"victory":false,"max_hp_per_floor":[80,80,80,85,85,85,85,85,85,85,85,85,85,85,85,85,85,85,85,85,85,85,85],"card_choices":[{"not_picked":["Sword Boomerang","Twin Strike"],"picked":"Clothesline","floor":1},{"not_picked":["Headbutt","Warcry"],"picked":"Havoc","floor":2},{"not_picked":["Shrug It Off","Warcry"],"picked":"Offering","floor":3},{"not_picked":["Burning Pact","Perfected Strike"],"picked":"Anger","floor":5},{"not_picked":["Anger","Hemokinesis","Sever Soul"],"picked":"SKIP","floor":7},{"not_picked":["Seeing Red","Pommel Strike","Burning Pact"],"picked":"SKIP","floor":11},{"not_picked":["Combust","Flex"],"picked":"Reckless Charge","floor":13},{"not_picked":["Immolate","Offering"],"picked":"Impervious","floor":16},{"not_picked":["Corruption+1","Thunderclap"],"picked":"Sentinel","floor":18},{"not_picked":["Sword Boomerang","Perfected Strike+1"],"picked":"Twin Strike+1","floor":21}],"player_experience":421447,"relics_obtained":[{"floor":7,"key":"Charon\u0027s Ashes"},{"floor":9,"key":"Kunai"}],"event_choices":[{"damage_healed":0,"gold_gain":0,"player_choice":"Donut","damage_taken":0,"max_hp_gain":5,"max_hp_loss":0,"event_name":"Big Fish","floor":4,"gold_loss":0},{"damage_healed":0,"gold_gain":0,"player_choice":"Entered Light","damage_taken":17,"max_hp_gain":0,"max_hp_loss":0,"event_name":"Shining Light","floor":14,"gold_loss":0,"cards_upgraded":["Defend_R","Defend_R"]},{"cards_removed":["Strike_R"],"damage_healed":0,"gold_gain":0,"player_choice":"Elegance","damage_taken":0,"max_hp_gain":0,"max_hp_loss":0,"event_name":"Back to Basics","floor":20,"gold_loss":0}],"is_beta":false,"boss_relics":[{"not_picked":["Eternal Feather","Calling Bell"],"picked":"Snecko Eye"}],"items_purged_floors":[12,19],"is_endless":false,"potions_floor_spawned":[5,11,13,21],"killed_by":"Book of Stabbing","ascension_level":1}