{"gold_per_floor":[112,37,55,68,68,68,140,140,140,140,169,169,204,220,220,294,294,249,267,217,234,234],"floor_reached":22,"playtime":659,"items_purged":["Pain"],"score":378,"play_id":"4dfadf4d-1f71-450e-9939-389369f0739f","local_time":"20181129015411","is_ascension_mode":true,"campfire_choices":[{"data":"Pommel Strike","floor":6.0,"key":"SMITH"},{"data":"Bash","floor":10.0,"key":"SMITH"},{"data":"Impervious","floor":12.0,"key":"SMITH"},{"floor":15.0,"key":"REST"}],"neow_cost":"NONE","seed_source_timestamp":51750282968408,"circlet_count":0,"master_deck":["AscendersBane","Strike_R","Strike_R","Strike_R","Defend_R","Defend_R","Defend_R","Defend_R","Bash+1","Pommel Strike+1","Inflame+1","Spot Weakness","Impervious+1","Flex","Barricade+1","Clumsy","Clumsy","Pummel+1","Flame Barrier"],"special_seed":0,"relics":["Burning Blood","NeowsBlessing","Frozen Egg 2","Gremlin Horn","Darkstone Periapt","Mummified Hand","Calling Bell","Smiling Mask","Self Forming Clay","Incense Burner"],"potions_floor_usage":[22],"damage_taken":[{"damage":0.0,"enemies":"2 Louse","floor":1.0,"turns":1.0},{"damage":0.0,"enemies":"Jaw Worm","floor":3.0,"turns":1.0},{"damage":0.0,"enemies":"Cultist","floor":4.0,"turns":1.0},{"damage":30.0,"enemies":"Lagavulin","floor":11.0,"turns":5.0},{"damage":30.0,"enemies":"3 Sentries","floor":13.0,"turns":8.0},{"damage":12.0,"enemies":"Exordium Wildlife","floor":14.0,"turns":3.0},{"damage":33.0,"enemies":"The Guardian","floor":16.0,"turns":9.0},{"damage":31,"enemies":"2 Thieves","floor":18,"turns":5},{"damage":20,"enemies":"Shell Parasite","floor":19,"turns":4},{"damage":28,"enemies":"Sentry and Sphere","floor":21,"turns":6},{"damage":19,"enemies":"Snake Plant","floor":22,"turns":1}],"seed_played":"-9146589128442786591","potions_obtained":[{"floor":3.0,"key":"Dexterity Potion"},{"floor":4.0,"key":"AttackPotion"},{"floor":19,"key":"AttackPotion"}],"is_trial":false,"path_per_floor":["M","?","M","M","?","R","T","?","T","R","E","R","E","M","R","B",null,"M","M","$","M","M"],"character_chosen":"IRONCLAD","items_purchased":[],"campfire_rested":1,"item_purchase_floors":[],"current_hp_per_floor":[74,74,75,75,68,68,68,68,68,68,44,44,20,14,36,9,77,52,38,38,16,0],"gold":234,"neow_bonus":"THREE_ENEMY_KILL","is_prod":false,"is_daily":false,"chose_seed":false,"campfire_upgraded":3,"win_rate":0,"timestamp":1543445651,"path_taken":["M","?","M","M","?","R","?","?","T","R","E","R","E","M","R","BOSS","M","?","$","M","M"],"build_version":"2018-11-15","purchased_purges":1,"victory":false,"max_hp_per_floor":[75,75,75,75,75,75,75,75,75,75,75,75,75,75,75,75,93,93,93,93,93,93],"card_choices":[{"not_picked":["Headbutt","True Grit"],"picked":"Pommel Strike","floor":1.0},{"not_picked":["Pommel Strike","Infernal Blade"],"picked":"Inflame","floor":3.0},{"not_picked":["Searing Blow","Shrug It Off"],"picked":"Spot Weakness","floor":4.0},{"not_picked":["Twin Strike","Flame Barrier"],"picked":"Impervious","floor":11.0},{"not_picked":["Berserk+1","Rage"],"picked":"Flex","floor":13.0},{"not_picked":["Headbutt","Pommel Strike","Spot Weakness"],"picked":"SKIP","floor":14.0},{"not_picked":["Offering","Double Tap"],"picked":"Barricade+1","floor":16.0},{"not_picked":["Cleave","Havoc+1","Seeing Red"],"picked":"SKIP","floor":18},{"not_picked":["Metallicize+1","Headbutt"],"picked":"Pummel+1","floor":19},{"not_picked":["Flex","Fire Breathing+1"],"picked":"Flame Barrier","floor":21}],"player_experience":547636,"relics_obtained":[{"floor":7.0,"key":"Frozen Egg 2"},{"floor":9.0,"key":"Gremlin Horn"},{"floor":11.0,"key":"Darkstone Periapt"},{"floor":13.0,"key":"Mummified Hand"},{"floor":17,"key":"Smiling Mask"},{"floor":17,"key":"Self Forming Clay"},{"floor":17,"key":"Incense Burner"}],"event_choices":[{"cards_removed":["Strike_R"],"damage_healed":0.0,"max_hp_gain":0.0,"max_hp_loss":0.0,"gold_gain":0.0,"event_name":"The Cleric","player_choice":"Card Removal","floor":2.0,"gold_loss":75.0,"damage_taken":0.0},{"cards_removed":["Strike_R"],"damage_healed":0.0,"max_hp_gain":0.0,"max_hp_loss":0.0,"gold_gain":0.0,"event_name":"Golden Wing","player_choice":"Card Removal","floor":5.0,"gold_loss":0.0,"damage_taken":7.0},{"damage_healed":0.0,"max_hp_gain":0.0,"max_hp_loss":0.0,"gold_gain":0.0,"event_name":"Accursed Blacksmith","player_choice":"Forge","floor":8.0,"gold_loss":0.0,"damage_taken":0.0,"cards_upgraded":["Inflame"]}],"is_beta":false,"boss_relics":[{"not_picked":["Pandora\u0027s Box","Runic Cube"],"picked":"Calling Bell"}],"items_purged_floors":[20],"is_endless":false,"potions_floor_spawned":[3,4,19],"killed_by":"Snake Plant","ascension_level":19}