{"gold_per_floor":[114,114,131,131,157,157,190,190,190,203,219,237,237,247,247,349,349,359,377,22,122,37,37,63,63,88,34,60,60,92,119,119,220,220,231,280,160,174,174,174,205,205,205,105,105,133,145,163,163,163],"floor_reached":51,"playtime":1945,"items_purged":["Strike_B","Strike_B"],"score":1232,"play_id":"82b65acf-4811-4247-ae9d-d6bce3f919d8","local_time":"20181226190928","is_ascension_mode":true,"campfire_choices":[{"floor":6.0,"key":"REST"},{"data":"Zap","floor":8.0,"key":"SMITH"},{"data":"Creative AI","floor":13.0,"key":"SMITH"},{"data":"Defragment","floor":15.0,"key":"SMITH"},{"floor":23.0,"key":"REST"},{"floor":25.0,"key":"REST"},{"floor":29.0,"key":"REST"},{"floor":32.0,"key":"REST"},{"floor":40.0,"key":"REST"},{"floor":42.0,"key":"REST"},{"floor":45.0,"key":"REST"},{"floor":49,"key":"REST"}],"neow_cost":"NONE","seed_source_timestamp":0,"circlet_count":0,"master_deck":["Strike_B+1","Strike_B","Defend_B+1","Defend_B","Defend_B+1","Defend_B","Zap+1","Dualcast+1","Go for the Eyes","Hologram","Chill","Ball Lightning","Creative AI+1","Defragment+1","Electrodynamics","Compile Driver+1","Leap","Leap","Capacitor+1","Sweeping Beam","Conserve Battery","Cold Snap","Ball Lightning+1","Thunder Strike","Coolheaded+1","Leap+1","Hologram","Steam+1","BootSequence","Coolheaded+1"],"special_seed":0,"relics":["Lizard Tail","Mercury Hourglass","War Paint","Blood Vial","PreservedInsect","Nuclear Battery","Frozen Egg 2","Torii","Sundial","Singing Bowl","Boot","Ancient Tea Set","Cables","Darkstone Periapt","Red Mask","Sozu","Calipers","Letter Opener","Blue Candle","Oddly Smooth Stone"],"potions_floor_usage":[50],"damage_taken":[{"damage":5.0,"enemies":"Small Slimes","floor":1.0,"turns":3.0},{"damage":0.0,"enemies":"2 Louse","floor":3.0,"turns":2.0},{"damage":24.0,"enemies":"Lagavulin","floor":7.0,"turns":7.0},{"damage":0.0,"enemies":"Jaw Worm","floor":10.0,"turns":3.0},{"damage":3.0,"enemies":"Exordium Wildlife","floor":11.0,"turns":5.0},{"damage":0.0,"enemies":"3 Louse","floor":12.0,"turns":2.0},{"damage":0.0,"enemies":"Large Slime","floor":14.0,"turns":4.0},{"damage":12.0,"enemies":"Hexaghost","floor":16.0,"turns":10.0},{"damage":27.0,"enemies":"Shell Parasite","floor":18.0,"turns":5.0},{"damage":0.0,"enemies":"3 Byrds","floor":19.0,"turns":2.0},{"damage":6.0,"enemies":"Colosseum Slavers","floor":21.0,"turns":4.0},{"damage":28.0,"enemies":"Colosseum Nobs","floor":21.0,"turns":3.0},{"damage":26.0,"enemies":"Book of Stabbing","floor":24.0,"turns":5.0},{"damage":25.0,"enemies":"Slavers","floor":28.0,"turns":2.0},{"damage":9.0,"enemies":"Book of Stabbing","floor":30.0,"turns":5.0},{"damage":12.0,"enemies":"Masked Bandits","floor":31.0,"turns":3.0},{"damage":32.0,"enemies":"Automaton","floor":33.0,"turns":10.0},{"damage":1.0,"enemies":"3 Shapes","floor":35.0,"turns":3.0},{"damage":29.0,"enemies":"2 Orb Walkers","floor":36.0,"turns":3.0},{"damage":1.0,"enemies":"Orb Walker","floor":38.0,"turns":4.0},{"damage":62.0,"enemies":"Giant Head","floor":41.0,"turns":8.0},{"damage":6.0,"enemies":"Nemesis","floor":46.0,"turns":5.0},{"damage":1.0,"enemies":"Maw","floor":47.0,"turns":7.0},{"damage":21,"enemies":"4 Shapes","floor":48,"turns":4},{"damage":36,"enemies":"Time Eater","floor":50,"turns":16}],"seed_played":"-6749191776868696886","potions_obtained":[{"floor":7.0,"key":"Energy Potion"},{"floor":10.0,"key":"Regen Potion"},{"floor":14.0,"key":"Weak Potion"},{"floor":24.0,"key":"FocusPotion"},{"floor":28.0,"key":"Dexterity Potion"},{"floor":33.0,"key":"Swift Potion"}],"is_trial":false,"path_per_floor":["M","?","M","?","T","R","E","R","T","M","M","M","R","M","R","B",null,"M","M","$","?","?","R","E","R","T","$","E","R","E","?","R","B",null,"M","M","?","$","M","?","R","E","R","T","$","R","E","M","M","R","B",null],"character_chosen":"DEFECT","items_purchased":["Frozen Egg 2","Leap","Capacitor+1","Cold Snap","Hologram"],"campfire_rested":9,"item_purchase_floors":[20,20,20,27,37],"current_hp_per_floor":[63,51,51,36,36,58,34,34,34,36,35,37,37,39,39,29,64,39,41,41,20,20,42,18,40,40,40,17,39,34,26,49,19,64,65,38,38,39,39,62,2,25,25,25,48,46,49,30,54,20],"gold":163,"neow_bonus":"BOSS_RELIC","is_prod":false,"is_daily":false,"chose_seed":false,"campfire_upgraded":3,"win_rate":0,"timestamp":1545840568,"path_taken":["M","?","M","?","?","R","E","R","T","M","M","M","R","M","R","BOSS","M","M","$","?","?","R","E","R","T","$","E","R","E","?","R","BOSS","M","?","$","M","?","R","E","R","T","$","R","E","?","M","R","BOSS"],"build_version":"2018-12-20","purchased_purges":2,"victory":true,"max_hp_per_floor":[75,75,75,75,75,75,75,75,75,75,75,75,75,75,75,75,75,75,75,75,75,75,75,75,75,75,75,75,75,77,79,79,79,79,79,79,79,79,79,79,79,79,79,79,79,81,83,83,83,83],"card_choices":[{"not_picked":["Reprogram","Redo"],"picked":"Go for the Eyes","floor":1.0},{"not_picked":["Barrage","Stack","Gash"],"picked":"SKIP","floor":3.0},{"not_picked":["Stack","Steam"],"picked":"Hologram","floor":7.0},{"not_picked":["Heatsinks","Rebound"],"picked":"Chill","floor":10.0},{"not_picked":["Beam Cell","Barrage"],"picked":"Ball Lightning","floor":11.0},{"not_picked":["Go for the Eyes","Heatsinks"],"picked":"Creative AI","floor":12.0},{"not_picked":["Leap","Auto Shields"],"picked":"Defragment","floor":14.0},{"not_picked":["Reboot","Buffer"],"picked":"Electrodynamics","floor":16.0},{"not_picked":["Barrage","Ball Lightning"],"picked":"Compile Driver+1","floor":18.0},{"not_picked":["Static Discharge","Heatsinks"],"picked":"Leap","floor":19.0},{"not_picked":["Lockon","Gash"],"picked":"Sweeping Beam","floor":21.0},{"not_picked":["Meteor Strike","Leap"],"picked":"Conserve Battery","floor":24.0},{"not_picked":["FTL","White Noise"],"picked":"Ball Lightning+1","floor":28.0},{"not_picked":["Gash","Compile Driver+1","Force Field"],"picked":"Singing Bowl","floor":30.0},{"not_picked":["BootSequence","Conserve Battery","Cold Snap"],"picked":"Singing Bowl","floor":31.0},{"not_picked":["All For One","Meteor Strike"],"picked":"Thunder Strike","floor":33.0},{"not_picked":["Streamline+1","Gash+1"],"picked":"Coolheaded+1","floor":35.0},{"not_picked":["Conserve Battery","Stack"],"picked":"Leap+1","floor":36.0},{"not_picked":["Coolheaded","Rip and Tear+1"],"picked":"Steam+1","floor":38.0},{"not_picked":["Redo+1","Leap"],"picked":"BootSequence","floor":41.0},{"not_picked":["Redo","Ball Lightning","Leap"],"picked":"Singing Bowl","floor":46.0},{"not_picked":["Leap+1","Streamline+1","Chill"],"picked":"Singing Bowl","floor":47.0},{"not_picked":["BootSequence+1","Amplify"],"picked":"Coolheaded+1","floor":48}],"player_experience":608536,"relics_obtained":[{"floor":5.0,"key":"War Paint"},{"floor":7.0,"key":"Blood Vial"},{"floor":9.0,"key":"PreservedInsect"},{"floor":21.0,"key":"Torii"},{"floor":21.0,"key":"Sundial"},{"floor":24.0,"key":"Boot"},{"floor":26.0,"key":"Ancient Tea Set"},{"floor":28.0,"key":"Cables"},{"floor":30.0,"key":"Darkstone Periapt"},{"floor":31.0,"key":"Red Mask"},{"floor":36.0,"key":"Calipers"},{"floor":41.0,"key":"Letter Opener"},{"floor":43.0,"key":"Blue Candle"},{"floor":46.0,"key":"Oddly Smooth Stone"}],"event_choices":[{"damage_healed":0.0,"max_hp_gain":0.0,"max_hp_loss":0.0,"gold_gain":0.0,"event_name":"Scrap Ooze","player_choice":"Success","floor":2.0,"gold_loss":0.0,"damage_taken":12.0,"relics_obtained":["Mercury Hourglass"]},{"damage_healed":0.0,"max_hp_gain":0.0,"max_hp_loss":0.0,"gold_gain":0.0,"event_name":"Shining Light","player_choice":"Entered Light","floor":4.0,"gold_loss":0.0,"damage_taken":15.0,"cards_upgraded":["Strike_B","Dualcast"]},{"damage_healed":0.0,"max_hp_gain":0.0,"max_hp_loss":0.0,"gold_gain":0.0,"event_name":"Colosseum","player_choice":"Fight","floor":21.0,"gold_loss":0.0,"damage_taken":0.0},{"damage_healed":0.0,"max_hp_gain":0.0,"max_hp_loss":0.0,"gold_gain":0.0,"event_name":"Colosseum","player_choice":"Fought Nobs","floor":21.0,"gold_loss":0.0,"damage_taken":0.0},{"damage_healed":0.0,"max_hp_gain":0.0,"max_hp_loss":0.0,"gold_gain":0.0,"event_name":"Addict","player_choice":"Obtained Relic","floor":22.0,"gold_loss":85.0,"damage_taken":0.0,"relics_obtained":["Singing Bowl"]},{"damage_healed":0.0,"max_hp_gain":0.0,"max_hp_loss":0.0,"gold_gain":0.0,"event_name":"Masked Bandits","player_choice":"Fought Bandits","floor":31.0,"gold_loss":0.0,"damage_taken":0.0},{"damage_healed":0.0,"max_hp_gain":0.0,"max_hp_loss":0.0,"gold_gain":0.0,"event_name":"Mysterious Sphere","player_choice":"Fight","floor":36.0,"gold_loss":0.0,"damage_taken":0.0},{"damage_healed":0.0,"max_hp_gain":0.0,"max_hp_loss":0.0,"gold_gain":0.0,"event_name":"The Woman in Blue","player_choice":"Bought 0 Potions","floor":39.0,"gold_loss":0.0,"damage_taken":0.0}],"is_beta":false,"boss_relics":[{"not_picked":["Busted Crown","Snecko Eye"],"picked":"Nuclear Battery"},{"not_picked":["Velvet Choker","Calling Bell"],"picked":"Sozu"}],"items_purged_floors":[37,44],"is_endless":false,"potions_floor_spawned":[7,10,14,16,21,24,28,33,35,38,41,48],"ascension_level":6}