{"gold_per_floor":[113,126,141,21,96,96,114,114,141,141,67,28,44,61,61,160,160,170,25,40,57,74,74,87,87,87,103,115,126,126,157,157,261,261,274,374,62,62,78,95,95,45,45,57,57,7,7,17,17,17],"floor_reached":51,"playtime":4338,"items_purged":["Strike_R","Strike_R","Strike_R","Defend_R","Defend_R"],"score":638,"play_id":"90ef61d3-2192-4d99-921f-4628c312ee8d","local_time":"20190603002039","is_ascension_mode":false,"campfire_choices":[{"data":"Cleave","floor":6,"key":"SMITH"},{"data":"Shrug It Off","floor":8,"key":"SMITH"},{"data":"Pummel","floor":10,"key":"SMITH"},{"data":"Dual Wield","floor":15,"key":"SMITH"},{"data":"Demon Form","floor":23,"key":"SMITH"},{"data":"True Grit","floor":30,"key":"SMITH"},{"floor":32,"key":"REST"},{"floor":41,"key":"REST"},{"data":"Heavy Blade","floor":45,"key":"SMITH"},{"data":"Shrug It Off","floor":47,"key":"SMITH"},{"floor":49,"key":"REST"}],"neow_cost":"NONE","seed_source_timestamp":35939716761566,"circlet_count":0,"master_deck":["Defend_R","Defend_R","Bash+1","Pummel+1","Cleave+1","Shrug It Off+1","Inflame","Dual Wield+1","Demon Form+1","Iron Wave+1","True Grit+1","Shrug It Off+1","Pommel Strike+1","Infernal Blade","Feel No Pain","Intimidate","Headbutt+1","Flame Barrier+1","Feel No Pain+1","Feel No Pain","Feed","Dark Embrace","Heavy Blade+1"],"relics":["Burning Blood","Orichalcum","Blood Vial","Velvet Choker","Letter Opener","Smiling Mask","Runic Cube","FossilizedHelix","Shuriken","Dodecahedron"],"potions_floor_usage":[27,28,29,31,50],"damage_taken":[{"damage":13,"enemies":"Jaw Worm","floor":1,"turns":5},{"damage":0,"enemies":"2 Louse","floor":2,"turns":2},{"damage":1,"enemies":"Cultist","floor":3,"turns":3},{"damage":0,"enemies":"Lots of Slimes","floor":7,"turns":1},{"damage":11,"enemies":"3 Louse","floor":13,"turns":3},{"damage":0,"enemies":"Large Slime","floor":14,"turns":4},{"damage":10,"enemies":"Slime Boss","floor":16,"turns":8},{"damage":19,"enemies":"Spheric Guardian","floor":18,"turns":5},{"damage":6,"enemies":"Shell Parasite","floor":20,"turns":3},{"damage":24,"enemies":"Cultist and Chosen","floor":21,"turns":6},{"damage":8,"enemies":"Chosen and Byrds","floor":22,"turns":6},{"damage":10,"enemies":"Snecko","floor":24,"turns":5},{"damage":16,"enemies":"Snake Plant","floor":27,"turns":3},{"damage":7,"enemies":"Shelled Parasite and Fungi","floor":28,"turns":6},{"damage":17,"enemies":"Snecko","floor":29,"turns":6},{"damage":21,"enemies":"Gremlin Leader","floor":31,"turns":5},{"damage":45,"enemies":"Champ","floor":33,"turns":9},{"damage":40,"enemies":"3 Darklings","floor":35,"turns":6},{"damage":0,"enemies":"Mind Bloom Boss Battle","floor":36,"turns":8},{"damage":5,"enemies":"3 Shapes","floor":39,"turns":6},{"damage":44,"enemies":"Spire Growth","floor":40,"turns":9},{"damage":17,"enemies":"Jaw Worm Horde","floor":44,"turns":6},{"damage":11,"enemies":"3 Darklings","floor":48,"turns":6},{"damage":35,"enemies":"Time Eater","floor":50,"turns":7}],"seed_played":"2825859009153737138","potions_obtained":[{"floor":7,"key":"LiquidBronze"},{"floor":14,"key":"Regen Potion"},{"floor":16,"key":"Ancient Potion"},{"floor":24,"key":"Weak Potion"},{"floor":28,"key":"BloodPotion"},{"floor":33,"key":"FearPotion"},{"floor":36,"key":"Strength Potion"},{"floor":39,"key":"Swift Potion"}],"is_trial":false,"path_per_floor":["M","M","M","$","?","R","M","R","T","R","?","$","M","M","R","B",null,"M","$","M","M","M","R","M","?","T","M","M","M","R","E","R","B",null,"M","?","$","?","M","M","R","$","T","M","R","$","R","M","R","B",null],"character_chosen":"IRONCLAD","items_purchased":["Shrug It Off","Inflame","True Grit","Shuriken"],"campfire_rested":3,"item_purchase_floors":[4,12,19,37],"current_hp_per_floor":[73,79,80,80,69,69,75,75,75,75,75,75,72,80,80,76,80,67,67,69,53,53,53,51,51,51,52,53,52,52,39,63,26,80,49,57,57,57,60,24,48,48,48,42,42,42,42,39,64,37],"gold":17,"neow_bonus":"UPGRADE_CARD","is_prod":false,"is_daily":false,"chose_seed":false,"campfire_upgraded":8,"win_rate":0,"timestamp":1559514039,"path_taken":["M","M","M","$","?","R","M","R","T","R","?","$","M","?","R","BOSS","M","$","M","M","M","R","?","?","T","M","M","M","R","E","R","BOSS","M","?","$","?","?","M","R","$","T","M","R","?","R","M","R","BOSS"],"build_version":"2019-01-23","purchased_purges":5,"victory":true,"max_hp_per_floor":[80,80,80,80,80,80,80,80,80,80,80,80,80,80,80,80,80,80,80,80,80,80,80,80,80,80,80,80,80,80,80,80,80,80,83,83,83,83,83,83,83,83,83,86,86,86,86,86,86,86],"card_choices":[{"not_picked":["Perfected Strike","Iron Wave","Thunderclap"],"picked":"SKIP","floor":1},{"not_picked":["Warcry","Seeing Red"],"picked":"Pummel","floor":2},{"not_picked":["Entrench","Flex"],"picked":"Cleave","floor":3},{"not_picked":["Thunderclap","Heavy Blade","Sword Boomerang"],"picked":"SKIP","floor":7},{"not_picked":["Pommel Strike","Evolve","Heavy Blade"],"picked":"SKIP","floor":13},{"not_picked":["Burning Pact","Thunderclap"],"picked":"Dual Wield","floor":14},{"not_picked":["Reaper","Feed"],"picked":"Demon Form","floor":16},{"not_picked":["Bloodletting","Dropkick+1"],"picked":"Iron Wave+1","floor":18},{"not_picked":["Havoc","Blood for Blood"],"picked":"Shrug It Off","floor":20},{"not_picked":["Havoc","Rampage"],"picked":"Pommel Strike+1","floor":21},{"not_picked":["Thunderclap","Clash"],"picked":"Infernal Blade","floor":22},{"not_picked":["Iron Wave","Armaments","Demon Form"],"picked":"SKIP","floor":24},{"not_picked":["True Grit+1","Burning Pact"],"picked":"Headbutt+1","floor":27},{"not_picked":["Carnage","Infernal Blade+1"],"picked":"Flame Barrier+1","floor":28},{"not_picked":["Heavy Blade","Rage+1"],"picked":"Feel No Pain+1","floor":29},{"not_picked":["Rampage+1","Perfected Strike"],"picked":"Feel No Pain","floor":31},{"not_picked":["Impervious","Berserk"],"picked":"Feed","floor":33},{"not_picked":["Sever Soul","Searing Blow+1","Perfected Strike"],"picked":"SKIP","floor":35},{"not_picked":["Searing Blow","Blood for Blood+1","Sword Boomerang+1"],"picked":"SKIP","floor":39},{"not_picked":["Dark Embrace","Iron Wave+1","Perfected Strike+1"],"picked":"SKIP","floor":40},{"not_picked":["Iron Wave","Pommel Strike+1"],"picked":"Heavy Blade","floor":44},{"not_picked":["Havoc","Thunderclap+1","Rupture"],"picked":"SKIP","floor":48},{"not_picked":["Havoc","Thunderclap+1","Rupture"],"picked":"SKIP","floor":48}],"player_experience":386830,"relics_obtained":[{"floor":9,"key":"Orichalcum"},{"floor":26,"key":"Letter Opener"},{"floor":31,"key":"Smiling Mask"},{"floor":36,"key":"FossilizedHelix"},{"floor":43,"key":"Dodecahedron"}],"event_choices":[{"damage_healed":0,"gold_gain":75,"player_choice":"Gather Gold","damage_taken":11,"max_hp_gain":0,"max_hp_loss":0,"event_name":"World of Goop","floor":5,"gold_loss":0},{"damage_healed":0,"gold_gain":0,"player_choice":"Paid Gold","damage_taken":0,"relics_obtained":["Blood Vial"],"max_hp_gain":0,"max_hp_loss":0,"event_name":"WeMeetAgain","floor":11,"gold_loss":74},{"damage_healed":0,"gold_gain":0,"cards_transformed":["Strike_R","Strike_R"],"player_choice":"Became Test Subject","damage_taken":0,"max_hp_gain":0,"max_hp_loss":0,"event_name":"Drug Dealer","floor":25,"gold_loss":0,"cards_obtained":["Feel No Pain","Intimidate"]},{"damage_healed":0,"gold_gain":0,"player_choice":"Fight","damage_taken":0,"max_hp_gain":0,"max_hp_loss":0,"event_name":"MindBloom","floor":36,"gold_loss":0},{"damage_healed":0,"gold_gain":0,"player_choice":"1 cards matched","damage_taken":0,"max_hp_gain":0,"max_hp_loss":0,"event_name":"Match and Keep!","floor":38,"gold_loss":0,"cards_obtained":["Dark Embrace"]}],"is_beta":false,"boss_relics":[{"not_picked":["Sozu","Pandora\u0027s Box"],"picked":"Velvet Choker"},{"not_picked":["Mark of Pain","Runic Dome"],"picked":"Runic Cube"}],"items_purged_floors":[4,19,37,42,46],"is_endless":false,"potions_floor_spawned":[7,14,16,21,24,28,33,36,39,40,44],"ascension_level":0}