{"gold_per_floor":[116,191,191,209,221,256,268,268,268,280,306,323,242,242,242,347,347,365,290,309,319,319],"floor_reached":22,"playtime":5005,"items_purged":["Strike_B"],"score":292,"play_id":"ae086058-17cd-48c9-8f28-43e6f575f88a","local_time":"20190805110713","is_ascension_mode":true,"campfire_choices":[{"floor":8,"key":"REST"},{"floor":15,"key":"REST"}],"neow_cost":"NONE","seed_source_timestamp":75418733961791,"circlet_count":0,"master_deck":["Strike_B","Strike_B","Defend_B","Defend_B","Defend_B","Defend_B","Zap","Dualcast+1","Cold Snap","Heatsinks","BootSequence","Leap","Compile Driver","Defragment","Seek","Reinforced Body"],"relics":["Cracked Core","Pear","Pantograph","Singing Bowl","Sozu"],"potions_floor_usage":[7,11,16,16,16],"damage_taken":[{"damage":3,"enemies":"Small Slimes","floor":1,"turns":3},{"damage":0,"enemies":"Cultist","floor":4,"turns":3},{"damage":2,"enemies":"Jaw Worm","floor":5,"turns":3},{"damage":27,"enemies":"Gremlin Nob","floor":6,"turns":4},{"damage":28,"enemies":"Large Slime","floor":7,"turns":7},{"damage":6,"enemies":"3 Louse","floor":10,"turns":4},{"damage":19,"enemies":"3 Sentries","floor":11,"turns":10},{"damage":3,"enemies":"Blue Slaver","floor":12,"turns":3},{"damage":67,"enemies":"Hexaghost","floor":16,"turns":17},{"damage":5,"enemies":"Chosen","floor":18,"turns":6},{"damage":11,"enemies":"3 Byrds","floor":20,"turns":7},{"damage":29,"enemies":"Cultist and Chosen","floor":21,"turns":11},{"damage":31,"enemies":"Centurion and Healer","floor":22,"turns":15}],"seed_played":"5935805329848948713","potions_obtained":[{"floor":4,"key":"PowerPotion"},{"floor":6,"key":"PowerPotion"},{"floor":10,"key":"SpeedPotion"},{"floor":11,"key":"Fire Potion"},{"floor":12,"key":"Ancient Potion"}],"is_trial":false,"path_per_floor":["M","?","?","M","M","E","M","R","T","M","E","M","$","?","R","B",null,"M","$","M","M","M"],"character_chosen":"DEFECT","items_purchased":["Defragment"],"campfire_rested":2,"item_purchase_floors":[13],"current_hp_per_floor":[72,61,61,61,59,42,14,41,41,35,16,15,15,15,43,1,71,68,68,57,30,0],"gold":319,"neow_bonus":"TEN_PERCENT_HP_BONUS","is_prod":false,"is_daily":false,"chose_seed":false,"campfire_upgraded":0,"win_rate":0,"timestamp":1565021233,"path_taken":["M","?","?","M","M","E","M","R","T","M","E","?","?","?","R","BOSS","M","$","M","M","M"],"build_version":"2019-07-17","purchased_purges":1,"victory":false,"max_hp_per_floor":[82,82,82,82,82,92,92,92,92,92,92,94,94,94,94,94,94,96,96,96,98,98],"card_choices":[{"not_picked":["Tempest","Coolheaded"],"picked":"Cold Snap","floor":1},{"not_picked":["Chaos","Hello World","Go for the Eyes"],"picked":"SKIP","floor":4},{"not_picked":["Blizzard","Turbo","Streamline"],"picked":"SKIP","floor":5},{"not_picked":["Barrage","Hyperbeam"],"picked":"Heatsinks","floor":6},{"not_picked":["Sweeping Beam","Genetic Algorithm"],"picked":"BootSequence","floor":7},{"not_picked":["Double Energy","Tempest"],"picked":"Leap","floor":10},{"not_picked":["Gash","Reprogram"],"picked":"Compile Driver","floor":11},{"not_picked":["Storm","Hologram","Recycle"],"picked":"Singing Bowl","floor":12},{"not_picked":["Amplify","Hyperbeam"],"picked":"Seek","floor":16},{"not_picked":["Cold Snap","Conserve Battery+1","Barrage"],"picked":"Singing Bowl","floor":18},{"not_picked":["Hologram","Barrage"],"picked":"Reinforced Body","floor":20},{"not_picked":["Conserve Battery+1","Chaos","Barrage"],"picked":"Singing Bowl","floor":21}],"player_experience":626737,"relics_obtained":[{"floor":6,"key":"Pear"},{"floor":9,"key":"Pantograph"},{"floor":11,"key":"Singing Bowl"}],"event_choices":[{"damage_healed":0,"gold_gain":75,"player_choice":"Gather Gold","damage_taken":11,"max_hp_gain":0,"max_hp_loss":0,"event_name":"World of Goop","floor":2,"gold_loss":0},{"damage_healed":0,"gold_gain":0,"player_choice":"Forge","damage_taken":0,"max_hp_gain":0,"max_hp_loss":0,"event_name":"Accursed Blacksmith","floor":3,"gold_loss":0,"cards_upgraded":["Dualcast"]},{"cards_removed":["Strike_B"],"damage_healed":0,"gold_gain":0,"player_choice":"Forget","damage_taken":0,"max_hp_gain":0,"max_hp_loss":0,"event_name":"Living Wall","floor":14,"gold_loss":0}],"is_beta":false,"boss_relics":[{"not_picked":["Philosopher\u0027s Stone","White Beast Statue"],"picked":"Sozu"}],"items_purged_floors":[19],"is_endless":false,"potions_floor_spawned":[4,6,10,11,12,18],"killed_by":"Centurion and Healer","ascension_level":7}