{"gold_per_floor":[113,36,48,66,66,95,95,105,105,55,55,68,84,101,101,101],"floor_reached":16,"playtime":481,"items_purged":[],"score":104,"play_id":"41505eba-e30b-4f38-ba3e-bdcf6dac6d2c","local_time":"20181118002344","is_ascension_mode":false,"campfire_choices":[{"data":"Dash","floor":7,"key":"SMITH"},{"data":"Sucker Punch","floor":15,"key":"SMITH"}],"neow_cost":"NONE","seed_source_timestamp":40287821358877,"circlet_count":0,"master_deck":["Defend_G","Defend_G","Defend_G","Defend_G","Defend_G","Strike_G","Strike_G","Strike_G","Strike_G","Survivor","Neutralize","Deflect","Footwork","Sucker Punch+1","Dash+1","Blur","All Out Attack","Flying Knee"],"relics":["Ring of the Snake","NeowsBlessing","Strawberry","Ninja Scroll"],"potions_floor_usage":[6,6],"damage_taken":[{"damage":0,"enemies":"Small Slimes","floor":1,"turns":1},{"damage":0,"enemies":"Jaw Worm","floor":3,"turns":1},{"damage":0,"enemies":"Cultist","floor":4,"turns":1},{"damage":24,"enemies":"Lagavulin","floor":6,"turns":12},{"damage":0,"enemies":"Large Slime","floor":8,"turns":9},{"damage":1,"enemies":"Looter","floor":12,"turns":3},{"damage":0,"enemies":"Exordium Wildlife","floor":13,"turns":3},{"damage":0,"enemies":"3 Louse","floor":14,"turns":4},{"damage":58,"enemies":"Hexaghost","floor":16,"turns":18}],"seed_played":"1331452051358611136","potions_obtained":[{"floor":1,"key":"SteroidPotion"},{"floor":4,"key":"Explosive Potion"},{"floor":8,"key":"FearPotion"},{"floor":11,"key":"Ancient Potion"},{"floor":11,"key":"LiquidBronze"}],"is_trial":false,"path_per_floor":["M","$","M","M","?","E","R","M","T","?","?","M","M","M","R","B"],"character_chosen":"THE_SILENT","items_purchased":["Footwork"],"campfire_rested":0,"item_purchase_floors":[2],"current_hp_per_floor":[70,70,70,70,75,58,58,58,58,58,58,57,57,57,57,0],"gold":101,"neow_bonus":"THREE_ENEMY_KILL","is_prod":false,"is_daily":false,"chose_seed":false,"campfire_upgraded":2,"win_rate":0,"timestamp":1542489824,"path_taken":["M","$","M","M","?","E","R","M","T","?","?","M","?","M","R","BOSS"],"build_version":"2018-11-15","purchased_purges":0,"victory":false,"max_hp_per_floor":[70,70,70,70,75,82,82,82,82,82,82,82,82,82,82,82],"card_choices":[{"not_picked":["Acrobatics","Outmaneuver"],"picked":"Deflect","floor":1},{"not_picked":["Quick Slash","All Out Attack"],"picked":"Sucker Punch","floor":3},{"not_picked":["Underhanded Strike","Quick Slash"],"picked":"Dash","floor":4},{"not_picked":["After Image","Skewer"],"picked":"Blur","floor":6},{"not_picked":["Finisher","Bane"],"picked":"All Out Attack","floor":8},{"not_picked":["Cloak And Dagger","Dagger Throw","All Out Attack"],"picked":"SKIP","floor":12},{"not_picked":["Blade Dance","Concentrate","Bane"],"picked":"SKIP","floor":13},{"not_picked":["Slice","Masterful Stab"],"picked":"Flying Knee","floor":14}],"player_experience":525213,"relics_obtained":[{"floor":6,"key":"Strawberry"},{"floor":9,"key":"Ninja Scroll"}],"event_choices":[{"damage_healed":0,"gold_gain":0,"player_choice":"Donut","damage_taken":0,"max_hp_gain":5,"max_hp_loss":0,"event_name":"Big Fish","floor":5,"gold_loss":0},{"cards_removed":["Strike_G"],"damage_healed":0,"gold_gain":0,"player_choice":"Card Removal","damage_taken":0,"max_hp_gain":0,"max_hp_loss":0,"event_name":"The Cleric","floor":10,"gold_loss":50},{"damage_healed":0,"gold_gain":0,"player_choice":"Got Potions","damage_taken":0,"max_hp_gain":0,"max_hp_loss":0,"event_name":"Lab","floor":11,"gold_loss":0}],"is_beta":false,"boss_relics":[],"items_purged_floors":[],"is_endless":false,"potions_floor_spawned":[1,4,8,12,14],"killed_by":"Hexaghost","ascension_level":0}