{"gold_per_floor":[109,109,121,121,121,121,70,95,95,95,95,106,106,156,156,251,251,269,269,287,305,322,333,333,333,383,413,413,448,448,463,463,563,563,574,574,50,65,65],"floor_reached":39,"playtime":4521,"items_purged":[],"score":467,"play_id":"5f908943-549d-481b-abee-90e366f09e2d","local_time":"20190803165344","is_ascension_mode":false,"campfire_choices":[{"floor":6,"key":"REST"},{"floor":11,"key":"REST"},{"data":"Whirlwind","floor":13,"key":"SMITH"},{"data":"Infernal Blade","floor":15,"key":"SMITH"},{"floor":25,"key":"REST"},{"floor":28,"key":"REST"},{"floor":30,"key":"REST"},{"data":"Body Slam","floor":32,"key":"SMITH"}],"neow_cost":"PERCENT_DAMAGE","seed_source_timestamp":165380372045700,"circlet_count":0,"master_deck":["Strike_R","Strike_R","Strike_R","Strike_R","Strike_R","Defend_R","Defend_R+1","Defend_R","Bash+1","Pommel Strike","Infernal Blade+1","Regret","Body Slam+1","Whirlwind+1","Juggernaut","Flame Barrier+1","Pain","Shrug It Off+1","Rampage+1","Anger+1","Dropkick+1","Barricade","Armaments+1","Fire Breathing+1","Sever Soul+1","Impervious","Sever Soul","Panache","Iron Wave+1"],"relics":["Burning Blood","Pear","Kunai","Ancient Tea Set","Bag of Preparation","Boot","Black Star","WarpedTongs","Strawberry","Bronze Scales","Unceasing Top","Thread and Needle","Bottled Lightning","Philosopher\u0027s Stone","Potion Belt","HandDrill"],"potions_floor_usage":[16,27,39],"damage_taken":[{"damage":3,"enemies":"Jaw Worm","floor":1,"turns":4},{"damage":11,"enemies":"2 Louse","floor":3,"turns":3},{"damage":49,"enemies":"Gremlin Nob","floor":8,"turns":5},{"damage":3,"enemies":"Small Slimes","floor":12,"turns":2},{"damage":30,"enemies":"Slime Boss","floor":16,"turns":7},{"damage":19,"enemies":"Spheric Guardian","floor":18,"turns":4},{"damage":20,"enemies":"2 Thieves","floor":20,"turns":4},{"damage":26,"enemies":"Snecko","floor":21,"turns":5},{"damage":19,"enemies":"Snake Plant","floor":22,"turns":3},{"damage":17,"enemies":"Centurion and Healer","floor":23,"turns":10},{"damage":22,"enemies":"Book of Stabbing","floor":27,"turns":4},{"damage":70,"enemies":"Gremlin Leader","floor":29,"turns":7},{"damage":6,"enemies":"Snecko","floor":31,"turns":4},{"damage":14,"enemies":"Champ","floor":33,"turns":14},{"damage":22,"enemies":"Orb Walker","floor":35,"turns":4},{"damage":10,"enemies":"3 Shapes","floor":38,"turns":4},{"damage":109,"enemies":"2 Orb Walkers","floor":39,"turns":6}],"seed_played":"6372990628292878591","potions_obtained":[{"floor":16,"key":"Strength Potion"},{"floor":18,"key":"Energy Potion"},{"floor":20,"key":"Poison Potion"},{"floor":23,"key":"SpeedPotion"},{"floor":33,"key":"LiquidBronze"}],"is_trial":false,"path_per_floor":["M","?","M","?","?","R","$","E","T","?","R","M","R","T","R","B",null,"M","?","M","M","M","M","?","R","T","E","R","E","R","M","R","B",null,"M","?","$","M","?"],"character_chosen":"IRONCLAD","items_purchased":["Fire Potion","Panache","Potion Belt","HandDrill"],"campfire_rested":5,"item_purchase_floors":[7,37,37,37],"current_hp_per_floor":[75,68,63,44,54,85,85,42,42,30,61,64,64,64,64,40,106,93,93,79,59,46,35,35,66,73,57,90,26,59,59,59,51,113,97,97,97,93,0],"gold":65,"neow_bonus":"TWENTY_PERCENT_HP_BONUS","is_prod":false,"is_daily":false,"chose_seed":false,"campfire_upgraded":3,"win_rate":0.0,"timestamp":1564847624,"path_taken":["M","?","M","?","?","R","?","E","T","?","R","M","R","?","R","BOSS","M","?","M","M","?","M","?","R","T","E","R","E","R","M","R","BOSS","M","?","$","M","?"],"build_version":"2019-07-17","purchased_purges":0,"victory":false,"max_hp_per_floor":[96,96,96,96,106,106,106,106,106,106,106,106,106,106,106,106,106,106,106,106,106,106,106,106,106,113,113,113,113,113,113,113,113,113,113,113,113,113,113],"card_choices":[{"not_picked":["Sword Boomerang","Rupture"],"picked":"Pommel Strike","floor":1},{"not_picked":["Heavy Blade","Anger"],"picked":"Infernal Blade","floor":3},{"not_picked":["Anger","Pommel Strike"],"picked":"Body Slam","floor":8},{"not_picked":["Sever Soul","Dark Embrace"],"picked":"Whirlwind","floor":12},{"not_picked":["Reaper","Bludgeon"],"picked":"Juggernaut","floor":16},{"not_picked":["Sword Boomerang+1","Inflame"],"picked":"Flame Barrier+1","floor":18},{"not_picked":["Searing Blow","Armaments+1"],"picked":"Shrug It Off+1","floor":20},{"not_picked":["Armaments","Heavy Blade"],"picked":"Rampage+1","floor":21},{"not_picked":["Thunderclap","Armaments"],"picked":"Anger+1","floor":22},{"not_picked":["Warcry","Carnage+1"],"picked":"Dropkick+1","floor":23},{"not_picked":["Second Wind","Sword Boomerang"],"picked":"Armaments+1","floor":27},{"not_picked":["Rampage+1","Clothesline"],"picked":"Fire Breathing+1","floor":29},{"not_picked":["Pommel Strike","Flex"],"picked":"Sever Soul+1","floor":31},{"not_picked":["Bludgeon","Offering"],"picked":"Impervious","floor":33},{"not_picked":["Armaments","Heavy Blade"],"picked":"Sever Soul","floor":35},{"not_picked":["Perfected Strike+1","Thunderclap"],"picked":"Iron Wave+1","floor":38}],"player_experience":5905,"relics_obtained":[{"floor":8,"key":"Kunai"},{"floor":9,"key":"Ancient Tea Set"},{"floor":14,"key":"Boot"},{"floor":26,"key":"Strawberry"},{"floor":27,"key":"Bronze Scales"},{"floor":27,"key":"Unceasing Top"},{"floor":29,"key":"Thread and Needle"},{"floor":29,"key":"Bottled Lightning"}],"event_choices":[{"cards_removed":["Defend_R"],"damage_healed":0,"gold_gain":0,"player_choice":"Card Removal","damage_taken":7,"max_hp_gain":0,"max_hp_loss":0,"event_name":"Golden Wing","floor":2,"gold_loss":0},{"damage_healed":0,"gold_gain":0,"player_choice":"Entered Light","damage_taken":19,"max_hp_gain":0,"max_hp_loss":0,"event_name":"Shining Light","floor":4,"gold_loss":0,"cards_upgraded":["Defend_R","Bash"]},{"damage_healed":0,"gold_gain":0,"player_choice":"Box","damage_taken":0,"relics_obtained":["Pear"],"max_hp_gain":0,"max_hp_loss":0,"event_name":"Big Fish","floor":5,"gold_loss":0,"cards_obtained":["Regret"]},{"damage_healed":0,"gold_gain":0,"player_choice":"Success","damage_taken":12,"relics_obtained":["Bag of Preparation"],"max_hp_gain":0,"max_hp_loss":0,"event_name":"Scrap Ooze","floor":10,"gold_loss":0},{"damage_healed":0,"gold_gain":0,"player_choice":"Rummage","damage_taken":0,"relics_obtained":["WarpedTongs"],"max_hp_gain":0,"max_hp_loss":0,"event_name":"Accursed Blacksmith","floor":19,"gold_loss":0,"cards_obtained":["Pain"]},{"damage_healed":0,"gold_gain":0,"player_choice":"Read","damage_taken":0,"max_hp_gain":0,"max_hp_loss":0,"event_name":"The Library","floor":24,"gold_loss":0,"cards_obtained":["Barricade"]},{"damage_healed":0,"gold_gain":0,"player_choice":"Ignored","damage_taken":0,"max_hp_gain":0,"max_hp_loss":0,"event_name":"Tomb of Lord Red Mask","floor":36,"gold_loss":0},{"damage_healed":0,"gold_gain":0,"player_choice":"Fight","damage_taken":0,"max_hp_gain":0,"max_hp_loss":0,"event_name":"Mysterious Sphere","floor":39,"gold_loss":0}],"is_beta":false,"boss_relics":[{"not_picked":["Coffee Dripper","Mark of Pain"],"picked":"Black Star"},{"not_picked":["White Beast Statue","Black Blood"],"picked":"Philosopher\u0027s Stone"}],"items_purged_floors":[],"is_endless":false,"potions_floor_spawned":[16,18,20,23,33],"killed_by":"2 Orb Walkers","ascension_level":0}