{"gold_per_floor":[111,286,286,286,307,341,364,364,411,329,329,6,24,55,55,176,176,191,184,184,184,209,209,10,10,56,56,106,178,213,234,234,234],"floor_reached":33,"playtime":1408,"items_purged":[],"score":498,"play_id":"9835ca7d-c824-48e2-a149-589ce59e321b","local_time":"20190715104052","is_ascension_mode":true,"campfire_choices":[{"floor":15.0,"key":"REST"},{"data":"After Image","floor":23.0,"key":"SMITH"},{"data":"Catalyst","floor":25.0,"key":"SMITH"},{"data":"A Thousand Cuts","floor":32,"key":"SMITH"}],"neow_cost":"NONE","seed_source_timestamp":32474648454295,"circlet_count":0,"master_deck":["AscendersBane","Strike_G","Strike_G","Strike_G","Strike_G","Strike_G","Defend_G","Defend_G","Defend_G","Defend_G","Defend_G","Survivor","Neutralize","Noxious Fumes+1","Doubt","Regret","Doppelganger","Leg Sweep","Prepared","A Thousand Cuts+1","After Image+1","Catalyst+1","Blur","After Image+1","Dash"],"special_seed":0,"relics":["Ring of the Snake","NeowsBlessing","Juzu Bracelet","Golden Idol","Turnip","Blood Vial","Thread and Needle","Bird Faced Urn","Lantern","Runic Dome","DollysMirror","Regal Pillow","Anchor","Paper Crane","Omamori"],"potions_floor_usage":[30],"damage_taken":[{"damage":0.0,"enemies":"Cultist","floor":1.0,"turns":1.0},{"damage":0.0,"enemies":"Jaw Worm","floor":5.0,"turns":1.0},{"damage":0.0,"enemies":"Lagavulin","floor":6.0,"turns":2.0},{"damage":4.0,"enemies":"Small Slimes","floor":7.0,"turns":5.0},{"damage":2.0,"enemies":"2 Fungi Beasts","floor":13.0,"turns":5.0},{"damage":56.0,"enemies":"Gremlin Nob","floor":14.0,"turns":8.0},{"damage":30.0,"enemies":"Hexaghost","floor":16.0,"turns":13.0},{"damage":13.0,"enemies":"Spheric Guardian","floor":18.0,"turns":8.0},{"damage":4.0,"enemies":"2 Thieves","floor":19.0,"turns":5.0},{"damage":17.0,"enemies":"Shelled Parasite and Fungi","floor":22.0,"turns":8.0},{"damage":2,"enemies":"Book of Stabbing","floor":30,"turns":10},{"damage":17,"enemies":"Centurion and Healer","floor":31,"turns":13},{"damage":60,"enemies":"Collector","floor":33,"turns":5}],"seed_played":"-720042038753927008","potions_obtained":[{"floor":1.0,"key":"EssenceOfSteel"},{"floor":8.0,"key":"GhostInAJar"},{"floor":8.0,"key":"Regen Potion"},{"floor":14.0,"key":"Dexterity Potion"},{"floor":22.0,"key":"EssenceOfSteel"},{"floor":30,"key":"SpeedPotion"}],"is_trial":false,"path_per_floor":["M","?","?","?","M","E","M","?","T","?","?","$","M","E","R","B",null,"M","M","?","?","M","R","$","R","T","T","?","T","E","M","R","B"],"character_chosen":"THE_SILENT","items_purchased":["Prepared","Bird Faced Urn","DollysMirror"],"campfire_rested":1,"item_purchase_floors":[12,12,24],"current_hp_per_floor":[63,63,63,46,46,46,42,42,42,42,42,42,44,9,30,6,54,49,53,53,53,44,44,44,44,44,44,44,44,52,45,45,0],"gold":234,"neow_bonus":"THREE_ENEMY_KILL","is_prod":false,"is_daily":false,"chose_seed":false,"campfire_upgraded":3,"win_rate":0,"timestamp":1563212452,"path_taken":["M","?","?","?","M","E","M","?","T","?","?","?","M","E","R","BOSS","M","M","?","?","M","R","?","R","T","?","?","?","E","M","R","BOSS"],"build_version":"2019-07-05","purchased_purges":0,"victory":false,"max_hp_per_floor":[70,70,70,70,70,70,70,70,70,70,70,70,70,70,70,70,70,70,70,70,70,70,70,70,70,70,70,70,70,70,70,70,70],"card_choices":[{"not_picked":["Dagger Throw","Underhanded Strike"],"picked":"Noxious Fumes","floor":1.0},{"not_picked":["Deflect","Poisoned Stab","Footwork"],"picked":"SKIP","floor":5.0},{"not_picked":["Distraction","Dagger Spray"],"picked":"Doppelganger","floor":6.0},{"not_picked":["Deflect","Blade Dance"],"picked":"Leg Sweep","floor":7.0},{"not_picked":["Blade Dance","Outmaneuver"],"picked":"A Thousand Cuts","floor":13.0},{"not_picked":["Crippling Poison","Deadly Poison","Choke"],"picked":"SKIP","floor":14.0},{"not_picked":["Doppelganger","Adrenaline"],"picked":"After Image","floor":16.0},{"not_picked":["Prepared+1","Backflip"],"picked":"Catalyst","floor":18.0},{"not_picked":["Flying Knee","Sucker Punch+1","Dodge and Roll"],"picked":"SKIP","floor":19.0},{"not_picked":["Cloak And Dagger","Flying Knee","Acrobatics"],"picked":"SKIP","floor":22.0},{"not_picked":["Terror","Poisoned Stab","Finisher+1"],"picked":"SKIP","floor":30},{"not_picked":["Poisoned Stab+1","Slice+1"],"picked":"Dash","floor":31}],"player_experience":593584,"relics_obtained":[{"floor":6.0,"key":"Turnip"},{"floor":9.0,"key":"Blood Vial"},{"floor":14.0,"key":"Lantern"},{"floor":26.0,"key":"Regal Pillow"},{"floor":27.0,"key":"Anchor"},{"floor":29,"key":"Paper Crane"},{"floor":30,"key":"Omamori"}],"event_choices":[{"damage_healed":0.0,"max_hp_gain":0.0,"max_hp_loss":0.0,"gold_gain":175.0,"event_name":"Liars Game","player_choice":"AGREE","floor":2.0,"gold_loss":0.0,"damage_taken":0.0,"cards_obtained":["Doubt"]},{"damage_healed":0.0,"max_hp_gain":0.0,"max_hp_loss":0.0,"gold_gain":0.0,"event_name":"Big Fish","player_choice":"Box","floor":3.0,"gold_loss":0.0,"damage_taken":0.0,"relics_obtained":["Juzu Bracelet"],"cards_obtained":["Regret"]},{"damage_healed":0.0,"max_hp_gain":0.0,"max_hp_loss":0.0,"gold_gain":0.0,"event_name":"Golden Idol","player_choice":"Take Damage","floor":4.0,"gold_loss":0.0,"damage_taken":17.0,"relics_obtained":["Golden Idol"]},{"damage_healed":0.0,"max_hp_gain":0.0,"max_hp_loss":0.0,"gold_gain":0.0,"event_name":"Lab","player_choice":"Got Potions","floor":8.0,"gold_loss":0.0,"damage_taken":0.0},{"damage_healed":0.0,"max_hp_gain":0.0,"max_hp_loss":0.0,"gold_gain":0.0,"event_name":"WeMeetAgain","player_choice":"Paid Gold","floor":10.0,"gold_loss":82.0,"damage_taken":0.0,"relics_obtained":["Thread and Needle"]},{"damage_healed":0.0,"max_hp_gain":0.0,"max_hp_loss":0.0,"gold_gain":0.0,"event_name":"Upgrade Shrine","player_choice":"Upgraded","floor":11.0,"gold_loss":0.0,"damage_taken":0.0,"cards_upgraded":["Noxious Fumes"]},{"damage_healed":0.0,"max_hp_gain":0.0,"max_hp_loss":0.0,"gold_gain":0.0,"event_name":"Ghosts","player_choice":"Ignored","floor":20.0,"gold_loss":0.0,"damage_taken":0.0},{"damage_healed":0.0,"max_hp_gain":0.0,"max_hp_loss":0.0,"gold_gain":0.0,"event_name":"The Library","player_choice":"Read","floor":21.0,"gold_loss":0.0,"damage_taken":0.0,"cards_obtained":["Blur"]},{"damage_healed":0,"gold_gain":100,"player_choice":"Bet on Murderer","damage_taken":0,"max_hp_gain":0,"max_hp_loss":0,"event_name":"The Joust","floor":28,"gold_loss":50}],"is_beta":false,"boss_relics":[{"not_picked":["Eternal Feather","Astrolabe"],"picked":"Runic Dome"}],"items_purged_floors":[],"is_endless":false,"potions_floor_spawned":[1,14,22,30],"killed_by":"Collector","ascension_level":11}