{"gold_per_floor":[116,116,291,306,25,56,56,6,6,6,38,38,66,76,76,175,175,192,206,206,48,67,97,97,47,47,75,88,122,136,149,149,251,251,263,279,92,144,162,194,206,218,218,62,62,0,0,0,0,0],"floor_reached":51,"playtime":5643,"items_purged":["Doubt","Decay","Strike_G","Strike_G"],"score":949,"play_id":"18e64198-0c93-4918-91d2-e9acf9984c93","local_time":"20190803013216","is_ascension_mode":true,"campfire_choices":[{"floor":7,"key":"REST"},{"data":"Neutralize","floor":10,"key":"SMITH"},{"data":"Defend_G","floor":12,"key":"SMITH"},{"floor":15,"key":"REST"},{"floor":32,"key":"REST"},{"data":"1","floor":45,"key":"LIFT"},{"data":"2","floor":47,"key":"LIFT"},{"data":"3","floor":49,"key":"LIFT"}],"neow_cost":"NONE","seed_source_timestamp":90882419794768,"circlet_count":0,"master_deck":["Defend_G","Defend_G","Defend_G","Defend_G","Defend_G+1","Survivor","Neutralize+1","Unload","Cloak And Dagger","Dash","Noxious Fumes","Footwork","Glass Knife","Distraction+1","Backstab","Dagger Throw","Heel Hook+1","Accuracy+1","Die Die Die","Noxious Fumes+1","Acrobatics+1","Sucker Punch+1","Accuracy","Backstab+1","Caltrops","Blur","Accuracy"],"relics":["Ring of the Snake","Membership Card","FossilizedHelix","Pear","Smiling Mask","Pocketwatch","Fusion Hammer","Juzu Bracelet","Incense Burner","Bottled Lightning","Mummified Hand","Prayer Wheel","Bag of Marbles","Eternal Feather","Paper Crane","Girya","Molten Egg 2","Gambling Chip","Red Mask"],"potions_floor_usage":[27,28,28,29,33,38,50,50],"damage_taken":[{"damage":0,"enemies":"Small Slimes","floor":1,"turns":3},{"damage":0,"enemies":"2 Louse","floor":4,"turns":4},{"damage":21,"enemies":"Gremlin Nob","floor":6,"turns":5},{"damage":18,"enemies":"Lagavulin","floor":11,"turns":8},{"damage":8,"enemies":"Gremlin Nob","floor":13,"turns":5},{"damage":0,"enemies":"Jaw Worm","floor":14,"turns":3},{"damage":15,"enemies":"Slime Boss","floor":16,"turns":13},{"damage":0,"enemies":"Shell Parasite","floor":18,"turns":6},{"damage":0,"enemies":"3 Byrds","floor":19,"turns":5},{"damage":0,"enemies":"Sentry and Sphere","floor":22,"turns":7},{"damage":3,"enemies":"Book of Stabbing","floor":23,"turns":8},{"damage":13,"enemies":"Gremlin Leader","floor":27,"turns":9},{"damage":0,"enemies":"Chosen and Byrds","floor":28,"turns":7},{"damage":2,"enemies":"Book of Stabbing","floor":29,"turns":6},{"damage":16,"enemies":"Snake Plant","floor":30,"turns":3},{"damage":0,"enemies":"Shelled Parasite and Fungi","floor":31,"turns":6},{"damage":42,"enemies":"Automaton","floor":33,"turns":14},{"damage":0,"enemies":"Orb Walker","floor":35,"turns":3},{"damage":1,"enemies":"3 Shapes","floor":36,"turns":5},{"damage":7,"enemies":"2 Orb Walkers","floor":38,"turns":5},{"damage":0,"enemies":"3 Darklings","floor":39,"turns":5},{"damage":21,"enemies":"Nemesis","floor":40,"turns":9},{"damage":13,"enemies":"Spire Growth","floor":41,"turns":7},{"damage":0,"enemies":"Maw","floor":42,"turns":7},{"damage":68,"enemies":"Time Eater","floor":50,"turns":12}],"seed_played":"5956651251721142172","potions_obtained":[{"floor":13,"key":"SpeedPotion"},{"floor":14,"key":"SpeedPotion"},{"floor":18,"key":"Poison Potion"},{"floor":23,"key":"Ancient Potion"},{"floor":27,"key":"SkillPotion"},{"floor":28,"key":"Regen Potion"},{"floor":36,"key":"SkillPotion"},{"floor":42,"key":"Energy Potion"}],"is_trial":false,"path_per_floor":["M","?","?","M","$","E","R","?","T","R","E","R","E","M","R","B",null,"M","M","?","$","M","E","?","$","T","E","M","E","M","M","R","B",null,"M","M","$","?","M","E","M","M","T","$","R","?","R","?","R","B",null],"character_chosen":"THE_SILENT","items_purchased":["Membership Card","Dash","Incense Burner","Paper Crane","Accuracy","Blur","PowerPotion","Accuracy","SpeedPotion"],"campfire_rested":3,"item_purchase_floors":[5,5,21,37,37,44,44,44,44],"current_hp_per_floor":[63,56,56,56,56,35,56,56,66,66,48,48,40,40,64,49,72,72,72,72,72,72,69,69,69,69,56,56,69,53,53,77,35,69,69,68,68,61,61,40,27,27,27,27,42,42,57,57,72,4],"gold":0,"neow_bonus":"TRANSFORM_CARD","is_prod":false,"is_daily":false,"chose_seed":false,"campfire_upgraded":2,"win_rate":0,"timestamp":1564813936,"path_taken":["M","?","?","M","$","E","R","?","T","R","E","R","E","?","R","BOSS","M","M","?","$","M","E","?","?","T","E","M","E","M","M","R","BOSS","M","M","$","?","M","E","M","M","T","$","R","?","R","?","R","BOSS"],"build_version":"2019-07-17","purchased_purges":4,"victory":true,"max_hp_per_floor":[70,70,70,70,70,70,70,70,80,80,80,80,80,80,80,80,80,80,80,80,80,80,80,80,80,80,80,80,80,80,80,80,80,80,80,80,80,80,80,80,80,80,80,80,80,80,80,80,80,80],"card_choices":[{"not_picked":["Backflip","Underhanded Strike"],"picked":"Cloak And Dagger","floor":1},{"not_picked":["Underhanded Strike","Flechettes","Deadly Poison"],"picked":"SKIP","floor":4},{"not_picked":["Slice","PiercingWail","Deflect"],"picked":"SKIP","floor":6},{"not_picked":["Setup","Cloak And Dagger"],"picked":"Noxious Fumes","floor":11},{"not_picked":["Riddle With Holes","Sucker Punch"],"picked":"Footwork","floor":13},{"not_picked":["PiercingWail","Concentrate","Quick Slash"],"picked":"SKIP","floor":14},{"not_picked":["Unload","A Thousand Cuts"],"picked":"Glass Knife","floor":16},{"not_picked":["Blade Dance","Dagger Throw+1"],"picked":"Distraction+1","floor":18},{"not_picked":["Flechettes+1","Quick Slash+1","Cloak And Dagger"],"picked":"SKIP","floor":19},{"not_picked":["Dagger Spray","Finisher+1","Underhanded Strike+1"],"picked":"SKIP","floor":22},{"not_picked":["Dodge and Roll","Setup","Distraction+1"],"picked":"SKIP","floor":23},{"not_picked":["Distraction+1","Acrobatics+1"],"picked":"Backstab","floor":27},{"not_picked":["Endless Agony","Flechettes"],"picked":"Dagger Throw","floor":28},{"not_picked":["Finisher","Reflex","Accuracy+1"],"picked":"SKIP","floor":28},{"not_picked":["Dodge and Roll","Prepared"],"picked":"Heel Hook+1","floor":29},{"not_picked":["Dagger Throw","Quick Slash","Outmaneuver+1"],"picked":"SKIP","floor":30},{"not_picked":["Reflex","Prepared","Poisoned Stab"],"picked":"SKIP","floor":30},{"not_picked":["Unload","Choke+1"],"picked":"Accuracy+1","floor":31},{"not_picked":["Distraction","Blade Dance","Deadly Poison+1"],"picked":"SKIP","floor":31},{"not_picked":["Burst","Wraith Form v2"],"picked":"Die Die Die","floor":33},{"not_picked":["Sucker Punch","Blade Dance+1"],"picked":"Noxious Fumes+1","floor":35},{"not_picked":["Escape Plan+1","Setup","Cloak And Dagger"],"picked":"SKIP","floor":35},{"not_picked":["Setup+1","Dagger Throw+1"],"picked":"Acrobatics+1","floor":36},{"not_picked":["Bane+1","Dash+1"],"picked":"Sucker Punch+1","floor":36},{"not_picked":["Unload","Cloak And Dagger"],"picked":"Backstab+1","floor":39},{"not_picked":["Deflect+1","Dodge and Roll+1","Dagger Spray"],"picked":"SKIP","floor":39},{"not_picked":["PiercingWail+1","Sucker Punch","Acrobatics"],"picked":"SKIP","floor":40},{"not_picked":["Tactician","Choke+1"],"picked":"Caltrops","floor":41},{"not_picked":["Underhanded Strike+1","Flying Knee+1","Dagger Throw+1"],"picked":"SKIP","floor":41},{"not_picked":["Blade Dance+1","Glass Knife+1","Dagger Throw+1"],"picked":"SKIP","floor":42},{"not_picked":["Deflect+1","Deadly Poison+1","Sucker Punch+1"],"picked":"SKIP","floor":42}],"player_experience":588398,"relics_obtained":[{"floor":6,"key":"FossilizedHelix"},{"floor":9,"key":"Pear"},{"floor":11,"key":"Smiling Mask"},{"floor":13,"key":"Pocketwatch"},{"floor":23,"key":"Bottled Lightning"},{"floor":26,"key":"Mummified Hand"},{"floor":27,"key":"Prayer Wheel"},{"floor":29,"key":"Bag of Marbles"},{"floor":38,"key":"Girya"},{"floor":40,"key":"Molten Egg 2"},{"floor":43,"key":"Gambling Chip"}],"event_choices":[{"cards_removed":["Strike_G"],"damage_healed":0,"gold_gain":0,"player_choice":"Card Removal","damage_taken":7,"max_hp_gain":0,"max_hp_loss":0,"event_name":"Golden Wing","floor":2,"gold_loss":0},{"damage_healed":0,"gold_gain":175,"player_choice":"AGREE","damage_taken":0,"max_hp_gain":0,"max_hp_loss":0,"event_name":"Liars Game","floor":3,"gold_loss":0,"cards_obtained":["Doubt"]},{"cards_removed":["Strike_G"],"damage_healed":0,"gold_gain":0,"player_choice":"Card Removal","damage_taken":0,"max_hp_gain":0,"max_hp_loss":0,"event_name":"The Cleric","floor":8,"gold_loss":50},{"damage_healed":0,"gold_gain":0,"player_choice":"Gave Potion","damage_taken":0,"relics_obtained":["Juzu Bracelet"],"max_hp_gain":0,"max_hp_loss":0,"event_name":"WeMeetAgain","floor":20,"gold_loss":0},{"damage_healed":0,"gold_gain":0,"player_choice":"Cursed","damage_taken":0,"max_hp_gain":0,"max_hp_loss":0,"event_name":"Wheel of Change","floor":24,"gold_loss":0,"cards_obtained":["Decay"]},{"damage_healed":0,"gold_gain":0,"player_choice":"Fight","damage_taken":0,"max_hp_gain":0,"max_hp_loss":0,"event_name":"Mysterious Sphere","floor":38,"gold_loss":0},{"damage_healed":0,"gold_gain":0,"player_choice":"Paid","damage_taken":0,"relics_obtained":["Red Mask"],"max_hp_gain":0,"max_hp_loss":0,"event_name":"Tomb of Lord Red Mask","floor":46,"gold_loss":62},{"damage_healed":0,"gold_gain":0,"player_choice":"Memory 1","damage_taken":0,"max_hp_gain":0,"max_hp_loss":0,"event_name":"SensoryStone","floor":48,"gold_loss":0}],"is_beta":false,"boss_relics":[{"not_picked":["Coffee Dripper","Runic Pyramid"],"picked":"Fusion Hammer"},{"not_picked":["Astrolabe","Snecko Eye"],"picked":"Eternal Feather"}],"items_purged_floors":[5,25,37,44],"is_endless":false,"potions_floor_spawned":[13,14,18,23,27,28,36,42],"ascension_level":7}