{"gold_per_floor":[364,364,377,58,58,58,90,90,90,90,103,103,121,133,133,235,235,248,248,258,258,273,273,305,305,305,325,64,84,84,7,7,105,105,120,131,176,19,19,19,38,53,99,99,99,114,114,134,134,134,134,134,34,63,63],"floor_reached":55,"playtime":1663,"items_purged":["Writhe","Strike_R"],"score":717,"play_id":"13f20c52-d94c-4944-af28-3f5ef2984310","local_time":"20181117220926","is_ascension_mode":false,"campfire_choices":[{"data":"Wild Strike","floor":6.0,"key":"SMITH"},{"data":"True Grit","floor":8.0,"key":"SMITH"},{"data":"Disarm","floor":12.0,"key":"SMITH"},{"data":"Metallicize","floor":15.0,"key":"SMITH"},{"data":"Limit Break","floor":23.0,"key":"SMITH"},{"data":"Immolate","floor":25.0,"key":"SMITH"},{"data":"Bash","floor":30.0,"key":"SMITH"},{"data":"Flame Barrier","floor":32.0,"key":"SMITH"},{"data":"Limit Break","floor":40.0,"key":"SMITH"},{"floor":47.0,"key":"RECALL"},{"data":"Defend_R","floor":49.0,"key":"SMITH"},{"data":"Defend_R","floor":52.0,"key":"SMITH"}],"neow_cost":"CURSE","seed_source_timestamp":30928454631044,"circlet_count":0,"master_deck":["Strike_R+1","Strike_R+1","Defend_R+1","Defend_R+1","Defend_R+1","Defend_R+1","Bash+1","True Grit+1","Thunderclap+1","Disarm+1","Wild Strike+1","Shrug It Off+1","Metallicize+1","Immolate+1","Limit Break+1","Flame Barrier+1","Limit Break+1","Heavy Blade+1","Sword Boomerang"],"special_seed":0,"relics":["Burning Blood","Brimstone","Bag of Marbles","Kunai","Sozu","Nilry\u0027s Codex","FossilizedHelix","Shuriken","Empty Cage","Charon\u0027s Ashes","War Paint","Whetstone","Toxic Egg 2"],"potions_floor_usage":[54],"damage_taken":[{"damage":0.0,"enemies":"Small Slimes","floor":1.0,"turns":3.0},{"damage":1.0,"enemies":"Cultist","floor":3.0,"turns":4.0},{"damage":16.0,"enemies":"Gremlin Nob","floor":7.0,"turns":3.0},{"damage":0.0,"enemies":"2 Louse","floor":11.0,"turns":1.0},{"damage":10.0,"enemies":"Exordium Wildlife","floor":13.0,"turns":3.0},{"damage":3.0,"enemies":"Gremlin Gang","floor":14.0,"turns":3.0},{"damage":10.0,"enemies":"Hexaghost","floor":16.0,"turns":7.0},{"damage":13.0,"enemies":"2 Thieves","floor":18.0,"turns":2.0},{"damage":3.0,"enemies":"Chosen","floor":20.0,"turns":3.0},{"damage":3.0,"enemies":"3 Cultists","floor":22.0,"turns":4.0},{"damage":0.0,"enemies":"Gremlin Leader","floor":24.0,"turns":5.0},{"damage":9.0,"enemies":"Centurion and Healer","floor":27.0,"turns":4.0},{"damage":0.0,"enemies":"Snake Plant","floor":29.0,"turns":3.0},{"damage":67.0,"enemies":"Automaton","floor":33.0,"turns":7.0},{"damage":0.0,"enemies":"3 Shapes","floor":35.0,"turns":3.0},{"damage":0.0,"enemies":"Orb Walker","floor":36.0,"turns":2.0},{"damage":30.0,"enemies":"2 Orb Walkers","floor":37.0,"turns":4.0},{"damage":0.0,"enemies":"Jaw Worm Horde","floor":41.0,"turns":2.0},{"damage":0.0,"enemies":"Maw","floor":42.0,"turns":5.0},{"damage":0.0,"enemies":"Transient","floor":46.0,"turns":5.0},{"damage":0.0,"enemies":"Jaw Worm Horde","floor":48.0,"turns":1.0},{"damage":61.0,"enemies":"Awakened One","floor":50.0,"turns":7.0},{"damage":82,"enemies":"Shield and Spear","floor":54,"turns":6},{"damage":44,"enemies":"The Heart","floor":55,"turns":2}],"seed_played":"-680846710562861567","potions_obtained":[{"floor":1.0,"key":"BloodPotion"},{"floor":7.0,"key":"SpeedPotion"},{"floor":14.0,"key":"Ancient Potion"}],"is_trial":false,"path_per_floor":["M","?","M","$","?","R","E","R","T","?","M","R","M","M","R","B",null,"M","?","M","?","M","R","E","R","T","M","$","M","R","$","R","B",null,"M","M","?","$","?","R","M","M","T","$","$","M","R","M","R","B",null,"R","$","E","B"],"character_chosen":"IRONCLAD","items_purchased":["Brimstone","Wild Strike","Shuriken","Flame Barrier","War Paint"],"campfire_rested":0,"item_purchase_floors":[4,4,28,31,38],"current_hp_per_floor":[80,80,80,80,80,80,70,70,70,54,60,60,56,59,59,55,80,73,57,60,60,63,63,69,69,69,66,66,72,72,72,72,11,80,80,80,56,56,56,56,62,68,68,68,68,74,74,76,76,21,76,76,76,7,0],"gold":63,"neow_bonus":"TWO_FIFTY_GOLD","is_prod":false,"is_daily":false,"chose_seed":false,"campfire_upgraded":11,"win_rate":0,"timestamp":1542481766,"path_taken":["M","?","?","$","?","R","E","R","T","?","M","R","M","M","R","BOSS","M","?","M","?","?","R","E","R","T","?","?","M","R","$","R","BOSS","M","M","?","$","?","R","M","M","T","?","$","M","R","?","R","BOSS","R","$","E","BOSS"],"build_version":"2018-11-15","purchased_purges":2,"victory":false,"max_hp_per_floor":[80,80,80,80,80,80,80,80,80,80,80,80,80,80,80,80,80,80,80,80,80,80,80,80,80,80,80,80,80,80,80,80,80,80,80,80,80,80,76,76,76,76,76,76,76,76,76,76,76,76,76,76,76,76,76],"card_choices":[{"not_picked":["Havoc","Anger"],"picked":"True Grit","floor":1.0},{"not_picked":["Clash","Corruption"],"picked":"Disarm","floor":3.0},{"not_picked":["Entrench","Sentinel"],"picked":"Shrug It Off","floor":7.0},{"not_picked":["Clothesline","Evolve"],"picked":"Metallicize","floor":11.0},{"not_picked":["Blood for Blood","Clash","Sever Soul"],"picked":"SKIP","floor":13.0},{"not_picked":["Body Slam","Searing Blow"],"picked":"Immolate","floor":14.0},{"not_picked":["Exhume","Demon Form"],"picked":"Limit Break","floor":16.0},{"not_picked":["Iron Wave","Burning Pact","Dropkick"],"picked":"SKIP","floor":18.0},{"not_picked":["Headbutt+1","Anger","Heavy Blade"],"picked":"SKIP","floor":20.0},{"not_picked":["Shrug It Off","True Grit","Flex"],"picked":"SKIP","floor":22.0},{"not_picked":["Clothesline","Reckless Charge","Iron Wave+1"],"picked":"SKIP","floor":24.0},{"not_picked":["Heavy Blade","Headbutt","Barricade"],"picked":"SKIP","floor":27.0},{"not_picked":["Body Slam","Wild Strike","Clash"],"picked":"SKIP","floor":29.0},{"not_picked":["Exhume","Barricade"],"picked":"Limit Break","floor":33.0},{"not_picked":["Inflame+1","Cleave+1","Armaments+1"],"picked":"SKIP","floor":35.0},{"not_picked":["Uppercut","Searing Blow","Cleave+1"],"picked":"SKIP","floor":36.0},{"not_picked":["Combust","Perfected Strike"],"picked":"Heavy Blade+1","floor":37.0},{"not_picked":["Power Through+1","Rage","Wild Strike"],"picked":"SKIP","floor":41.0},{"not_picked":["Wild Strike+1","Shrug It Off","Dark Embrace"],"picked":"SKIP","floor":42.0},{"not_picked":["Anger+1","Warcry+1","Shrug It Off+1"],"picked":"SKIP","floor":46.0},{"not_picked":["Headbutt","Perfected Strike","Spot Weakness"],"picked":"SKIP","floor":48.0},{"not_picked":["Disarm+1","Battle Trance"],"picked":"Sword Boomerang","floor":54}],"player_experience":523461,"relics_obtained":[{"floor":7.0,"key":"Bag of Marbles"},{"floor":9.0,"key":"Kunai"},{"floor":19.0,"key":"Nilry\u0027s Codex"},{"floor":24.0,"key":"FossilizedHelix"},{"floor":37.0,"key":"Charon\u0027s Ashes"},{"floor":43.0,"key":"Whetstone"},{"floor":54,"key":"Toxic Egg 2"}],"event_choices":[{"damage_healed":0.0,"max_hp_gain":0.0,"max_hp_loss":0.0,"gold_gain":0.0,"event_name":"Match and Keep!","player_choice":"1 cards matched","floor":2.0,"gold_loss":0.0,"damage_taken":0.0,"cards_obtained":["Thunderclap"]},{"damage_healed":0.0,"max_hp_gain":0.0,"max_hp_loss":0.0,"gold_gain":0.0,"event_name":"Liars Game","player_choice":"Ignored","floor":5.0,"gold_loss":0.0,"damage_taken":0.0},{"damage_healed":0.0,"max_hp_gain":0.0,"max_hp_loss":0.0,"gold_gain":0.0,"event_name":"Shining Light","player_choice":"Entered Light","floor":10.0,"gold_loss":0.0,"damage_taken":16.0,"cards_upgraded":["Strike_R","Defend_R"]},{"damage_healed":0.0,"max_hp_gain":0.0,"max_hp_loss":0.0,"gold_gain":0.0,"event_name":"Cursed Tome","player_choice":"Obtained Book","floor":19.0,"gold_loss":0.0,"damage_taken":16.0},{"damage_healed":0.0,"max_hp_gain":0.0,"max_hp_loss":0.0,"gold_gain":0.0,"event_name":"The Woman in Blue","player_choice":"Bought 0 Potions","floor":21.0,"gold_loss":0.0,"damage_taken":0.0},{"damage_healed":0.0,"max_hp_gain":0.0,"max_hp_loss":0.0,"gold_gain":0.0,"event_name":"Mysterious Sphere","player_choice":"Fight","floor":37.0,"gold_loss":0.0,"damage_taken":0.0},{"damage_healed":0.0,"max_hp_gain":0.0,"max_hp_loss":4.0,"gold_gain":0.0,"event_name":"Winding Halls","player_choice":"Max HP","floor":39.0,"gold_loss":0.0,"damage_taken":0.0}],"is_beta":false,"boss_relics":[{"not_picked":["Tiny House","Ectoplasm"],"picked":"Sozu"},{"not_picked":["Calling Bell","White Beast Statue"],"picked":"Empty Cage"}],"items_purged_floors":[4,53],"is_endless":false,"potions_floor_spawned":[1,7,14,16,18,27,29,36,41,42,54],"killed_by":"The Heart","ascension_level":0}