{"gold_per_floor":[117,117,133,147,33,60,60,60,114,134,134,147,177,191,191,290,290,300,300,300,215,49,49,78,89,89,89,24,24,24,36,36,36],"floor_reached":33,"playtime":992,"items_purged":["Strike_G","Decay"],"score":398,"play_id":"c344ff63-38ae-40e2-81f5-037e7c2cdc42","local_time":"20190202204840","is_ascension_mode":true,"campfire_choices":[{"data":"1","floor":7.0,"key":"LIFT"},{"data":"2","floor":11.0,"key":"LIFT"},{"data":"Dagger Spray","floor":15.0,"key":"SMITH"},{"data":"Writhe","floor":23,"key":"PURGE"},{"data":"Injury","floor":27,"key":"PURGE"},{"data":"3","floor":29,"key":"LIFT"},{"floor":32,"key":"REST"}],"neow_cost":"TEN_PERCENT_HP_LOSS","seed_source_timestamp":29738789721905,"circlet_count":0,"master_deck":["Defend_G","Defend_G","Defend_G","Defend_G","Defend_G","Strike_G","Strike_G","Strike_G","Strike_G","Survivor","Neutralize","Dagger Spray+1","Well Laid Plans","Deadly Poison","Footwork","Well Laid Plans","Poisoned Stab","Deadly Poison","Crippling Poison","Caltrops","Corpse Explosion","Catalyst","Leg Sweep","Skewer+1","Noxious Fumes","Bane+1"],"special_seed":0,"relics":["Ring of the Snake","Girya","PreservedInsect","Happy Flower","Strawberry","Calling Bell","Vajra","The Courier","Peace Pipe","MutagenicStrength","Molten Egg 2","Pear","Dodecahedron"],"potions_floor_usage":[24,33,33],"damage_taken":[{"damage":2.0,"enemies":"Small Slimes","floor":1.0,"turns":4.0},{"damage":6.0,"enemies":"Jaw Worm","floor":3.0,"turns":5.0},{"damage":0.0,"enemies":"2 Louse","floor":4.0,"turns":2.0},{"damage":9.0,"enemies":"Lagavulin","floor":6.0,"turns":8.0},{"damage":1.0,"enemies":"Looter","floor":10.0,"turns":3.0},{"damage":3.0,"enemies":"Exordium Wildlife","floor":12.0,"turns":4.0},{"damage":0.0,"enemies":"3 Sentries","floor":13.0,"turns":5.0},{"damage":0.0,"enemies":"Exordium Thugs","floor":14.0,"turns":3.0},{"damage":13.0,"enemies":"Slime Boss","floor":16.0,"turns":9.0},{"damage":16.0,"enemies":"Shell Parasite","floor":18.0,"turns":7.0},{"damage":42,"enemies":"Book of Stabbing","floor":24,"turns":5},{"damage":10,"enemies":"Spheric Guardian","floor":25,"turns":6},{"damage":0,"enemies":"Centurion and Healer","floor":31,"turns":3},{"damage":53,"enemies":"Champ","floor":33,"turns":12}],"seed_played":"-5224619953768233046","potions_obtained":[{"floor":4.0,"key":"GamblersBrew"},{"floor":10.0,"key":"Regen Potion"},{"floor":12.0,"key":"SkillPotion"},{"floor":13.0,"key":"Dexterity Potion"},{"floor":18.0,"key":"Strength Potion"},{"floor":25,"key":"SpeedPotion"}],"is_trial":false,"path_per_floor":["M","?","M","M","$","E","R","?","T","M","R","M","E","M","R","B",null,"M","?","?","?","$","R","E","M","T","R","$","R","?","M","R","B"],"character_chosen":"THE_SILENT","items_purchased":["Footwork","Leg Sweep","Skewer+1","Noxious Fumes"],"campfire_rested":1,"item_purchase_floors":[5,22,22,28],"current_hp_per_floor":[61,66,60,60,60,51,51,51,51,50,50,47,54,54,54,41,67,51,51,51,51,51,51,34,24,24,24,24,24,24,24,49,0],"gold":36,"neow_bonus":"ONE_RARE_RELIC","is_prod":false,"is_daily":false,"chose_seed":false,"campfire_upgraded":1,"win_rate":0,"timestamp":1549129720,"path_taken":["M","?","M","M","$","E","R","?","T","M","R","M","E","M","R","BOSS","M","?","?","?","$","R","E","M","T","R","?","R","?","M","R","BOSS"],"build_version":"2019-01-23","purchased_purges":2,"victory":false,"max_hp_per_floor":[63,68,68,68,68,68,68,68,68,68,68,68,75,75,75,75,75,75,75,75,75,75,75,85,85,85,85,85,85,85,85,85,85],"card_choices":[{"not_picked":["Prepared","Escape Plan"],"picked":"Dagger Spray","floor":1.0},{"not_picked":["Flechettes","Riddle With Holes"],"picked":"Well Laid Plans","floor":3.0},{"not_picked":["Flying Knee","Masterful Stab"],"picked":"Deadly Poison","floor":4.0},{"not_picked":["Endless Agony","Prepared"],"picked":"Well Laid Plans","floor":6.0},{"not_picked":["Blade Dance","Prepared"],"picked":"Poisoned Stab","floor":10.0},{"not_picked":["Escape Plan","Expertise"],"picked":"Deadly Poison","floor":12.0},{"not_picked":["Dodge and Roll","Bullet Time"],"picked":"Crippling Poison","floor":13.0},{"not_picked":["Slice","Endless Agony"],"picked":"Caltrops","floor":14.0},{"not_picked":["Venomology","Wraith Form v2"],"picked":"Corpse Explosion","floor":16.0},{"not_picked":["Backflip","Poisoned Stab+1"],"picked":"Catalyst","floor":18.0},{"not_picked":["Quick Slash+1","Distraction","Bouncing Flask"],"picked":"SKIP","floor":24},{"not_picked":["Underhanded Strike+1","Poisoned Stab+1","Setup"],"picked":"SKIP","floor":25},{"not_picked":["Acrobatics+1","Bane+1","PiercingWail"],"picked":"SKIP","floor":31},{"not_picked":["Acrobatics+1","PiercingWail"],"picked":"Bane+1","floor":31}],"player_experience":735608,"relics_obtained":[{"floor":6.0,"key":"PreservedInsect"},{"floor":9.0,"key":"Happy Flower"},{"floor":13.0,"key":"Strawberry"},{"floor":17.0,"key":"Vajra"},{"floor":17.0,"key":"The Courier"},{"floor":17.0,"key":"Peace Pipe"},{"floor":24,"key":"Pear"},{"floor":26,"key":"Dodecahedron"}],"event_choices":[{"damage_healed":0.0,"max_hp_gain":5.0,"max_hp_loss":0.0,"gold_gain":0.0,"event_name":"Big Fish","player_choice":"Donut","floor":2.0,"gold_loss":0.0,"damage_taken":0.0},{"damage_healed":0.0,"max_hp_gain":0.0,"max_hp_loss":0.0,"gold_gain":0.0,"event_name":"Liars Game","player_choice":"Ignored","floor":8.0,"gold_loss":0.0,"damage_taken":0.0},{"damage_healed":0.0,"max_hp_gain":0.0,"max_hp_loss":0.0,"gold_gain":0.0,"event_name":"The Mausoleum","player_choice":"Ignored","floor":19.0,"gold_loss":0.0,"damage_taken":0.0},{"damage_healed":0,"gold_gain":0,"player_choice":"Inject Mutagens","damage_taken":0,"relics_obtained":["MutagenicStrength"],"max_hp_gain":0,"max_hp_loss":0,"event_name":"Drug Dealer","floor":20,"gold_loss":0},{"damage_healed":0,"gold_gain":0,"player_choice":"Obtained Relic","damage_taken":0,"relics_obtained":["Molten Egg 2"],"max_hp_gain":0,"max_hp_loss":0,"event_name":"Addict","floor":21,"gold_loss":85},{"damage_healed":0,"gold_gain":0,"player_choice":"Ignored","damage_taken":0,"max_hp_gain":0,"max_hp_loss":0,"event_name":"Cursed Tome","floor":30,"gold_loss":0}],"is_beta":false,"boss_relics":[{"not_picked":["Runic Pyramid","Coffee Dripper"],"picked":"Calling Bell"}],"items_purged_floors":[5,22],"is_endless":false,"potions_floor_spawned":[4,10,12,13,18,25,31],"killed_by":"Champ","ascension_level":5}