{"gold_per_floor":[110,110,121,296,296,296,296,321,321,321,339,357,374,407,407,503,503,523,97,115,125,87,87,101,101,101,101,116,150,163,163,163,259,259,269,269,269,283,301,301],"floor_reached":40,"playtime":1949,"items_purged":["Strike_G"],"score":418,"play_id":"2108a17c-8782-4050-9714-b05a886d9776","local_time":"20181124183503","is_ascension_mode":false,"campfire_choices":[{"data":"Footwork","floor":6.0,"key":"SMITH"},{"data":"Cloak And Dagger","floor":10.0,"key":"SMITH"},{"data":"Unload","floor":15.0,"key":"SMITH"},{"data":"Dodge and Roll","floor":23,"key":"SMITH"},{"data":"Malaise","floor":25,"key":"SMITH"},{"data":"Survivor","floor":27,"key":"SMITH"},{"floor":32,"key":"REST"}],"neow_cost":"NONE","seed_source_timestamp":18077673458538,"circlet_count":0,"master_deck":["Defend_G","Defend_G","Defend_G","Defend_G","Defend_G","Strike_G","Strike_G","Strike_G","Survivor+1","Neutralize+1","Footwork+1","Cloak And Dagger+1","Well Laid Plans","Flying Knee","Endless Agony","Unload+1","Backstab","Malaise+1","Footwork+1","Dodge and Roll+1","Terror","PiercingWail+1","Escape Plan","Footwork","After Image","Blur","Backflip+1"],"special_seed":0,"relics":["Ring of the Snake","Strawberry","Juzu Bracelet","StoneCalendar","Lantern","Ginger","Philosopher\u0027s Stone","Oddly Smooth Stone","DollysMirror","Anchor","Nilry\u0027s Codex","Busted Crown"],"potions_floor_usage":[30],"damage_taken":[{"damage":7.0,"enemies":"Small Slimes","floor":1.0,"turns":5.0},{"damage":1.0,"enemies":"Jaw Worm","floor":3.0,"turns":6.0},{"damage":18.0,"enemies":"Gremlin Nob","floor":8.0,"turns":7.0},{"damage":0.0,"enemies":"Cultist","floor":11.0,"turns":4.0},{"damage":10.0,"enemies":"Gremlin Gang","floor":12.0,"turns":5.0},{"damage":2.0,"enemies":"Looter","floor":13.0,"turns":3.0},{"damage":2.0,"enemies":"Lagavulin","floor":14.0,"turns":6.0},{"damage":14.0,"enemies":"Hexaghost","floor":16.0,"turns":12.0},{"damage":7,"enemies":"3 Byrds","floor":18,"turns":6},{"damage":8,"enemies":"Spheric Guardian","floor":20,"turns":6},{"damage":5,"enemies":"Shelled Parasite and Fungi","floor":21,"turns":7},{"damage":6,"enemies":"Centurion and Healer","floor":24,"turns":7},{"damage":8,"enemies":"3 Cultists","floor":28,"turns":7},{"damage":1,"enemies":"Book of Stabbing","floor":29,"turns":6},{"damage":6,"enemies":"Cultist and Chosen","floor":30,"turns":7},{"damage":13,"enemies":"Champ","floor":33,"turns":20},{"damage":26,"enemies":"3 Darklings","floor":35,"turns":7},{"damage":8,"enemies":"Orb Walker","floor":38,"turns":4},{"damage":30,"enemies":"Sphere and 2 Shapes","floor":39,"turns":8},{"damage":30,"enemies":"Reptomancer","floor":40,"turns":2}],"seed_played":"-8350811370204515496","potions_obtained":[{"floor":3.0,"key":"Weak Potion"},{"floor":11.0,"key":"Dexterity Potion"},{"floor":12.0,"key":"Weak Potion"},{"floor":14.0,"key":"GamblersBrew"},{"floor":20,"key":"LiquidBronze"},{"floor":30,"key":"Block Potion"},{"floor":38,"key":"PowerPotion"}],"is_trial":false,"path_per_floor":["M","?","M","?","?","R","?","E","T","R","M","M","M","E","R","B",null,"M","$","M","M","$","R","M","R","T","R","M","E","M","?","R","B",null,"M","?","?","M","M","E"],"character_chosen":"THE_SILENT","items_purchased":["Oddly Smooth Stone","DollysMirror","Terror"],"campfire_rested":1,"item_purchase_floors":[19,19,22],"current_hp_per_floor":[63,67,66,66,66,66,66,48,48,48,48,38,36,34,34,20,77,70,70,62,57,57,57,51,51,51,51,43,42,36,20,43,30,77,51,51,51,43,13,0],"gold":301,"neow_bonus":"UPGRADE_CARD","is_prod":false,"is_daily":false,"chose_seed":false,"campfire_upgraded":6,"win_rate":0,"timestamp":1543073703,"path_taken":["M","?","M","?","?","R","?","E","T","R","M","M","M","E","R","BOSS","M","$","M","M","$","R","M","R","T","R","M","E","M","?","R","BOSS","M","?","?","M","M","E"],"build_version":"2018-11-15","purchased_purges":1,"victory":false,"max_hp_per_floor":[70,77,77,77,77,77,77,77,77,77,77,77,77,77,77,77,77,77,77,77,77,77,77,77,77,77,77,77,77,77,77,77,77,77,77,77,73,73,73,73],"card_choices":[{"not_picked":["Quick Slash","Slice"],"picked":"Footwork","floor":1.0},{"not_picked":["Well Laid Plans","Deadly Poison"],"picked":"Cloak And Dagger","floor":3.0},{"not_picked":["Expertise","Choke"],"picked":"Well Laid Plans","floor":8.0},{"not_picked":["Flechettes","Backflip"],"picked":"Flying Knee","floor":11.0},{"not_picked":["Bane","Outmaneuver"],"picked":"Endless Agony","floor":12.0},{"not_picked":["Reflex","Distraction"],"picked":"Unload","floor":13.0},{"not_picked":["Choke","Sucker Punch"],"picked":"Backstab","floor":14.0},{"not_picked":["Adrenaline","A Thousand Cuts"],"picked":"Malaise","floor":16.0},{"not_picked":["Poisoned Stab","Concentrate+1","Blade Dance"],"picked":"SKIP","floor":18},{"not_picked":["Underhanded Strike+1","Sucker Punch","Masterful Stab"],"picked":"SKIP","floor":20},{"not_picked":["Outmaneuver+1","Flying Knee"],"picked":"Dodge and Roll","floor":21},{"not_picked":["Slice","Deflect"],"picked":"PiercingWail+1","floor":24},{"not_picked":["Dodge and Roll","Slice"],"picked":"Escape Plan","floor":28},{"not_picked":["After Image","Riddle With Holes"],"picked":"Footwork","floor":29},{"not_picked":["Acrobatics","Tactician","Deflect"],"picked":"SKIP","floor":30},{"not_picked":["Doppelganger","Envenom"],"picked":"After Image","floor":33},{"not_picked":[],"picked":"Blur","floor":35},{"not_picked":["Heel Hook"],"picked":"SKIP","floor":38},{"not_picked":[],"picked":"Backflip+1","floor":39}],"player_experience":541270,"relics_obtained":[{"floor":8.0,"key":"StoneCalendar"},{"floor":9.0,"key":"Lantern"},{"floor":14.0,"key":"Ginger"},{"floor":29,"key":"Anchor"},{"floor":31,"key":"Nilry\u0027s Codex"}],"event_choices":[{"damage_healed":0.0,"max_hp_gain":0.0,"max_hp_loss":0.0,"gold_gain":0.0,"event_name":"Scrap Ooze","player_choice":"Success","floor":2.0,"gold_loss":0.0,"damage_taken":3.0,"relics_obtained":["Strawberry"]},{"damage_healed":0.0,"max_hp_gain":0.0,"max_hp_loss":0.0,"gold_gain":175.0,"event_name":"Liars Game","player_choice":"AGREE","floor":4.0,"gold_loss":0.0,"damage_taken":0.0,"cards_obtained":["Doubt"]},{"damage_healed":0.0,"max_hp_gain":0.0,"max_hp_loss":0.0,"gold_gain":0.0,"event_name":"WeMeetAgain","player_choice":"Gave Potion","floor":5.0,"gold_loss":0.0,"damage_taken":0.0,"relics_obtained":["Juzu Bracelet"]},{"cards_removed":["Doubt"],"damage_healed":0.0,"max_hp_gain":0.0,"max_hp_loss":0.0,"gold_gain":0.0,"event_name":"Purifier","player_choice":"Purged","floor":7.0,"gold_loss":0.0,"damage_taken":0.0},{"damage_healed":0,"gold_gain":0,"player_choice":"Obtained Book","damage_taken":16,"max_hp_gain":0,"max_hp_loss":0,"event_name":"Cursed Tome","floor":31,"gold_loss":0},{"cards_removed":["Strike_G"],"damage_healed":0,"gold_gain":0,"player_choice":"Removed Attack","damage_taken":0,"max_hp_gain":0,"max_hp_loss":0,"event_name":"Falling","floor":36,"gold_loss":0},{"damage_healed":0,"gold_gain":0,"player_choice":"Max HP","damage_taken":0,"max_hp_gain":0,"max_hp_loss":4,"event_name":"Winding Halls","floor":37,"gold_loss":0}],"is_beta":false,"boss_relics":[{"not_picked":["WristBlade","Cursed Key"],"picked":"Philosopher\u0027s Stone"},{"not_picked":["Orrery","Runic Dome"],"picked":"Busted Crown"}],"items_purged_floors":[19],"is_endless":false,"potions_floor_spawned":[3,11,12,14,20,24,28,30,38],"killed_by":"Reptomancer","ascension_level":0}