{"gold_per_floor":[416,4,4,20,0,0,32,42,65,65,78,78,96,114,114,114],"floor_reached":16,"playtime":945,"items_purged":["Regret"],"score":204,"play_id":"079f3153-b339-4736-8b80-7bd89c8ab4d3","local_time":"20190718172404","is_ascension_mode":true,"campfire_choices":[{"data":"Bash","floor":6,"key":"SMITH"},{"data":"Carnage","floor":10,"key":"SMITH"},{"data":"Hemokinesis","floor":12,"key":"SMITH"},{"data":"Flame Barrier","floor":15,"key":"SMITH"}],"neow_cost":"CURSE","seed_source_timestamp":662423990137942,"circlet_count":0,"master_deck":["AscendersBane","Strike_R","Strike_R","Strike_R","Strike_R","Defend_R","Defend_R","Defend_R","Defend_R","Bash+1","Flame Barrier+1","Carnage+1","Hemokinesis+1","Shrug It Off"],"relics":["Burning Blood","Old Coin","PreservedInsect","Smiling Mask","Dream Catcher"],"potions_floor_usage":[11,13],"damage_taken":[{"damage":13,"enemies":"Small Slimes","floor":1,"turns":3},{"damage":5,"enemies":"Jaw Worm","floor":4,"turns":3},{"damage":27,"enemies":"Gremlin Nob","floor":7,"turns":4},{"damage":0,"enemies":"Cultist","floor":8,"turns":2},{"damage":8,"enemies":"Large Slime","floor":11,"turns":4},{"damage":7,"enemies":"Lots of Slimes","floor":13,"turns":4},{"damage":16,"enemies":"Gremlin Gang","floor":14,"turns":5},{"damage":30,"enemies":"Hexaghost","floor":16,"turns":8}],"seed_played":"5782189420614717084","potions_obtained":[{"floor":7,"key":"Block Potion"},{"floor":8,"key":"Energy Potion"}],"is_trial":false,"path_per_floor":["M","$","?","M","?","R","E","M","T","R","M","R","M","M","R","B"],"character_chosen":"IRONCLAD","items_purchased":["PreservedInsect","Carnage","Hemokinesis"],"campfire_rested":0,"item_purchase_floors":[2,2,2],"current_hp_per_floor":[61,61,54,55,55,55,34,40,40,40,38,38,37,27,27,0],"gold":114,"neow_bonus":"ONE_RARE_RELIC","is_prod":false,"is_daily":false,"chose_seed":false,"campfire_upgraded":4,"win_rate":0,"timestamp":1563485044,"path_taken":["M","$","?","M","?","R","E","?","T","R","M","R","M","M","R","BOSS"],"build_version":"2019-07-17","purchased_purges":1,"victory":false,"max_hp_per_floor":[75,75,75,75,75,75,75,75,75,75,75,75,75,75,75,75],"card_choices":[{"not_picked":["Havoc","Entrench"],"picked":"Flame Barrier","floor":1},{"not_picked":["Flex","Clash","Cleave"],"picked":"SKIP","floor":4},{"not_picked":["Cleave","Body Slam","Warcry"],"picked":"SKIP","floor":7},{"not_picked":["Warcry","Twin Strike","Double Tap"],"picked":"SKIP","floor":8},{"not_picked":["Havoc","Sever Soul"],"picked":"Shrug It Off","floor":11},{"not_picked":["Twin Strike","Thunderclap","Havoc"],"picked":"SKIP","floor":13},{"not_picked":["Perfected Strike","Reckless Charge","Havoc"],"picked":"SKIP","floor":14}],"player_experience":2502022,"relics_obtained":[{"floor":7,"key":"Smiling Mask"},{"floor":9,"key":"Dream Catcher"}],"event_choices":[{"cards_removed":["Strike_R"],"damage_healed":0,"gold_gain":0,"player_choice":"Card Removal","damage_taken":7,"max_hp_gain":0,"max_hp_loss":0,"event_name":"Golden Wing","floor":3,"gold_loss":0},{"damage_healed":0,"gold_gain":0,"player_choice":"Left Gold","damage_taken":0,"max_hp_gain":0,"max_hp_loss":0,"event_name":"World of Goop","floor":5,"gold_loss":20}],"is_beta":false,"boss_relics":[],"items_purged_floors":[2],"is_endless":false,"potions_floor_spawned":[7,8],"killed_by":"Hexaghost","ascension_level":20}