{"gold_per_floor":[113,127,127,127,57,57,75,100,177,189,215,235,262,279,279,379,379,389,488,500,124,139,166,166,195,247,247,267,267,298,298,298,393,393,405,416,1415,1432,1432,1444,1459,1484,1484,1484,1484,1511,828,840,840,840,840,840,71,100,100],"floor_reached":56,"playtime":2643,"items_purged":["Strike_R","Normality","Strike_R+1"],"score":1385,"play_id":"34074786-125f-4045-8e9a-cbfb55dac419","local_time":"20190619203428","is_ascension_mode":true,"campfire_choices":[{"data":"Bash","floor":6,"key":"SMITH"},{"data":"Metallicize","floor":15,"key":"SMITH"},{"data":"Flame Barrier","floor":24,"key":"SMITH"},{"data":"Metallicize","floor":27,"key":"SMITH"},{"floor":32,"key":"RECALL"},{"data":"Shockwave","floor":49,"key":"SMITH"},{"data":"Juggernaut","floor":52,"key":"SMITH"}],"neow_cost":"NONE","seed_source_timestamp":43457725636898,"circlet_count":0,"master_deck":["Strike_R+1","Defend_R+1","Defend_R+1","Defend_R+1","Bash+1","True Grit+1","Metallicize+1","Pommel Strike","Flame Barrier+1","Shrug It Off","Headbutt+1","Metallicize+1","Shrug It Off+1","Immolate+1","Clothesline+1","Feed+1","Shockwave+1","Spot Weakness+1","Juggernaut+1","Dark Embrace+1","Berserk+1","Feel No Pain+1","Disarm","Normality","Burning Pact+1","Master of Strategy","Corruption","Heavy Blade+1","Metallicize"],"relics":["Burning Blood","Centennial Puzzle","Boot","Molten Egg 2","Ancient Tea Set","Unceasing Top","Velvet Choker","Orichalcum","Lantern","Kunai","Potion Belt","Enchiridion","War Paint","Astrolabe","Shuriken","Regal Pillow","Dream Catcher","Oddly Smooth Stone","Happy Flower","Bronze Scales","ClockworkSouvenir","Strawberry","Vajra"],"potions_floor_usage":[13,13,46,55,55,55,55],"damage_taken":[{"damage":6,"enemies":"Cultist","floor":1,"turns":3},{"damage":7,"enemies":"2 Louse","floor":2,"turns":2},{"damage":8,"enemies":"Jaw Worm","floor":7,"turns":3},{"damage":27,"enemies":"3 Sentries","floor":8,"turns":9},{"damage":16,"enemies":"Exordium Thugs","floor":10,"turns":4},{"damage":25,"enemies":"Lagavulin","floor":11,"turns":9},{"damage":0,"enemies":"Blue Slaver","floor":12,"turns":5},{"damage":12,"enemies":"3 Sentries","floor":13,"turns":9},{"damage":0,"enemies":"Large Slime","floor":14,"turns":9},{"damage":11,"enemies":"The Guardian","floor":16,"turns":18},{"damage":5,"enemies":"2 Thieves","floor":18,"turns":4},{"damage":5,"enemies":"Chosen","floor":20,"turns":3},{"damage":15,"enemies":"Snake Plant","floor":22,"turns":6},{"damage":12,"enemies":"Book of Stabbing","floor":23,"turns":7},{"damage":10,"enemies":"Gremlin Leader","floor":25,"turns":5},{"damage":0,"enemies":"Snecko","floor":28,"turns":5},{"damage":12,"enemies":"Book of Stabbing","floor":30,"turns":6},{"damage":10,"enemies":"Automaton","floor":33,"turns":14},{"damage":3,"enemies":"3 Shapes","floor":35,"turns":4},{"damage":1,"enemies":"Orb Walker","floor":36,"turns":4},{"damage":24,"enemies":"Sphere and 2 Shapes","floor":38,"turns":7},{"damage":19,"enemies":"3 Darklings","floor":40,"turns":8},{"damage":14,"enemies":"Writhing Mass","floor":41,"turns":9},{"damage":22,"enemies":"Nemesis","floor":42,"turns":11},{"damage":25,"enemies":"Reptomancer","floor":46,"turns":9},{"damage":3,"enemies":"Spire Growth","floor":48,"turns":6},{"damage":27,"enemies":"Donu and Deca","floor":50,"turns":13},{"damage":55,"enemies":"Shield and Spear","floor":54,"turns":7},{"damage":51,"enemies":"The Heart","floor":55,"turns":10}],"seed_played":"-3861216269585697481","potions_obtained":[{"floor":2,"key":"Weak Potion"},{"floor":8,"key":"SteroidPotion"},{"floor":11,"key":"EssenceOfSteel"},{"floor":14,"key":"EssenceOfSteel"},{"floor":16,"key":"PowerPotion"},{"floor":25,"key":"Regen Potion"},{"floor":33,"key":"Swift Potion"},{"floor":36,"key":"AttackPotion"},{"floor":42,"key":"LiquidBronze"},{"floor":46,"key":"SpeedPotion"}],"is_trial":false,"path_per_floor":["M","M","?","?","$","R","M","E","T","M","E","M","E","M","R","B",null,"M","?","M","$","M","E","R","E","T","R","M","?","E","?","R","B",null,"M","M","?","M","?","M","M","E","T","?","?","E","$","M","R","B",null,"R","$","E","B",null],"character_chosen":"IRONCLAD","items_purchased":["Metallicize","Feed+1","Orichalcum","Oddly Smooth Stone","Master of Strategy","Happy Flower","PowerPotion","Dexterity Potion","Bronze Scales","ClockworkSouvenir","Corruption","Strawberry","Heavy Blade+1"],"campfire_rested":0,"item_purchase_floors":[5,21,21,47,47,47,47,47,53,53,53,53,53],"current_hp_per_floor":[80,79,79,72,72,72,70,49,49,39,20,26,20,26,26,21,80,80,80,80,80,75,69,69,65,65,65,75,59,53,53,53,49,88,92,96,96,82,82,73,65,53,53,53,53,38,38,41,41,24,116,116,123,78,33],"gold":100,"neow_bonus":"RANDOM_COMMON_RELIC","is_prod":false,"is_daily":false,"chose_seed":false,"campfire_upgraded":6,"win_rate":0,"timestamp":1560965668,"path_taken":["M","?","?","?","?","R","M","E","T","M","E","M","E","M","R","BOSS","M","?","M","$","M","E","R","E","T","R","M","?","E","?","R","BOSS","M","M","?","M","?","M","?","E","T","?","?","E","$","M","R","BOSS","R","$","E","BOSS"],"build_version":"2019-01-23","purchased_purges":3,"victory":true,"max_hp_per_floor":[80,80,80,80,80,80,80,80,80,80,80,80,80,80,80,80,80,80,80,80,80,84,84,84,84,84,84,88,88,88,88,88,88,88,92,96,96,100,100,104,104,108,108,108,108,112,112,112,112,116,116,116,123,127,127],"card_choices":[{"not_picked":["Wild Strike","True Grit"],"picked":"Twin Strike","floor":1},{"not_picked":["Wild Strike","Body Slam"],"picked":"True Grit","floor":2},{"not_picked":["Pummel","Anger"],"picked":"Pommel Strike","floor":7},{"not_picked":["Infernal Blade","Headbutt"],"picked":"Flame Barrier","floor":8},{"not_picked":["Sever Soul+1","Anger+1","Clash+1"],"picked":"SKIP","floor":10},{"not_picked":["Battle Trance","Brutality"],"picked":"Shrug It Off","floor":11},{"not_picked":["Armaments","Sword Boomerang+1"],"picked":"Headbutt+1","floor":12},{"not_picked":["Carnage+1","Anger+1"],"picked":"Metallicize","floor":13},{"not_picked":["Rage","Pommel Strike+1"],"picked":"Shrug It Off","floor":14},{"not_picked":["Brutality","Impervious"],"picked":"Immolate+1","floor":16},{"not_picked":["Sword Boomerang+1","Pummel+1","Perfected Strike+1"],"picked":"SKIP","floor":18},{"not_picked":["Clothesline+1","Wild Strike+1","Twin Strike+1"],"picked":"SKIP","floor":20},{"not_picked":["Wild Strike+1","Twin Strike+1"],"picked":"Clothesline+1","floor":20},{"not_picked":["Sentinel","Bloodletting"],"picked":"Shockwave","floor":22},{"not_picked":["Sentinel","Intimidate"],"picked":"Spot Weakness+1","floor":23},{"not_picked":["Wild Strike+1","Evolve","Iron Wave+1"],"picked":"SKIP","floor":25},{"not_picked":["Body Slam+1","Flex","Perfected Strike+1"],"picked":"SKIP","floor":28},{"not_picked":["Perfected Strike+1","Spot Weakness","Headbutt+1"],"picked":"SKIP","floor":30},{"not_picked":["Exhume","Dark Embrace"],"picked":"Juggernaut","floor":33},{"not_picked":["Sword Boomerang+1","Havoc","Evolve+1"],"picked":"SKIP","floor":35},{"not_picked":["Armaments+1","Warcry"],"picked":"Disarm","floor":36},{"not_picked":["Second Wind","Pommel Strike+1","Flex+1"],"picked":"SKIP","floor":38},{"not_picked":["Perfected Strike+1","Body Slam+1"],"picked":"Burning Pact+1","floor":40},{"not_picked":["True Grit+1","Heavy Blade+1","Sword Boomerang+1"],"picked":"SKIP","floor":41},{"not_picked":["Dark Embrace","Armaments+1","Flex"],"picked":"SKIP","floor":42},{"not_picked":["Juggernaut","Clash+1","Havoc"],"picked":"SKIP","floor":46},{"not_picked":["Perfected Strike+1","Searing Blow+1","Evolve"],"picked":"SKIP","floor":48},{"not_picked":["Cleave+1","Fiend Fire+1"],"picked":"Metallicize","floor":54}],"player_experience":982933,"relics_obtained":[{"floor":8,"key":"Boot"},{"floor":9,"key":"Molten Egg 2"},{"floor":11,"key":"Ancient Tea Set"},{"floor":13,"key":"Unceasing Top"},{"floor":23,"key":"Lantern"},{"floor":25,"key":"Kunai"},{"floor":26,"key":"Potion Belt"},{"floor":29,"key":"Enchiridion"},{"floor":30,"key":"War Paint"},{"floor":39,"key":"Shuriken"},{"floor":42,"key":"Regal Pillow"},{"floor":46,"key":"Dream Catcher"},{"floor":54,"key":"Vajra"}],"event_choices":[{"damage_healed":0,"gold_gain":0,"player_choice":"Grow","damage_taken":0,"max_hp_gain":0,"max_hp_loss":0,"event_name":"Living Wall","floor":3,"gold_loss":0,"cards_upgraded":["True Grit"]},{"cards_removed":["Strike_R"],"damage_healed":0,"gold_gain":0,"player_choice":"Card Removal","damage_taken":7,"max_hp_gain":0,"max_hp_loss":0,"event_name":"Golden Wing","floor":4,"gold_loss":0},{"damage_healed":0,"gold_gain":99,"player_choice":"Stole From Cult","damage_taken":0,"max_hp_gain":0,"max_hp_loss":0,"event_name":"Nest","floor":19,"gold_loss":0},{"damage_healed":0,"gold_gain":0,"player_choice":"Obtained Book","damage_taken":16,"max_hp_gain":0,"max_hp_loss":0,"event_name":"Cursed Tome","floor":29,"gold_loss":0},{"damage_healed":0,"gold_gain":0,"player_choice":"Simplicity","damage_taken":0,"max_hp_gain":0,"max_hp_loss":0,"event_name":"Back to Basics","floor":31,"gold_loss":0,"cards_upgraded":["Strike_R","Strike_R","Strike_R","Defend_R","Defend_R","Defend_R"]},{"damage_healed":0,"gold_gain":999,"player_choice":"Gold","damage_taken":0,"max_hp_gain":0,"max_hp_loss":0,"event_name":"MindBloom","floor":37,"gold_loss":0,"cards_obtained":["Normality","Normality"]},{"damage_healed":0,"gold_gain":0,"player_choice":"Relic","damage_taken":0,"max_hp_gain":0,"max_hp_loss":0,"event_name":"Wheel of Change","floor":39,"gold_loss":0},{"damage_healed":0,"gold_gain":0,"player_choice":"Ignored","damage_taken":0,"max_hp_gain":0,"max_hp_loss":0,"event_name":"Tomb of Lord Red Mask","floor":44,"gold_loss":0},{"damage_healed":0,"gold_gain":0,"player_choice":"0 cards matched","damage_taken":0,"max_hp_gain":0,"max_hp_loss":0,"event_name":"Match and Keep!","floor":45,"gold_loss":0,"cards_obtained":[]}],"is_beta":false,"boss_relics":[{"not_picked":["Runic Pyramid","Orrery"],"picked":"Velvet Choker"},{"not_picked":["Fusion Hammer","Sozu"],"picked":"Astrolabe"}],"items_purged_floors":[21,47,53],"is_endless":false,"potions_floor_spawned":[2,8,11,14,16,18,20,25,33,36,38,42,46,54],"ascension_level":1}