{"gold_per_floor":[119,119,119,138,39,39,53,66,66,66,97,115,115,125,125,227,227,243,259,293,293,193,193,205,205,205,205,236,248,248,347,347,445,445,459,476,185,205,205,236,255,255,255,255,267,602,615,647,647,647],"floor_reached":51,"playtime":3576,"items_purged":["Defend_B","Defend_B","Strike_B"],"score":1362,"play_id":"c4f2bd04-3650-4e03-a59b-e9d104c094a2","local_time":"20181230231747","is_ascension_mode":true,"campfire_choices":[{"data":"Conserve Battery","floor":6.0,"key":"SMITH"},{"floor":10.0,"key":"REST"},{"data":"Coolheaded","floor":13.0,"key":"SMITH"},{"data":"Hologram","floor":15.0,"key":"SMITH"},{"data":"Coolheaded","floor":23.0,"key":"SMITH"},{"data":"Hologram","floor":25.0,"key":"SMITH"},{"floor":27.0,"key":"REST"},{"floor":32.0,"key":"REST"},{"floor":42.0,"key":"REST"},{"floor":44,"key":"REST"},{"floor":49,"key":"REST"}],"neow_cost":"NONE","seed_source_timestamp":7531783802879,"circlet_count":0,"master_deck":["AscendersBane","Strike_B","Strike_B","Defend_B","Defend_B","Zap+1","Dualcast","Hologram+1","Conserve Battery+1","Conserve Battery","Coolheaded+1","Steam","BootSequence","Melter","Meteor Strike","Coolheaded+1","Hologram+1","Ball Lightning+1","Shame","Electrodynamics","Multi-Cast","Parasite","Injury","Clumsy","Loop","Defragment","Discovery","Loop+1","Fission","Reinforced Body","Biased Cognition"],"special_seed":0,"relics":["Cracked Core","DataDisk","Du-Vu Doll","Unceasing Top","Ice Cream","Cursed Key","Red Mask","Turnip","Thread and Needle","Calling Bell","Blood Vial","Ornamental Fan","Dead Branch","Blue Candle","Old Coin","Ancient Tea Set"],"potions_floor_usage":[50,50],"damage_taken":[{"damage":0.0,"enemies":"2 Louse","floor":1.0,"turns":3.0},{"damage":7.0,"enemies":"Jaw Worm","floor":4.0,"turns":3.0},{"damage":0.0,"enemies":"Cultist","floor":7.0,"turns":3.0},{"damage":25.0,"enemies":"Gremlin Gang","floor":8.0,"turns":4.0},{"damage":9.0,"enemies":"3 Sentries","floor":11.0,"turns":8.0},{"damage":1.0,"enemies":"3 Louse","floor":12.0,"turns":3.0},{"damage":3.0,"enemies":"Large Slime","floor":14.0,"turns":6.0},{"damage":15.0,"enemies":"Hexaghost","floor":16.0,"turns":13.0},{"damage":0.0,"enemies":"Spheric Guardian","floor":18.0,"turns":3.0},{"damage":0.0,"enemies":"Chosen","floor":19.0,"turns":6.0},{"damage":8.0,"enemies":"Masked Bandits","floor":20.0,"turns":5.0},{"damage":5.0,"enemies":"Snake Plant","floor":24.0,"turns":4.0},{"damage":61.0,"enemies":"Gremlin Leader","floor":28.0,"turns":9.0},{"damage":0.0,"enemies":"Sentry and Sphere","floor":29.0,"turns":3.0},{"damage":0.0,"enemies":"Collector","floor":33.0,"turns":9.0},{"damage":0.0,"enemies":"3 Darklings","floor":35.0,"turns":4.0},{"damage":0.0,"enemies":"3 Shapes","floor":36.0,"turns":3.0},{"damage":17.0,"enemies":"3 Darklings","floor":38.0,"turns":5.0},{"damage":13.0,"enemies":"Reptomancer","floor":40.0,"turns":6.0},{"damage":21.0,"enemies":"Maw","floor":41.0,"turns":6.0},{"damage":17,"enemies":"4 Shapes","floor":45,"turns":4},{"damage":1,"enemies":"Nemesis","floor":46,"turns":9},{"damage":0,"enemies":"Sphere and 2 Shapes","floor":47,"turns":3},{"damage":46,"enemies":"Giant Head","floor":48,"turns":9},{"damage":23,"enemies":"Donu and Deca","floor":50,"turns":8}],"seed_played":"-1278764281686849643","potions_obtained":[{"floor":8.0,"key":"AttackPotion"},{"floor":12.0,"key":"Strength Potion"},{"floor":14.0,"key":"Fire Potion"},{"floor":18.0,"key":"Block Potion"},{"floor":20.0,"key":"Ancient Potion"},{"floor":28.0,"key":"Weak Potion"},{"floor":41.0,"key":"FocusPotion"},{"floor":46,"key":"FocusPotion"}],"is_trial":false,"path_per_floor":["M","?","?","M","$","R","M","M","T","R","E","M","R","M","R","B",null,"M","M","?","?","$","R","M","R","T","R","E","M","?","?","R","B",null,"M","M","$","M","?","E","M","R","T","R","M","E","M","E","R","B",null],"character_chosen":"DEFECT","items_purchased":["Conserve Battery","Defragment","Discovery"],"campfire_rested":6,"item_purchase_floors":[5,37,37],"current_hp_per_floor":[68,50,50,43,43,43,43,18,18,40,31,30,30,27,27,12,59,59,59,51,51,51,51,46,46,46,68,7,7,7,7,29,29,64,66,68,68,53,53,42,23,44,44,65,50,51,53,9,30,9],"gold":647,"neow_bonus":"RANDOM_COMMON_RELIC","is_prod":false,"is_daily":false,"chose_seed":false,"campfire_upgraded":5,"win_rate":0,"timestamp":1546201067,"path_taken":["M","?","?","M","?","R","M","M","T","R","E","?","R","M","R","BOSS","M","?","?","?","$","R","?","R","T","R","E","?","?","?","R","BOSS","M","M","$","M","?","E","M","R","T","R","M","E","M","E","R","BOSS"],"build_version":"2018-12-20","purchased_purges":3,"victory":true,"max_hp_per_floor":[75,75,75,75,75,75,75,75,75,75,75,75,75,75,75,75,75,75,75,75,75,75,75,75,75,75,75,75,75,75,75,75,75,75,75,75,75,75,71,71,71,71,71,71,71,71,71,71,71,71],"card_choices":[{"not_picked":["Beam Cell","Chaos"],"picked":"Hologram","floor":1.0},{"not_picked":["Barrage","Gash","Turbo"],"picked":"SKIP","floor":4.0},{"not_picked":["Streamline","Meteor Strike"],"picked":"Conserve Battery","floor":7.0},{"not_picked":["Cold Snap","Skim"],"picked":"Coolheaded","floor":8.0},{"not_picked":["Stack","Multi-Cast"],"picked":"Steam","floor":11.0},{"not_picked":["FTL","Static Discharge"],"picked":"BootSequence","floor":12.0},{"not_picked":["Redo","Hologram"],"picked":"Melter","floor":14.0},{"not_picked":["Hyperbeam","Thunder Strike"],"picked":"Meteor Strike","floor":16.0},{"not_picked":["Conserve Battery","Aggregate"],"picked":"Coolheaded","floor":18.0},{"not_picked":["Streamline+1","Blizzard"],"picked":"Hologram","floor":19.0},{"not_picked":["Hello World+1","Steam"],"picked":"Ball Lightning+1","floor":20.0},{"not_picked":["Go for the Eyes","Consume","Hello World"],"picked":"SKIP","floor":24.0},{"not_picked":["Hologram+1","Sunder+1"],"picked":"Electrodynamics","floor":28.0},{"not_picked":["Rip and Tear","Stack","Ball Lightning+1"],"picked":"SKIP","floor":29.0},{"not_picked":["All For One","Fission"],"picked":"Multi-Cast","floor":33.0},{"not_picked":["Compile Driver","Go for the Eyes+1"],"picked":"Loop","floor":35.0},{"not_picked":["Consume","Beam Cell","Redo"],"picked":"SKIP","floor":36.0},{"not_picked":["Leap","Conserve Battery+1"],"picked":"Loop+1","floor":38.0},{"not_picked":["Cold Snap+1","Ball Lightning"],"picked":"Fission","floor":40.0},{"not_picked":["Beam Cell+1","Redo","Go for the Eyes"],"picked":"SKIP","floor":41.0},{"not_picked":["Rebound+1","Redo","Ball Lightning"],"picked":"SKIP","floor":45},{"not_picked":["Ball Lightning+1","FTL+1"],"picked":"Reinforced Body","floor":46},{"not_picked":["Amplify","Lockon","Auto Shields+1"],"picked":"SKIP","floor":47},{"not_picked":["Ball Lightning","Hyperbeam"],"picked":"Biased Cognition","floor":48}],"player_experience":625627,"relics_obtained":[{"floor":9.0,"key":"Unceasing Top"},{"floor":11.0,"key":"Ice Cream"},{"floor":20.0,"key":"Red Mask"},{"floor":26.0,"key":"Turnip"},{"floor":28.0,"key":"Thread and Needle"},{"floor":34.0,"key":"Blood Vial"},{"floor":34.0,"key":"Ornamental Fan"},{"floor":34.0,"key":"Dead Branch"},{"floor":40.0,"key":"Blue Candle"},{"floor":46,"key":"Old Coin"},{"floor":48,"key":"Ancient Tea Set"}],"event_choices":[{"damage_healed":0.0,"max_hp_gain":0.0,"max_hp_loss":0.0,"gold_gain":0.0,"event_name":"Scrap Ooze","player_choice":"Success","floor":2.0,"gold_loss":0.0,"damage_taken":18.0,"relics_obtained":["Du-Vu Doll"]},{"damage_healed":0.0,"max_hp_gain":0.0,"max_hp_loss":0.0,"gold_gain":0.0,"event_name":"Living Wall","player_choice":"Grow","floor":3.0,"gold_loss":0.0,"damage_taken":0.0,"cards_upgraded":["Zap"]},{"damage_healed":0.0,"max_hp_gain":0.0,"max_hp_loss":0.0,"gold_gain":0.0,"event_name":"Masked Bandits","player_choice":"Fought Bandits","floor":20.0,"gold_loss":0.0,"damage_taken":0.0},{"cards_removed":["Strike_B"],"damage_healed":0.0,"max_hp_gain":0.0,"max_hp_loss":0.0,"gold_gain":0.0,"event_name":"Purifier","player_choice":"Purged","floor":21.0,"gold_loss":0.0,"damage_taken":0.0},{"damage_healed":0.0,"max_hp_gain":0.0,"max_hp_loss":0.0,"gold_gain":0.0,"event_name":"Ghosts","player_choice":"Ignored","floor":30.0,"gold_loss":0.0,"damage_taken":0.0},{"damage_healed":0.0,"max_hp_gain":0.0,"max_hp_loss":0.0,"gold_gain":99.0,"event_name":"Nest","player_choice":"Stole From Cult","floor":31.0,"gold_loss":0.0,"damage_taken":0.0},{"damage_healed":0.0,"max_hp_gain":0.0,"max_hp_loss":4.0,"gold_gain":0.0,"event_name":"Winding Halls","player_choice":"Max HP","floor":39.0,"gold_loss":0.0,"damage_taken":0.0}],"is_beta":false,"boss_relics":[{"not_picked":["Empty Cage","Busted Crown"],"picked":"Cursed Key"},{"not_picked":["Runic Dome","Velvet Choker"],"picked":"Calling Bell"}],"items_purged_floors":[5,22,37],"is_endless":false,"potions_floor_spawned":[8,12,14,16,18,20,24,28,41,46,47],"ascension_level":11}