{"gold_per_floor":[119,137,137,154,154,154,179,199,226,226,242,94,44,58,58,157,157,174,200,212,223,84,84,84,84,84,101,116,46,46,56,56,155,155,171,171,96,96,113,113,140,70,96,96,17,239,251,270,270,270],"floor_reached":51,"playtime":1660,"items_purged":["Strike_G","Strike_G"],"score":881,"play_id":"b5ec020a-68bb-4937-8d8d-39084526b03d","local_time":"20180818053640","is_ascension_mode":true,"campfire_choices":[{"data":"Sucker Punch","floor":6.0,"key":"SMITH"},{"data":"Footwork","floor":10.0,"key":"SMITH"},{"floor":15.0,"key":"REST"},{"data":"Crippling Poison","floor":23.0,"key":"SMITH"},{"floor":25.0,"key":"REST"},{"data":"Crippling Poison","floor":30.0,"key":"SMITH"},{"floor":32.0,"key":"REST"},{"data":"Caltrops","floor":40.0,"key":"SMITH"},{"data":"Footwork","floor":44.0,"key":"SMITH"},{"floor":49.0,"key":"REST"}],"neow_cost":"NONE","seed_source_timestamp":48116710711389,"circlet_count":0,"master_deck":["Defend_G","Defend_G+1","Defend_G+1","Defend_G","Strike_G+1","Strike_G","Strike_G","Survivor","Neutralize","Deadly Poison","Sucker Punch+1","Footwork+1","Deadly Poison+1","Dodge and Roll","PiercingWail","Crippling Poison+1","Corpse Explosion","Poisoned Stab+1","Backstab","Outmaneuver","Crippling Poison+1","Bane+1","Footwork+1","Caltrops+1","Caltrops","Escape Plan"],"special_seed":0,"relics":["Ring of the Snake","Bronze Scales","Oddly Smooth Stone","Busted Crown","Red Mask","Bottled Tornado","White Beast Statue","Juzu Bracelet","Unceasing Top","War Paint","Blood Vial"],"potions_floor_usage":[50,50,50],"damage_taken":[{"damage":3.0,"enemies":"Jaw Worm","floor":1.0,"turns":4.0},{"damage":0.0,"enemies":"Cultist","floor":2.0,"turns":4.0},{"damage":0.0,"enemies":"Small Slimes","floor":4.0,"turns":4.0},{"damage":8.0,"enemies":"Lagavulin","floor":7.0,"turns":8.0},{"damage":5.0,"enemies":"2 Fungi Beasts","floor":8.0,"turns":4.0},{"damage":3.0,"enemies":"Looter","floor":11.0,"turns":3.0},{"damage":9.0,"enemies":"Exordium Thugs","floor":14.0,"turns":4.0},{"damage":10.0,"enemies":"The Guardian","floor":16.0,"turns":9.0},{"damage":6.0,"enemies":"Spheric Guardian","floor":18.0,"turns":4.0},{"damage":11.0,"floor":19.0,"turns":3.0},{"damage":0.0,"enemies":"3 Byrds","floor":20.0,"turns":1.0},{"damage":0.0,"enemies":"3 Cultists","floor":21.0,"turns":2.0},{"damage":1.0,"enemies":"Centurion and Healer","floor":27.0,"turns":5.0},{"damage":10.0,"enemies":"Snake Plant","floor":28.0,"turns":4.0},{"damage":0.0,"enemies":"Sentry and Sphere","floor":31.0,"turns":5.0},{"damage":40.0,"enemies":"Automaton","floor":33.0,"turns":10.0},{"damage":12.0,"enemies":"Flame Bruiser 1 Orb","floor":35.0,"turns":7.0},{"damage":0.0,"floor":38.0,"turns":7.0},{"damage":0.0,"enemies":"3 Darklings","floor":39.0,"turns":3.0},{"damage":22.0,"enemies":"Spire Growth","floor":47.0,"turns":6.0},{"damage":0.0,"enemies":"Sphere and 2 Shapes","floor":48.0,"turns":4.0},{"damage":50,"enemies":"Time Eater","floor":50,"turns":12}],"seed_played":"7926664310422731315","potions_obtained":[{"floor":7.0,"key":"Energy Potion"},{"floor":8.0,"key":"AttackPotion"},{"floor":14.0,"key":"Weak Potion"},{"floor":19.0,"key":"LiquidBronze"},{"floor":20.0,"key":"Weak Potion"},{"floor":21.0,"key":"LiquidBronze"},{"floor":38.0,"key":"Strength Potion"},{"floor":39.0,"key":"Weak Potion"}],"is_trial":false,"path_per_floor":["M","M","?","M","?","R","E","M","T","R","M","$","?","M","R","B",null,"M","?","M","M","$","R","?","R","T","M","M","$","R","M","R","B",null,"M","?","$","?","M","R","T","$","T","R","$","?","M","M","R","B"],"character_chosen":"THE_SILENT","items_purchased":["Crippling Poison","Crippling Poison","Footwork","Caltrops","Caltrops","Escape Plan"],"campfire_rested":4,"item_purchase_floors":[12,22,29,37,42,45],"current_hp_per_floor":[67,67,52,52,57,57,49,44,44,44,41,41,41,32,56,46,73,67,56,56,56,56,56,40,66,66,65,55,55,55,55,81,41,76,64,64,64,64,64,64,64,64,64,64,64,64,44,46,72,24],"gold":270,"neow_bonus":"TEN_PERCENT_HP_BONUS","is_prod":false,"is_daily":false,"chose_seed":false,"campfire_upgraded":6,"win_rate":0,"timestamp":1534559800,"path_taken":["M","M","?","M","?","R","E","M","T","R","M","$","?","M","R","BOSS","M","?","M","M","?","R","?","R","T","M","M","$","R","M","R","BOSS","M","?","$","?","M","R","?","$","T","R","$","?","M","M","R","BOSS"],"build_version":"2018-08-16","purchased_purges":2,"victory":true,"max_hp_per_floor":[77,77,77,77,82,82,82,82,82,82,82,82,82,82,82,82,82,82,82,82,82,82,82,87,87,87,87,87,87,87,87,87,87,87,87,87,87,87,87,87,87,87,87,87,87,87,87,87,87,87],"card_choices":[{"not_picked":["Deflect","Cloak And Dagger"],"picked":"Deadly Poison","floor":1.0},{"not_picked":["Blade Dance","Underhanded Strike"],"picked":"Sucker Punch","floor":2.0},{"not_picked":["PiercingWail","Flying Knee"],"picked":"Footwork","floor":4.0},{"not_picked":["Prepared","Grand Finale"],"picked":"Deadly Poison","floor":7.0},{"not_picked":["Acrobatics","Riddle With Holes"],"picked":"Dodge and Roll","floor":8.0},{"not_picked":["Slice","Reflex"],"picked":"PiercingWail","floor":11.0},{"not_picked":["Blade Dance","Deadly Poison","Slice"],"picked":"SKIP","floor":14.0},{"not_picked":["Malaise","A Thousand Cuts"],"picked":"Corpse Explosion","floor":16.0},{"not_picked":[],"picked":"Poisoned Stab+1","floor":18.0},{"not_picked":[],"picked":"Backstab","floor":19.0},{"not_picked":[],"picked":"Outmaneuver","floor":20.0},{"not_picked":["Cloak And Dagger"],"picked":"SKIP","floor":21.0},{"not_picked":["Flying Knee"],"picked":"SKIP","floor":27.0},{"not_picked":[],"picked":"Bane+1","floor":28.0},{"not_picked":["Cloak And Dagger"],"picked":"SKIP","floor":31.0},{"not_picked":["Poisoned Stab+1"],"picked":"SKIP","floor":35.0},{"not_picked":["Reflex+1"],"picked":"SKIP","floor":39.0},{"not_picked":["Endless Agony+1"],"picked":"SKIP","floor":47.0},{"not_picked":["Blade Dance"],"picked":"SKIP","floor":48.0}],"player_experience":429639,"relics_obtained":[{"floor":7.0,"key":"Bronze Scales"},{"floor":9.0,"key":"Oddly Smooth Stone"},{"floor":19.0,"key":"Red Mask"},{"floor":26.0,"key":"Bottled Tornado"},{"floor":38.0,"key":"Unceasing Top"},{"floor":41.0,"key":"War Paint"},{"floor":43.0,"key":"Blood Vial"}],"event_choices":[{"event_name":"Shining Light","player_choice":"Entered Light","floor":3.0,"damage_taken":0.0},{"event_name":"Big Fish","player_choice":"Donut","floor":5.0,"damage_taken":0.0},{"event_name":"The Cleric","player_choice":"Card Removal","floor":13.0,"damage_taken":0.0},{"event_name":"Masked Bandits","player_choice":"Fought Bandits","floor":19.0,"damage_taken":0.0},{"event_name":"Forgotten Altar","player_choice":"Shed Blood","floor":24.0,"damage_taken":0.0},{"event_name":"WeMeetAgain","player_choice":"Potion","floor":36.0,"damage_taken":0.0},{"event_name":"MindBloom","player_choice":"Fight","floor":38.0,"damage_taken":0.0},{"event_name":"Tomb of Lord Red Mask","player_choice":"Wore Mask","floor":46.0,"damage_taken":0.0}],"is_beta":false,"boss_relics":[{"not_picked":["Runic Dome","Lizard Tail"],"picked":"Busted Crown"},{"not_picked":["Snecko Eye","Runic Pyramid"],"picked":"White Beast Statue"}],"items_purged_floors":[12,22],"is_endless":false,"potions_floor_spawned":[7,8,14,19,20,21,35,38,39,47,48],"ascension_level":7}