{"gold_per_floor":[115,133,32,42,54,81,99,99,399,433,448,463,107,107,107,183,183,198,198,198,378,253,253,270,270,270,297,297,297,297,326,326,405,405,420,310,321,321,335,335,59,59],"floor_reached":42,"playtime":1484,"items_purged":["Strike_R","Strike_R","Strike_R"],"score":888,"play_id":"0f78f3fd-afed-4b48-9b5c-8f4a34d8736f","local_time":"20190729203528","is_ascension_mode":true,"campfire_choices":[{"data":"Uppercut","floor":8.0,"key":"SMITH"},{"floor":15.0,"key":"REST"},{"data":"Inflame","floor":23.0,"key":"SMITH"},{"data":"Shockwave","floor":25.0,"key":"SMITH"},{"floor":28.0,"key":"REST"},{"data":"Inflame","floor":30.0,"key":"SMITH"},{"data":"Metallicize","floor":32.0,"key":"SMITH"},{"data":"Flame Barrier","floor":40,"key":"SMITH"}],"neow_cost":"NONE","seed_source_timestamp":19039854731629,"circlet_count":0,"master_deck":["AscendersBane","Strike_R","Defend_R+1","Defend_R","Defend_R","Defend_R","Bash","Twin Strike","Shockwave+1","Shrug It Off","Uppercut+1","Headbutt+1","Disarm","Inflame+1","Sword Boomerang","True Grit","Feed+1","Flame Barrier+1","Inflame+1","Metallicize+1","Barricade","Clothesline","Panache","Mind Blast","Discovery"],"special_seed":0,"relics":["Burning Blood","Anchor","Dream Catcher","Old Coin","Letter Opener","Vajra","Snecko Eye","Turnip","Whetstone","Sozu","Pantograph"],"potions_floor_usage":[],"damage_taken":[{"damage":7.0,"enemies":"Cultist","floor":1.0,"turns":4.0},{"damage":1.0,"enemies":"2 Louse","floor":2.0,"turns":3.0},{"damage":0.0,"enemies":"Jaw Worm","floor":4.0,"turns":3.0},{"damage":2.0,"enemies":"Large Slime","floor":5.0,"turns":6.0},{"damage":32.0,"enemies":"Lagavulin","floor":6.0,"turns":7.0},{"damage":7.0,"enemies":"2 Fungi Beasts","floor":7.0,"turns":5.0},{"damage":26.0,"enemies":"3 Sentries","floor":10.0,"turns":9.0},{"damage":12.0,"enemies":"Gremlin Gang","floor":11.0,"turns":5.0},{"damage":0.0,"enemies":"Looter","floor":12.0,"turns":5.0},{"damage":54.0,"enemies":"Slime Boss","floor":16.0,"turns":11.0},{"damage":7.0,"enemies":"3 Byrds","floor":18.0,"turns":7.0},{"damage":1.0,"enemies":"Chosen","floor":24.0,"turns":3.0},{"damage":20.0,"enemies":"Gremlin Leader","floor":27.0,"turns":8.0},{"damage":10.0,"enemies":"Slavers","floor":31.0,"turns":7.0},{"damage":22.0,"enemies":"Champ","floor":33.0,"turns":9.0},{"damage":12.0,"enemies":"Orb Walker","floor":35.0,"turns":3.0},{"damage":13,"enemies":"3 Darklings","floor":37,"turns":7},{"damage":13,"enemies":"Sphere and 2 Shapes","floor":39,"turns":5},{"damage":66,"enemies":"Giant Head","floor":42,"turns":7}],"seed_played":"-7186378078686094344","potions_obtained":[{"floor":4.0,"key":"LiquidBronze"},{"floor":10.0,"key":"FearPotion"},{"floor":11.0,"key":"Fruit Juice"},{"floor":12.0,"key":"SpeedPotion"},{"floor":24.0,"key":"Explosive Potion"},{"floor":27.0,"key":"Fire Potion"}],"is_trial":false,"path_per_floor":["M","M","$","M","M","E","M","R","T","E","M","M","$","?","R","B",null,"M","?","?","?","$","R","M","R","T","E","R","?","R","E","R","B",null,"M","?","M","?","M","R","$","E"],"character_chosen":"IRONCLAD","items_purchased":["Shrug It Off","Inflame","Vajra","Sword Boomerang","Pantograph"],"campfire_rested":2,"item_purchase_floors":[3,13,13,13,41],"current_hp_per_floor":[67,72,72,75,75,49,48,48,48,28,22,28,28,28,50,7,62,64,64,64,40,40,40,45,45,45,31,55,55,55,54,54,38,74,72,72,69,59,52,52,52,0],"gold":59,"neow_bonus":"RANDOM_COMMON_RELIC","is_prod":false,"is_daily":false,"chose_seed":false,"campfire_upgraded":6,"win_rate":0,"timestamp":1564421728,"path_taken":["M","?","$","M","M","E","M","R","T","E","M","M","$","?","R","BOSS","M","?","?","?","$","R","?","R","T","E","R","?","R","E","R","BOSS","M","?","?","?","M","R","?","E"],"build_version":"2019-07-17","purchased_purges":3,"victory":false,"max_hp_per_floor":[75,75,75,75,75,75,75,75,75,75,75,75,75,75,75,80,80,83,83,83,83,83,83,83,83,83,83,83,83,83,86,86,86,86,90,90,94,94,94,94,94,94],"card_choices":[{"not_picked":["Heavy Blade","Warcry"],"picked":"Twin Strike","floor":1.0},{"not_picked":["Hemokinesis","Havoc"],"picked":"Shockwave","floor":2.0},{"not_picked":["Armaments","Havoc","Flex"],"picked":"SKIP","floor":4.0},{"not_picked":["Warcry","Thunderclap"],"picked":"Uppercut","floor":5.0},{"not_picked":["Carnage","Brutality","Fire Breathing"],"picked":"SKIP","floor":6.0},{"not_picked":["Body Slam","Sword Boomerang"],"picked":"Headbutt","floor":7.0},{"not_picked":["Heavy Blade","Uppercut","Sever Soul"],"picked":"SKIP","floor":10.0},{"not_picked":["Rupture","Anger","Clash"],"picked":"SKIP","floor":11.0},{"not_picked":["Thunderclap","Searing Blow"],"picked":"Disarm","floor":12.0},{"not_picked":["Twin Strike","Shockwave"],"picked":"True Grit","floor":15.0},{"not_picked":["Berserk","Exhume"],"picked":"Feed","floor":16.0},{"not_picked":["Thunderclap","Corruption","Pommel Strike"],"picked":"SKIP","floor":18.0},{"not_picked":["True Grit","Armaments"],"picked":"Inflame","floor":24.0},{"not_picked":["Evolve","Warcry+1","Rampage"],"picked":"SKIP","floor":27.0},{"not_picked":["Wild Strike","Cleave"],"picked":"Metallicize","floor":28.0},{"not_picked":["Feel No Pain+1","Rage","Clothesline"],"picked":"SKIP","floor":31.0},{"not_picked":["Dark Embrace","Fiend Fire"],"picked":"Barricade","floor":33.0},{"not_picked":["Wild Strike","Pommel Strike","Dropkick+1"],"picked":"SKIP","floor":35.0},{"not_picked":["Sword Boomerang","Warcry"],"picked":"Clothesline","floor":37},{"not_picked":["Finesse","Blind"],"picked":"Panache","floor":38},{"not_picked":["Discovery","Flash of Steel"],"picked":"Mind Blast","floor":38},{"not_picked":["PanicButton","Flash of Steel"],"picked":"Discovery","floor":38},{"not_picked":["Anger+1","Inflame","Thunderclap"],"picked":"SKIP","floor":39}],"player_experience":1112820,"relics_obtained":[{"floor":6.0,"key":"Dream Catcher"},{"floor":9.0,"key":"Old Coin"},{"floor":10.0,"key":"Letter Opener"},{"floor":27.0,"key":"Turnip"},{"floor":31.0,"key":"Whetstone"}],"event_choices":[{"damage_healed":0.0,"max_hp_gain":0.0,"max_hp_loss":0.0,"gold_gain":0.0,"event_name":"Dead Adventurer","player_choice":"Searched \u00270\u0027 times","floor":14.0,"gold_loss":0.0,"damage_taken":0.0},{"damage_healed":0.0,"max_hp_gain":0.0,"max_hp_loss":0.0,"gold_gain":0.0,"event_name":"Ghosts","player_choice":"Ignored","floor":19.0,"gold_loss":0.0,"damage_taken":0.0},{"damage_healed":0.0,"max_hp_gain":0.0,"max_hp_loss":0.0,"gold_gain":0.0,"event_name":"The Library","player_choice":"Read","floor":20.0,"gold_loss":0.0,"damage_taken":0.0,"cards_obtained":["Flame Barrier"]},{"damage_healed":0.0,"max_hp_gain":0.0,"max_hp_loss":0.0,"gold_gain":180.0,"event_name":"Knowing Skull","player_choice":"GOLD GOLD ","floor":21.0,"potions_obtained":[],"gold_loss":0.0,"damage_taken":24.0,"cards_obtained":[]},{"damage_healed":0.0,"max_hp_gain":0.0,"max_hp_loss":0.0,"gold_gain":0.0,"event_name":"The Mausoleum","player_choice":"Ignored","floor":29.0,"gold_loss":0.0,"damage_taken":0.0},{"cards_removed":["Strike_R"],"damage_healed":0,"gold_gain":0,"player_choice":"Upgrade and Remove","damage_taken":0,"max_hp_gain":0,"max_hp_loss":0,"event_name":"Designer","floor":36,"gold_loss":110,"cards_upgraded":["Defend_R"]},{"damage_healed":0,"gold_gain":0,"player_choice":"Memory 3","damage_taken":10,"max_hp_gain":0,"max_hp_loss":0,"event_name":"SensoryStone","floor":38,"gold_loss":0}],"is_beta":false,"boss_relics":[{"not_picked":["Busted Crown","Black Star"],"picked":"Snecko Eye"},{"not_picked":["Velvet Choker","Pandora\u0027s Box"],"picked":"Sozu"}],"items_purged_floors":[3,13,22],"is_endless":false,"potions_floor_spawned":[4,10,11,12,24,27,31,39],"killed_by":"Giant Head","ascension_level":20}