{"gold_per_floor":[111,38,38,61,20,20,41,41,68,88,38,78,153,187,187,318,318,308,322,322,322,322,322],"floor_reached":23,"playtime":1456,"items_purged":[],"score":227,"play_id":"cc55f224-c5ce-4266-ad62-b64b3e22d8f5","local_time":"20180822025418","is_ascension_mode":true,"campfire_choices":[{"data":"Infinite Blades","floor":6,"key":"SMITH"},{"floor":15,"key":"REST"}],"neow_cost":"PERCENT_DAMAGE","seed_source_timestamp":2223338854329,"circlet_count":0,"master_deck":["Defend_G","Defend_G","Defend_G","Defend_G","Strike_G","Strike_G","Strike_G+1","Strike_G","Strike_G+1","Survivor","Neutralize","After Image","Infinite Blades+1","Setup","Leg Sweep","Die Die Die","Outmaneuver","A Thousand Cuts","Distraction","Cloak And Dagger","Writhe","Blade Dance"],"relics":["Ring of the Snake","Bloody Idol","Whetstone","Oddly Smooth Stone","Juzu Bracelet","Ancient Tea Set","Eternal Feather","Gremlin Horn"],"potions_floor_usage":[12,12,12,23],"damage_taken":[{"damage":4,"enemies":"Cultist","floor":1,"turns":4},{"damage":4,"enemies":"2 Louse","floor":4,"turns":4},{"damage":1,"enemies":"Small Slimes","floor":7,"turns":4},{"damage":0,"enemies":"2 Fungi Beasts","floor":10,"turns":5},{"damage":4,"enemies":"3 Sentries","floor":12,"turns":5},{"damage":13,"enemies":"Lagavulin","floor":14,"turns":10},{"damage":17,"enemies":"The Guardian","floor":16,"turns":23},{"damage":26,"enemies":"2 Thieves","floor":18,"turns":5},{"damage":23,"enemies":"Chosen","floor":19,"turns":8},{"damage":22,"enemies":"Gremlin Leader","floor":23,"turns":3}],"seed_played":"-6900311661067432389","potions_obtained":[{"floor":4,"key":"SkillPotion"},{"floor":7,"key":"Fire Potion"},{"floor":10,"key":"Energy Potion"},{"floor":18,"key":"SteroidPotion"},{"floor":19,"key":"FearPotion"}],"is_trial":false,"path_per_floor":["M","$","?","M","$","R","M","T","T","M","?","E","?","E","R","B",null,"M","M","?","?","?"],"character_chosen":"THE_SILENT","items_purchased":["Infinite Blades","Leg Sweep"],"campfire_rested":1,"item_purchase_floors":[2,5],"current_hp_per_floor":[45,45,45,41,41,41,40,40,40,40,40,36,25,12,31,14,65,39,16,16,16,16,0],"gold":322,"neow_bonus":"THREE_RARE_CARDS","is_prod":false,"is_daily":false,"chose_seed":false,"campfire_upgraded":1,"win_rate":0,"timestamp":1534931658,"path_taken":["M","?","?","M","$","R","M","?","T","?","?","E","?","E","R","BOSS","M","M","?","?","?","E"],"build_version":"2018-08-16","purchased_purges":0,"victory":false,"max_hp_per_floor":[70,70,65,65,65,65,65,65,65,65,65,65,65,65,65,65,65,65,65,65,65,65,65],"card_choices":[{"not_picked":["Malaise","Bullet Time"],"picked":"After Image","floor":0},{"not_picked":["Backflip","Dodge and Roll","Quick Slash"],"picked":"SKIP","floor":1},{"not_picked":["Flying Knee","Dagger Throw"],"picked":"Setup","floor":4},{"not_picked":["Deadly Poison","Bane","Sucker Punch"],"picked":"SKIP","floor":7},{"not_picked":["Flying Knee","Sucker Punch"],"picked":"Die Die Die","floor":10},{"not_picked":["Dodge and Roll","Noxious Fumes"],"picked":"Outmaneuver","floor":12},{"not_picked":["Dagger Throw","Dodge and Roll","Underhanded Strike"],"picked":"SKIP","floor":14},{"not_picked":["Corpse Explosion","Glass Knife"],"picked":"A Thousand Cuts","floor":16},{"not_picked":["Endless Agony","Dagger Throw"],"picked":"Distraction","floor":18},{"not_picked":["Poisoned Stab+1","Bane"],"picked":"Cloak And Dagger","floor":19}],"player_experience":151288,"relics_obtained":[{"floor":8,"key":"Whetstone"},{"floor":9,"key":"Oddly Smooth Stone"},{"floor":12,"key":"Juzu Bracelet"},{"floor":14,"key":"Ancient Tea Set"}],"event_choices":[{"event_name":"Golden Idol","player_choice":"Lose Max HP","floor":3,"damage_taken":0},{"event_name":"The Cleric","player_choice":"Card Removal","floor":11,"damage_taken":0},{"event_name":"World of Goop","player_choice":"Gather Gold","floor":13,"damage_taken":0},{"event_name":"The Mausoleum","player_choice":"Yes","floor":20,"damage_taken":0},{"event_name":"Forgotten Altar","player_choice":"Gave Idol","floor":21,"damage_taken":0},{"event_name":"The Library","player_choice":"Read","floor":22,"damage_taken":0}],"is_beta":false,"boss_relics":[{"not_picked":["Philosopher\u0027s Stone","Coffee Dripper"],"picked":"Eternal Feather"}],"items_purged_floors":[],"is_endless":false,"potions_floor_spawned":[4,7,10,18,19],"killed_by":"Gremlin Leader","ascension_level":3}