{"gold_per_floor":[111,15,15,15,30,65,76,76,130,141,141,167,167,178,178,253,253,264,264,264,284,46,46,46],"floor_reached":24,"playtime":836,"items_purged":["Strike_G"],"score":398,"play_id":"7b36b8d9-ef24-42c0-8a24-0953a60b34a8","local_time":"20190724105350","is_ascension_mode":true,"campfire_choices":[{"data":"1","floor":11.0,"key":"LIFT"},{"floor":13.0,"key":"REST"},{"floor":15.0,"key":"REST"},{"data":"2","floor":23,"key":"LIFT"}],"neow_cost":"NONE","seed_source_timestamp":23278369277201,"circlet_count":0,"master_deck":["AscendersBane","Defend_G","Defend_G","Defend_G","Defend_G","Defend_G","Survivor","Neutralize","Backstab","Blade Dance","Caltrops","Slice","Doppelganger","Blade Dance","Blur","Dodge and Roll","Adrenaline","Cloak And Dagger","Caltrops","After Image","Endless Agony"],"special_seed":0,"relics":["WristBlade","Oddly Smooth Stone","Girya","Tiny Chest","Art of War","Empty Cage"],"potions_floor_usage":[21],"damage_taken":[{"damage":4.0,"enemies":"Small Slimes","floor":1.0,"turns":4.0},{"damage":3.0,"enemies":"Jaw Worm","floor":5.0,"turns":3.0},{"damage":29.0,"enemies":"Gremlin Nob","floor":6.0,"turns":4.0},{"damage":0.0,"enemies":"2 Louse","floor":7.0,"turns":2.0},{"damage":2.0,"enemies":"Looter","floor":10.0,"turns":3.0},{"damage":9.0,"enemies":"3 Sentries","floor":12.0,"turns":6.0},{"damage":8.0,"enemies":"Large Slime","floor":14.0,"turns":5.0},{"damage":34.0,"enemies":"The Guardian","floor":16.0,"turns":14.0},{"damage":14,"enemies":"Spheric Guardian","floor":18,"turns":5},{"damage":10,"enemies":"Shell Parasite","floor":21,"turns":5},{"damage":13,"enemies":"Slavers","floor":24,"turns":1}],"seed_played":"-3346916523835550462","potions_obtained":[{"floor":5.0,"key":"Fire Potion"},{"floor":6.0,"key":"SkillPotion"},{"floor":10.0,"key":"GamblersBrew"},{"floor":18,"key":"Fire Potion"}],"is_trial":false,"path_per_floor":["M","$","?","T","M","E","M","?","T","M","R","E","R","M","R","B",null,"M","?","?","M","$","R","E"],"character_chosen":"THE_SILENT","items_purchased":["Blade Dance","Caltrops","After Image","Endless Agony"],"campfire_rested":2,"item_purchase_floors":[2,2,22,22],"current_hp_per_floor":[55,55,48,48,45,16,16,16,16,14,14,5,24,16,35,1,50,36,18,18,8,8,8,0],"gold":46,"neow_bonus":"BOSS_RELIC","is_prod":false,"is_daily":false,"chose_seed":false,"campfire_upgraded":0,"win_rate":0,"timestamp":1563990830,"path_taken":["M","$","?","?","M","E","M","?","T","M","R","E","R","M","R","BOSS","M","?","?","M","$","R","E"],"build_version":"2019-07-17","purchased_purges":1,"victory":false,"max_hp_per_floor":[66,66,66,66,66,66,66,66,66,66,66,66,66,66,66,66,66,66,71,71,71,71,71,71],"card_choices":[{"not_picked":["Slice","Bane"],"picked":"Backstab","floor":1.0},{"not_picked":["Dagger Throw","Poisoned Stab"],"picked":"Slice","floor":5.0},{"not_picked":["Acrobatics","Deadly Poison","Bane"],"picked":"SKIP","floor":6.0},{"not_picked":["Underhanded Strike","Quick Slash"],"picked":"Doppelganger","floor":7.0},{"not_picked":["Eviscerate","Expertise"],"picked":"Blade Dance","floor":10.0},{"not_picked":["Deflect","Heel Hook"],"picked":"Blur","floor":12.0},{"not_picked":["Well Laid Plans","Setup"],"picked":"Dodge and Roll","floor":14.0},{"not_picked":["Tools of the Trade","A Thousand Cuts"],"picked":"Adrenaline","floor":16.0},{"not_picked":["Caltrops","Flechettes"],"picked":"Cloak And Dagger","floor":18},{"not_picked":["Tactician","Prepared"],"picked":"Caltrops","floor":21}],"player_experience":675435,"relics_obtained":[{"floor":4.0,"key":"Oddly Smooth Stone"},{"floor":6.0,"key":"Girya"},{"floor":9.0,"key":"Tiny Chest"},{"floor":12.0,"key":"Art of War"}],"event_choices":[{"cards_removed":["Strike_G"],"damage_healed":0.0,"max_hp_gain":0.0,"max_hp_loss":0.0,"gold_gain":0.0,"event_name":"Golden Wing","player_choice":"Card Removal","floor":3.0,"gold_loss":0.0,"damage_taken":7.0},{"damage_healed":0.0,"max_hp_gain":0.0,"max_hp_loss":0.0,"gold_gain":0.0,"event_name":"Scrap Ooze","player_choice":"Fled","floor":8.0,"gold_loss":0.0,"damage_taken":0.0},{"damage_healed":0,"gold_gain":0,"player_choice":"Shed Blood","damage_taken":23,"max_hp_gain":5,"max_hp_loss":0,"event_name":"Forgotten Altar","floor":19,"gold_loss":0},{"cards_removed":["Strike_G"],"damage_healed":0,"gold_gain":0,"player_choice":"Elegance","damage_taken":0,"max_hp_gain":0,"max_hp_loss":0,"event_name":"Back to Basics","floor":20,"gold_loss":0}],"is_beta":false,"boss_relics":[{"not_picked":["Orrery","Astrolabe"],"picked":"Empty Cage"}],"items_purged_floors":[22],"is_endless":false,"potions_floor_spawned":[5,6,10,18],"killed_by":"Slavers","ascension_level":19}