{"gold_per_floor":[119,134,153,328,328,328,139,155,155,155,172,185,205,232,232,333,333,353,365,375,375,75,75,95,295,295,295,47,80,80,90,90,186,186,202,213,213,213,20,20,34,68,95,95,195,214,214,226,226,226],"floor_reached":51,"playtime":3721,"items_purged":["Doubt"],"score":893,"play_id":"c6d3aa04-424b-48fe-82c9-d0bc26cbb5a3","local_time":"20190102160845","is_ascension_mode":true,"campfire_choices":[{"data":"Underhanded Strike","floor":6,"key":"SMITH"},{"data":"Neutralize","floor":10,"key":"SMITH"},{"data":"Caltrops","floor":15,"key":"SMITH"},{"floor":23,"key":"REST"},{"data":"Prepared","floor":27,"key":"SMITH"},{"data":"Footwork","floor":30,"key":"SMITH"},{"floor":32,"key":"REST"},{"data":"After Image","floor":40,"key":"SMITH"},{"floor":44,"key":"REST"},{"floor":47,"key":"REST"},{"floor":49,"key":"REST"}],"neow_cost":"NONE","seed_source_timestamp":8399381359133,"circlet_count":0,"master_deck":["Defend_G","Defend_G","Defend_G","Strike_G","Strike_G","Strike_G","Survivor","Neutralize+1","Prepared+1","Backflip","Underhanded Strike+1","Cloak And Dagger","Caltrops+1","Dagger Spray+1","PiercingWail","PiercingWail","PiercingWail","Tools of the Trade","All Out Attack+1","Corpse Explosion+1","Expertise+1","Quick Slash+1","Blur+1","Footwork+1","Deadly Poison","After Image+1","Deflect","Bouncing Flask+1","Malaise","Backstab+1","Discovery","Bane+1","Escape Plan+1","Crippling Poison+1"],"relics":["Ring of the Snake","FaceOfCleric","Ornamental Fan","Calipers","Astrolabe","Letter Opener","Gremlin Horn","Omamori","Philosopher\u0027s Stone","TwistedFunnel","Art of War","Blood Vial","Gambling Chip"],"potions_floor_usage":[14,16,16,16,33,42,42,50,50],"damage_taken":[{"damage":7,"enemies":"Small Slimes","floor":1,"turns":6},{"damage":5,"enemies":"Cultist","floor":2,"turns":5},{"damage":0,"enemies":"Jaw Worm","floor":3,"turns":6},{"damage":0,"enemies":"3 Louse","floor":8,"turns":4},{"damage":2,"enemies":"Large Slime","floor":11,"turns":7},{"damage":1,"enemies":"Exordium Wildlife","floor":12,"turns":3},{"damage":5,"enemies":"3 Louse","floor":13,"turns":4},{"damage":26,"enemies":"Lagavulin","floor":14,"turns":9},{"damage":40,"enemies":"Slime Boss","floor":16,"turns":13},{"damage":17,"enemies":"2 Thieves","floor":18,"turns":3},{"damage":20,"enemies":"Spheric Guardian","floor":19,"turns":6},{"damage":0,"enemies":"3 Cultists","floor":20,"turns":2},{"damage":3,"enemies":"Snake Plant","floor":24,"turns":4},{"damage":13,"enemies":"Slavers","floor":29,"turns":4},{"damage":5,"enemies":"Centurion and Healer","floor":31,"turns":7},{"damage":33,"enemies":"Champ","floor":33,"turns":18},{"damage":3,"enemies":"Orb Walker","floor":35,"turns":5},{"damage":3,"enemies":"3 Darklings","floor":36,"turns":3},{"damage":9,"enemies":"Maw","floor":41,"turns":8},{"damage":51,"enemies":"Giant Head","floor":42,"turns":10},{"damage":2,"enemies":"Mind Bloom Boss Battle","floor":45,"turns":8},{"damage":12,"enemies":"Spire Growth","floor":46,"turns":7},{"damage":0,"enemies":"Sphere and 2 Shapes","floor":48,"turns":4},{"damage":68,"enemies":"Donu and Deca","floor":50,"turns":8}],"seed_played":"-1119053840247843629","potions_obtained":[{"floor":8,"key":"Regen Potion"},{"floor":12,"key":"Explosive Potion"},{"floor":13,"key":"Fire Potion"},{"floor":14,"key":"FearPotion"},{"floor":19,"key":"PowerPotion"},{"floor":29,"key":"GamblersBrew"},{"floor":36,"key":"SteroidPotion"},{"floor":41,"key":"PowerPotion"},{"floor":45,"key":"AttackPotion"},{"floor":48,"key":"GhostInAJar"}],"is_trial":false,"path_per_floor":["M","M","M","?","?","R","$","M","T","R","M","M","M","E","R","B",null,"M","M","M","?","$","R","M","?","T","R","$","E","R","M","R","B",null,"M","M","?","?","$","R","M","E","T","R","?","M","R","M","R","B",null],"character_chosen":"THE_SILENT","items_purchased":["Cloak And Dagger","Caltrops","Letter Opener","Footwork","After Image","Deflect","PowerPotion","TwistedFunnel"],"campfire_rested":5,"item_purchase_floors":[7,7,22,22,28,28,28,39],"current_hp_per_floor":[70,65,65,65,65,65,65,66,66,66,65,65,61,36,36,12,65,49,30,31,31,31,56,54,54,54,54,54,42,42,38,64,32,76,74,72,72,72,72,72,64,14,14,42,43,34,62,65,94,29],"gold":226,"neow_bonus":"TEN_PERCENT_HP_BONUS","is_prod":false,"is_daily":false,"chose_seed":false,"campfire_upgraded":6,"win_rate":0,"timestamp":1546434525,"path_taken":["M","M","M","?","?","R","$","M","T","R","M","M","M","E","R","BOSS","M","M","?","?","$","R","?","?","T","R","?","E","R","M","R","BOSS","M","M","?","?","$","R","M","E","T","R","?","M","R","?","R","BOSS"],"build_version":"2018-12-20","purchased_purges":1,"victory":true,"max_hp_per_floor":[77,77,77,77,77,77,77,78,78,78,79,80,81,82,82,83,83,84,85,86,86,86,86,87,87,87,87,87,88,88,89,89,90,90,91,92,92,92,92,92,93,94,94,94,95,96,96,97,97,98],"card_choices":[{"not_picked":["Acrobatics","Bane"],"picked":"Prepared","floor":1},{"not_picked":["Blade Dance","Dagger Throw"],"picked":"Backflip","floor":2},{"not_picked":["Wraith Form v2","Outmaneuver"],"picked":"Underhanded Strike","floor":3},{"not_picked":["Dagger Throw","Bane"],"picked":"Dagger Spray","floor":8},{"not_picked":["Acrobatics","Backflip"],"picked":"PiercingWail","floor":11},{"not_picked":["Quick Slash","Riddle With Holes"],"picked":"PiercingWail","floor":12},{"not_picked":["Outmaneuver","Prepared"],"picked":"PiercingWail","floor":13},{"not_picked":["Venomology","Predator","Underhanded Strike"],"picked":"SKIP","floor":14},{"not_picked":["Wraith Form v2","Envenom"],"picked":"Tools of the Trade","floor":16},{"not_picked":["Blade Dance+1","Infinite Blades"],"picked":"Quick Slash+1","floor":18},{"not_picked":["Flechettes","Dagger Throw","Underhanded Strike"],"picked":"SKIP","floor":19},{"not_picked":["PiercingWail","Cloak And Dagger+1"],"picked":"Blur+1","floor":20},{"not_picked":["Prepared","Predator"],"picked":"Deadly Poison","floor":24},{"not_picked":["Eviscerate","PiercingWail","Glass Knife"],"picked":"SKIP","floor":29},{"not_picked":["Bane+1","Slice+1"],"picked":"Bouncing Flask+1","floor":31},{"not_picked":["Burst","Bullet Time"],"picked":"Malaise","floor":33},{"not_picked":["Cloak And Dagger","Underhanded Strike"],"picked":"Backstab+1","floor":35},{"not_picked":["Dagger Throw","Cloak And Dagger","Calculated Gamble"],"picked":"SKIP","floor":36},{"not_picked":["Chrysalis","Purity"],"picked":"Discovery","floor":37},{"not_picked":["Quick Slash","Setup","Concentrate+1"],"picked":"SKIP","floor":41},{"not_picked":["Flying Knee+1","Flechettes+1","Finisher"],"picked":"SKIP","floor":42},{"not_picked":["Outmaneuver+1","Concentrate"],"picked":"Bane+1","floor":45},{"not_picked":["Caltrops","Cloak And Dagger"],"picked":"Escape Plan+1","floor":46},{"not_picked":["Poisoned Stab+1","Distraction+1"],"picked":"Crippling Poison+1","floor":48}],"player_experience":635557,"relics_obtained":[{"floor":9,"key":"Ornamental Fan"},{"floor":14,"key":"Calipers"},{"floor":26,"key":"Gremlin Horn"},{"floor":29,"key":"Omamori"},{"floor":42,"key":"Art of War"},{"floor":43,"key":"Blood Vial"},{"floor":45,"key":"Gambling Chip"}],"event_choices":[{"damage_healed":0,"gold_gain":175,"player_choice":"AGREE","damage_taken":0,"max_hp_gain":0,"max_hp_loss":0,"event_name":"Liars Game","floor":4,"gold_loss":0,"cards_obtained":["Doubt"]},{"damage_healed":0,"gold_gain":0,"player_choice":"Trade","damage_taken":0,"relics_obtained":["FaceOfCleric"],"max_hp_gain":0,"max_hp_loss":0,"event_name":"FaceTrader","floor":5,"gold_loss":0},{"damage_healed":0,"gold_gain":0,"player_choice":"Forge","damage_taken":0,"max_hp_gain":0,"max_hp_loss":0,"event_name":"Accursed Blacksmith","floor":21,"gold_loss":0,"cards_upgraded":["Dagger Spray"]},{"damage_healed":0,"gold_gain":200,"player_choice":"Gold","damage_taken":0,"max_hp_gain":0,"max_hp_loss":0,"event_name":"Wheel of Change","floor":25,"gold_loss":0},{"damage_healed":0,"gold_gain":0,"player_choice":"Memory 1","damage_taken":0,"max_hp_gain":0,"max_hp_loss":0,"event_name":"SensoryStone","floor":37,"gold_loss":0},{"cards_removed":["Strike_G"],"damage_healed":0,"gold_gain":0,"player_choice":"Removed Attack","damage_taken":0,"max_hp_gain":0,"max_hp_loss":0,"event_name":"Falling","floor":38,"gold_loss":0},{"damage_healed":0,"gold_gain":0,"player_choice":"Fight","damage_taken":0,"max_hp_gain":0,"max_hp_loss":0,"event_name":"MindBloom","floor":45,"gold_loss":0}],"is_beta":false,"boss_relics":[{"not_picked":["White Beast Statue","Runic Pyramid"],"picked":"Astrolabe"},{"not_picked":["Runic Dome","Orrery"],"picked":"Philosopher\u0027s Stone"}],"items_purged_floors":[7],"is_endless":false,"potions_floor_spawned":[8,12,13,14,19,29,31,36,41,45,48],"ascension_level":5}