{"gold_per_floor":[109,284,300,300,300,335,335,361,361,361,380,380,380,228,228,332,332,345,374,392,51,51,51,51,51,76,76,94,109,123,135,135,135],"floor_reached":33,"playtime":1353,"items_purged":["Strike_R","Blood for Blood"],"score":316,"play_id":"fbf1dfb0-6f21-4080-8464-0412ee5a9681","local_time":"20190203221744","is_ascension_mode":true,"campfire_choices":[{"floor":7.0,"key":"REST"},{"floor":10.0,"key":"REST"},{"data":"Bash","floor":12.0,"key":"SMITH"},{"data":"Sword Boomerang","floor":15.0,"key":"SMITH"},{"floor":23,"key":"REST"},{"data":"Armaments","floor":25,"key":"SMITH"},{"data":"Metallicize","floor":27,"key":"SMITH"},{"floor":32,"key":"REST"}],"neow_cost":"NONE","seed_source_timestamp":34607683610409,"circlet_count":0,"master_deck":["Bash+1","Impervious","Shrug It Off","Clothesline","Sword Boomerang+1","Metallicize+1","Spot Weakness","Metallicize","Feed","Body Slam","Feed","Entrench","Infernal Blade","Flame Barrier","Inflame","Armaments+1","Bludgeon"],"special_seed":0,"relics":["Burning Blood","The Courier","Regal Pillow","PreservedInsect","Dead Branch","Pandora\u0027s Box","Red Mask","Blood Vial","Happy Flower","Lantern"],"potions_floor_usage":[30,33,33,33],"damage_taken":[{"damage":14.0,"enemies":"2 Louse","floor":1.0,"turns":3.0},{"damage":6.0,"enemies":"Jaw Worm","floor":3.0,"turns":8.0},{"damage":50.0,"enemies":"Gremlin Nob","floor":6.0,"turns":6.0},{"damage":37.0,"enemies":"3 Sentries","floor":8.0,"turns":13.0},{"damage":0.0,"enemies":"Small Slimes","floor":11.0,"turns":3.0},{"damage":36.0,"enemies":"Slime Boss","floor":16.0,"turns":14.0},{"damage":6.0,"enemies":"Chosen","floor":18.0,"turns":7.0},{"damage":67.0,"enemies":"Masked Bandits","floor":19.0,"turns":5.0},{"damage":7.0,"enemies":"Shell Parasite","floor":20.0,"turns":5.0},{"damage":41,"enemies":"Snake Plant","floor":28,"turns":6},{"damage":17,"enemies":"Snecko","floor":29,"turns":6},{"damage":6,"enemies":"Centurion and Healer","floor":30,"turns":14},{"damage":0,"enemies":"Snake Plant","floor":31,"turns":3},{"damage":73,"enemies":"Collector","floor":33,"turns":9}],"seed_played":"1741788399341198737","potions_obtained":[{"floor":8.0,"key":"Block Potion"},{"floor":16.0,"key":"LiquidBronze"},{"floor":19.0,"key":"Strength Potion"},{"floor":29,"key":"Block Potion"},{"floor":31,"key":"Swift Potion"}],"is_trial":false,"path_per_floor":["M","?","M","?","?","E","R","E","T","R","M","R","?","$","R","B",null,"M","?","M","$","?","R","?","R","T","R","M","M","M","M","R","B"],"character_chosen":"IRONCLAD","items_purchased":["Spot Weakness","Metallicize","Armaments","Blood Vial","Happy Flower"],"campfire_rested":4,"item_purchase_floors":[14,14,21,21,21],"current_hp_per_floor":[72,72,72,65,65,21,45,14,14,53,59,59,52,52,52,22,66,69,11,13,13,13,54,54,54,54,54,21,15,17,25,67,0],"gold":135,"neow_bonus":"ONE_RANDOM_RARE_CARD","is_prod":false,"is_daily":false,"chose_seed":false,"campfire_upgraded":4,"win_rate":0,"timestamp":1549221464,"path_taken":["M","?","M","?","?","E","R","E","T","R","M","R","?","?","R","BOSS","M","?","M","$","?","R","?","R","T","R","M","M","M","M","R","BOSS"],"build_version":"2019-01-23","purchased_purges":2,"victory":false,"max_hp_per_floor":[80,80,80,80,80,80,80,80,80,80,80,80,80,80,80,80,80,83,86,89,89,89,89,89,89,89,89,89,92,92,92,92,92],"card_choices":[{"not_picked":["Flex","Thunderclap"],"picked":"Shrug It Off","floor":1.0},{"not_picked":["Evolve","Warcry"],"picked":"Clothesline","floor":3.0},{"not_picked":["Uppercut","Blood for Blood"],"picked":"Sword Boomerang","floor":6.0},{"not_picked":["Warcry","Power Through","Brutality"],"picked":"SKIP","floor":8.0},{"not_picked":["Sever Soul","True Grit"],"picked":"Metallicize","floor":11.0},{"not_picked":["Exhume","Double Tap"],"picked":"Feed","floor":16.0},{"not_picked":["Flex","Shrug It Off","Power Through"],"picked":"SKIP","floor":18.0},{"not_picked":["Warcry","Body Slam"],"picked":"Inflame","floor":20.0},{"not_picked":["Havoc","Thunderclap","Carnage"],"picked":"SKIP","floor":28},{"not_picked":["Flex","Immolate","Searing Blow"],"picked":"SKIP","floor":29},{"not_picked":["Heavy Blade+1","Entrench","Anger"],"picked":"SKIP","floor":30},{"not_picked":["Twin Strike","True Grit","Flex"],"picked":"SKIP","floor":31}],"player_experience":741567,"relics_obtained":[{"floor":6.0,"key":"The Courier"},{"floor":8.0,"key":"Regal Pillow"},{"floor":9.0,"key":"PreservedInsect"},{"floor":19.0,"key":"Red Mask"},{"floor":26,"key":"Lantern"}],"event_choices":[{"damage_healed":0.0,"max_hp_gain":0.0,"max_hp_loss":0.0,"gold_gain":175.0,"event_name":"Liars Game","player_choice":"AGREE","floor":2.0,"gold_loss":0.0,"damage_taken":0.0,"cards_obtained":["Doubt"]},{"cards_removed":["Doubt"],"damage_healed":0.0,"max_hp_gain":0.0,"max_hp_loss":0.0,"gold_gain":0.0,"event_name":"Golden Wing","player_choice":"Card Removal","floor":4.0,"gold_loss":0.0,"damage_taken":7.0},{"cards_removed":["Strike_R"],"damage_healed":0.0,"max_hp_gain":0.0,"max_hp_loss":0.0,"gold_gain":0.0,"event_name":"Living Wall","player_choice":"Forget","floor":5.0,"gold_loss":0.0,"damage_taken":0.0},{"damage_healed":0.0,"max_hp_gain":0.0,"max_hp_loss":0.0,"gold_gain":0.0,"event_name":"Scrap Ooze","player_choice":"Success","floor":13.0,"gold_loss":0.0,"damage_taken":7.0,"relics_obtained":["Dead Branch"]},{"damage_healed":0.0,"max_hp_gain":0.0,"max_hp_loss":0.0,"gold_gain":0.0,"event_name":"Masked Bandits","player_choice":"Fought Bandits","floor":19.0,"gold_loss":0.0,"damage_taken":0.0},{"damage_healed":0,"gold_gain":0,"player_choice":"Ignored","damage_taken":0,"max_hp_gain":0,"max_hp_loss":0,"event_name":"Beggar","floor":22,"gold_loss":0},{"damage_healed":0,"gold_gain":0,"cards_transformed":["Sword Boomerang"],"player_choice":"Transformed","damage_taken":0,"max_hp_gain":0,"max_hp_loss":0,"event_name":"Transmorgrifier","floor":24,"gold_loss":0,"cards_obtained":["Bludgeon"]}],"is_beta":false,"boss_relics":[{"not_picked":["Velvet Choker","Black Blood"],"picked":"Pandora\u0027s Box"}],"items_purged_floors":[14,21],"is_endless":false,"potions_floor_spawned":[8,16,19,29,31],"killed_by":"Collector","ascension_level":5}