{"gold_per_floor":[112,112,112,128,146,146,146,146,146,159,188,30,41,59,59,160,160,170,170,186,218,231,231,260,260,308,326,343,376,389,389,389,491,491,511,511,523,523,260,260,291,291,291,291,301,49,79,94,94,94],"floor_reached":51,"playtime":2807,"items_purged":["Strike_G+1","Strike_G+1"],"score":1072,"play_id":"ae5fd012-4f37-4965-953d-17f37d44fa2f","local_time":"20190104064258","is_ascension_mode":true,"campfire_choices":[{"data":"Neutralize","floor":6.0,"key":"SMITH"},{"floor":8.0,"key":"REST"},{"data":"Noxious Fumes","floor":15,"key":"SMITH"},{"data":"Blur","floor":23,"key":"SMITH"},{"floor":25,"key":"REST"},{"floor":32,"key":"REST"},{"data":"Footwork","floor":40,"key":"SMITH"},{"data":"Catalyst","floor":42,"key":"SMITH"},{"data":"Leg Sweep","floor":44,"key":"SMITH"},{"data":"After Image","floor":49,"key":"SMITH"}],"neow_cost":"NONE","seed_source_timestamp":60719600460855,"circlet_count":0,"master_deck":["Defend_G+1","Defend_G+1","Defend_G+1","Defend_G+1","Defend_G+1","Strike_G+1","Strike_G+1","Survivor","Neutralize+1","Deadly Poison","Deflect","Well Laid Plans","Backflip","Terror","Blur+1","Noxious Fumes+1","Dash+1","Corpse Explosion","Backflip+1","Caltrops","Catalyst+1","Cloak And Dagger+1","Leg Sweep+1","After Image+1","Concentrate+1","Footwork+1","Catalyst+1","PiercingWail"],"special_seed":0,"relics":["Ring of the Serpent","Question Card","FossilizedHelix","Ninja Scroll","Red Mask","Dead Branch","Whetstone","Snake Skull","Eternal Feather","Lantern","Potion Belt","Bird Faced Urn","Mercury Hourglass"],"potions_floor_usage":[21,21,24,33,50,50,50,50,50,50,50,50],"damage_taken":[{"damage":3.0,"enemies":"Jaw Worm","floor":1.0,"turns":5.0},{"damage":15.0,"enemies":"Small Slimes","floor":4.0,"turns":5.0},{"damage":1.0,"enemies":"Cultist","floor":5.0,"turns":4.0},{"damage":1.0,"enemies":"Large Slime","floor":10.0,"turns":8.0},{"damage":16.0,"enemies":"3 Sentries","floor":11.0,"turns":14.0},{"damage":4,"enemies":"Exordium Thugs","floor":13,"turns":5},{"damage":0,"enemies":"Gremlin Gang","floor":14,"turns":6},{"damage":16,"enemies":"Hexaghost","floor":16,"turns":9},{"damage":2,"enemies":"3 Byrds","floor":18,"turns":5},{"damage":0,"enemies":"Shell Parasite","floor":20,"turns":6},{"damage":0,"enemies":"Masked Bandits","floor":21,"turns":2},{"damage":1,"enemies":"Cultist and Chosen","floor":22,"turns":7},{"damage":38,"enemies":"Book of Stabbing","floor":24,"turns":8},{"damage":8,"enemies":"Snake Plant","floor":27,"turns":4},{"damage":0,"enemies":"Snecko","floor":28,"turns":4},{"damage":20,"enemies":"Gremlin Leader","floor":29,"turns":8},{"damage":0,"enemies":"Centurion and Healer","floor":30,"turns":6},{"damage":8,"enemies":"Automaton","floor":33,"turns":10},{"damage":1,"enemies":"3 Shapes","floor":35,"turns":4},{"damage":0,"enemies":"Orb Walker","floor":37,"turns":4},{"damage":7,"enemies":"Giant Head","floor":41,"turns":11},{"damage":0,"enemies":"Writhing Mass","floor":45,"turns":6},{"damage":34,"enemies":"Reptomancer","floor":47,"turns":8},{"damage":0,"enemies":"Transient","floor":48,"turns":5},{"damage":35,"enemies":"Donu and Deca","floor":50,"turns":6}],"seed_played":"2492884019246630350","potions_obtained":[{"floor":1.0,"key":"Swift Potion"},{"floor":4.0,"key":"GamblersBrew"},{"floor":14,"key":"Energy Potion"},{"floor":20,"key":"Regen Potion"},{"floor":22,"key":"Regen Potion"},{"floor":28,"key":"GamblersBrew"},{"floor":29,"key":"GhostInAJar"},{"floor":41,"key":"Energy Potion"}],"is_trial":false,"path_per_floor":["M","?","?","M","M","R","T","R","T","M","E","$","M","M","R","B",null,"M","?","M","?","M","R","E","R","T","M","M","E","M","?","R","B",null,"M","?","M","?","$","R","E","R","T","R","M","$","E","M","R","B",null],"character_chosen":"THE_SILENT","items_purchased":["Noxious Fumes","Dash","Footwork","Lantern","EntropicBrew","PiercingWail"],"campfire_rested":3,"item_purchase_floors":[12,12,39,39,46,46],"current_hp_per_floor":[60,53,53,38,37,37,37,58,58,57,41,41,37,37,37,21,58,56,43,43,52,51,51,25,47,47,39,39,19,19,19,41,33,65,64,64,64,64,64,75,68,75,75,75,75,75,45,57,72,40],"gold":94,"neow_bonus":"THREE_CARDS","is_prod":false,"is_daily":false,"chose_seed":false,"campfire_upgraded":7,"win_rate":0,"timestamp":1546573378,"path_taken":["M","?","?","M","M","R","?","R","T","M","E","$","M","M","R","BOSS","M","?","M","?","M","R","E","R","T","?","M","E","?","?","R","BOSS","M","?","M","?","$","R","E","R","T","R","M","$","E","M","R","BOSS"],"build_version":"2019-01-03","purchased_purges":2,"victory":true,"max_hp_per_floor":[70,70,70,70,70,70,70,70,70,70,70,70,70,70,70,70,70,70,75,75,75,75,75,75,75,75,75,75,75,75,75,75,75,75,75,75,75,75,75,75,75,75,75,75,75,75,75,75,75,75],"card_choices":[{"not_picked":["Expertise","Outmaneuver"],"picked":"Deadly Poison","floor":0.0},{"not_picked":["Heel Hook","Backflip"],"picked":"Deflect","floor":1.0},{"not_picked":["Outmaneuver","Heel Hook"],"picked":"Well Laid Plans","floor":4.0},{"not_picked":["Flying Knee","Deadly Poison"],"picked":"Backflip","floor":5.0},{"not_picked":["Dodge and Roll","Predator","PiercingWail"],"picked":"Terror","floor":10.0},{"not_picked":["Dagger Spray","Deflect","Flying Knee"],"picked":"Blur","floor":11},{"not_picked":["Masterful Stab","Acrobatics","Wraith Form v2","Accuracy"],"picked":"SKIP","floor":13},{"not_picked":["Dagger Throw","Underhanded Strike","Prepared","Dagger Spray"],"picked":"SKIP","floor":14},{"not_picked":["Grand Finale","Phantasmal Killer","A Thousand Cuts"],"picked":"Corpse Explosion","floor":16},{"not_picked":["Terror","Acrobatics","Accuracy"],"picked":"Backflip+1","floor":18},{"not_picked":["Dash+1","Dodge and Roll","Backflip+1"],"picked":"Caltrops","floor":20},{"not_picked":["Flechettes","Outmaneuver","Endless Agony","Prepared"],"picked":"SKIP","floor":22},{"not_picked":["Doppelganger","Slice+1","Infinite Blades"],"picked":"Catalyst","floor":24},{"not_picked":["Setup+1","Well Laid Plans","Dagger Spray"],"picked":"Cloak And Dagger+1","floor":27},{"not_picked":["Reflex","Dodge and Roll","Blur","Tactician+1"],"picked":"SKIP","floor":28},{"not_picked":["Venomology","Blade Dance","Finisher"],"picked":"Leg Sweep","floor":29},{"not_picked":["Masterful Stab","Deflect","Blade Dance","Accuracy"],"picked":"SKIP","floor":30},{"not_picked":["A Thousand Cuts","Storm of Steel","Wraith Form v2"],"picked":"After Image","floor":33},{"not_picked":["Prepared+1","Underhanded Strike","Quick Slash+1","Cloak And Dagger"],"picked":"SKIP","floor":35},{"not_picked":["Sucker Punch+1","Cloak And Dagger+1","Concentrate+1","Blur"],"picked":"SKIP","floor":37},{"not_picked":["Sucker Punch+1","Cloak And Dagger+1","Blur"],"picked":"Concentrate+1","floor":37},{"not_picked":["Poisoned Stab+1","Cloak And Dagger","Crippling Poison+1"],"picked":"Catalyst+1","floor":41},{"not_picked":["Noxious Fumes","Acrobatics+1","Escape Plan+1","Calculated Gamble"],"picked":"SKIP","floor":45},{"not_picked":["Acrobatics+1","Glass Knife","Prepared+1","Leg Sweep"],"picked":"SKIP","floor":47},{"not_picked":["Sucker Punch","Dodge and Roll","Outmaneuver+1","Deadly Poison"],"picked":"SKIP","floor":48}],"player_experience":648041,"relics_obtained":[{"floor":7.0,"key":"Question Card"},{"floor":9.0,"key":"FossilizedHelix"},{"floor":11,"key":"Ninja Scroll"},{"floor":21,"key":"Red Mask"},{"floor":24,"key":"Dead Branch"},{"floor":26,"key":"Whetstone"},{"floor":29,"key":"Snake Skull"},{"floor":41,"key":"Potion Belt"},{"floor":43,"key":"Bird Faced Urn"},{"floor":47,"key":"Mercury Hourglass"}],"event_choices":[{"cards_removed":["Strike_G"],"damage_healed":0.0,"max_hp_gain":0.0,"max_hp_loss":0.0,"gold_gain":0.0,"event_name":"Golden Wing","player_choice":"Card Removal","floor":2.0,"gold_loss":0.0,"damage_taken":7.0},{"damage_healed":0.0,"max_hp_gain":0.0,"max_hp_loss":0.0,"gold_gain":0.0,"event_name":"Liars Game","player_choice":"Ignored","floor":3.0,"gold_loss":0.0,"damage_taken":0.0},{"damage_healed":0,"gold_gain":0,"player_choice":"Shed Blood","damage_taken":18,"max_hp_gain":5,"max_hp_loss":0,"event_name":"Forgotten Altar","floor":19,"gold_loss":0},{"damage_healed":0,"gold_gain":0,"player_choice":"Fought Bandits","damage_taken":0,"max_hp_gain":0,"max_hp_loss":0,"event_name":"Masked Bandits","floor":21,"gold_loss":0},{"damage_healed":0,"gold_gain":0,"player_choice":"Simplicity","damage_taken":0,"max_hp_gain":0,"max_hp_loss":0,"event_name":"Back to Basics","floor":31,"gold_loss":0,"cards_upgraded":["Defend_G","Defend_G","Defend_G","Defend_G","Defend_G","Strike_G","Strike_G","Strike_G"]},{"damage_healed":0,"gold_gain":0,"player_choice":"Memory 1","damage_taken":0,"max_hp_gain":0,"max_hp_loss":0,"event_name":"SensoryStone","floor":36,"gold_loss":0},{"damage_healed":0,"gold_gain":0,"player_choice":"Bought 0 Potions","damage_taken":0,"max_hp_gain":0,"max_hp_loss":0,"event_name":"The Woman in Blue","floor":38,"gold_loss":0}],"is_beta":false,"boss_relics":[{"not_picked":["Fusion Hammer","Empty Cage"],"picked":"Ring of the Serpent"},{"not_picked":["Coffee Dripper","Snecko Eye"],"picked":"Eternal Feather"}],"items_purged_floors":[39,46],"is_endless":false,"potions_floor_spawned":[1,4,14,16,20,22,28,29,41],"ascension_level":9}