{"gold_per_floor":[114,74,74,86,106,106,140,198,225,245,245,7,7,7,7,107,107,127,50,61,75,0,28,38,63,63,80,55,55,55,73,73,73],"floor_reached":33,"playtime":3457,"items_purged":[],"score":310,"play_id":"19ab6c04-dd54-48e0-9ad6-0e5f79b11890","local_time":"20180724105224","is_ascension_mode":false,"campfire_choices":[{"data":"Crippling Poison","floor":6.0,"key":"SMITH"},{"floor":13.0,"key":"REST"},{"floor":15.0,"key":"REST"},{"floor":29.0,"key":"REST"},{"data":"Crippling Poison","floor":32.0,"key":"SMITH"}],"neow_cost":"","seed_source_timestamp":0,"circlet_count":0,"master_deck":["Defend_G","Defend_G","Defend_G","Defend_G","Strike_G","Strike_G","Strike_G","Survivor","Neutralize","Crippling Poison+1","Catalyst","Dagger Throw","Acrobatics","Dodge and Roll","Crippling Poison+1","Predator","Die Die Die","Backflip+1","J.A.X.+1","Underhanded Strike","Prepared+1","Backstab+1","Dodge and Roll+1","All Out Attack","Burst+1","Dagger Spray","Poisoned Stab"],"special_seed":0,"relics":["Ring of the Snake","Regal Pillow","Ginger","Mercury Hourglass","Bag of Preparation","Toxic Egg 2","Snecko Eye","Meat on the Bone","Anchor","Ice Cream"],"potions_floor_usage":[],"damage_taken":[{"damage":5.0,"enemies":"Small Slimes","floor":1.0,"turns":4.0},{"damage":4.0,"enemies":"Cultist","floor":4.0,"turns":3.0},{"damage":5.0,"enemies":"Jaw Worm","floor":5.0,"turns":4.0},{"damage":24.0,"enemies":"Lagavulin","floor":7.0,"turns":8.0},{"damage":17.0,"enemies":"3 Sentries","floor":8.0,"turns":6.0},{"damage":0.0,"enemies":"3 Louse","floor":10.0,"turns":1.0},{"damage":69.0,"enemies":"Slime Boss","floor":16.0,"turns":14.0},{"damage":28.0,"enemies":"2 Thieves","floor":18.0,"turns":3.0},{"damage":0.0,"enemies":"3 Byrds","floor":20.0,"turns":2.0},{"damage":16.0,"enemies":"Snake Plant","floor":21.0,"turns":3.0},{"damage":3.0,"enemies":"Slavers","floor":23.0,"turns":4.0},{"damage":6.0,"enemies":"Snecko","floor":24.0,"turns":4.0},{"damage":3.0,"enemies":"Gremlin Leader","floor":25.0,"turns":3.0},{"damage":35.0,"enemies":"Sentry and Sphere","floor":27.0,"turns":6.0},{"damage":6.0,"enemies":"Snake Plant","floor":31.0,"turns":5.0},{"damage":58,"enemies":"Champ","floor":33,"turns":7}],"seed_played":"6815490352082230504","potions_obtained":[{"floor":2.0,"key":"SteroidPotion"},{"floor":2.0,"key":"Poison Potion"},{"floor":2.0,"key":"Strength Potion"},{"floor":4.0,"key":"Fire Potion"},{"floor":8.0,"key":"Explosive Potion"},{"floor":18.0,"key":"Regen Potion"},{"floor":20.0,"key":"GhostInAJar"},{"floor":25.0,"key":"GamblersBrew"}],"is_trial":false,"path_per_floor":["M","?","?","M","M","R","E","?","T","M","?","$","R","$","R","B",null,"M","?","M","M","?","E","M","E","T","M","$","R","?","M","R"],"character_chosen":"THE_SILENT","items_purchased":["Toxic Egg 2","Dagger Spray"],"campfire_rested":3,"item_purchase_floors":[12,28],"current_hp_per_floor":[65,65,62,58,53,53,29,12,12,12,12,12,48,48,70,1,70,42,42,42,26,26,35,41,38,38,15,15,51,51,45,45,0],"gold":73,"neow_bonus":"","is_prod":false,"is_daily":false,"chose_seed":false,"campfire_upgraded":2,"win_rate":0.0,"timestamp":1532425944,"path_taken":["M","?","?","M","M","R","E","?","T","M","?","?","R","$","R","BOSS","M","?","M","M","?","E","M","E","T","M","?","R","?","M","R","BOSS"],"build_version":"2018-07-19v2","purchased_purges":0,"victory":false,"max_hp_per_floor":[70,70,70,70,70,70,70,70,70,70,70,70,70,70,70,70,70,70,70,70,70,70,70,70,70,70,70,70,70,70,70,70,70],"card_choices":[{"not_picked":["Backflip","Deadly Poison"],"picked":"Crippling Poison","floor":1.0},{"not_picked":["Bane","PiercingWail"],"picked":"Catalyst","floor":4.0},{"not_picked":["Outmaneuver","Backflip"],"picked":"Dagger Throw","floor":5.0},{"not_picked":["Flying Knee","Prepared"],"picked":"Acrobatics","floor":7.0},{"not_picked":["Sucker Punch","Flying Knee"],"picked":"Dodge and Roll","floor":8.0},{"not_picked":["Outmaneuver","Skewer"],"picked":"Crippling Poison","floor":10.0},{"not_picked":["Envenom","Burst+1"],"picked":"Die Die Die","floor":16.0},{"not_picked":["Slice","Dagger Spray"],"picked":"Backflip+1","floor":18.0},{"not_picked":["Flying Knee","Footwork"],"picked":"Underhanded Strike","floor":20.0},{"not_picked":["Underhanded Strike","Sucker Punch+1"],"picked":"Prepared+1","floor":21.0},{"not_picked":["Dagger Throw","Bane"],"picked":"Backstab+1","floor":23.0},{"not_picked":["Underhanded Strike","Predator"],"picked":"Dodge and Roll+1","floor":24.0},{"not_picked":["Backflip+1","Expertise+1"],"picked":"All Out Attack","floor":25.0},{"not_picked":["Dagger Throw","Prepared+1"],"picked":"Burst+1","floor":27.0},{"not_picked":["Slice+1","Dagger Spray"],"picked":"Poisoned Stab","floor":31.0}],"player_experience":45320,"relics_obtained":[{"floor":7.0,"key":"Ginger"},{"floor":8.0,"key":"Mercury Hourglass"},{"floor":9.0,"key":"Bag of Preparation"},{"floor":23.0,"key":"Meat on the Bone"},{"floor":25.0,"key":"Anchor"},{"floor":26.0,"key":"Ice Cream"}],"event_choices":[{"event_name":"The Woman in Blue","player_choice":"Bought 3 Potions","floor":2.0,"damage_taken":0.0},{"event_name":"Scrap Ooze","player_choice":"success","floor":3.0,"damage_taken":3.0},{"event_name":"Dead Adventurer","player_choice":"Searched \u00271\u0027 times","floor":8.0,"damage_taken":0.0},{"event_name":"Living Wall","player_choice":"Change","floor":11.0,"damage_taken":0.0},{"event_name":"Drug Dealer","player_choice":"Got JAXXED","floor":19.0,"damage_taken":0.0},{"event_name":"Beggar","player_choice":"Gave Gold","floor":22.0,"damage_taken":0.0},{"event_name":"Purifier","player_choice":"One Purge","floor":30.0,"damage_taken":0.0}],"is_beta":false,"boss_relics":[{"not_picked":["Ring of the Serpent","Busted Crown"],"picked":"Snecko Eye"}],"items_purged_floors":[],"is_endless":false,"potions_floor_spawned":[4,8,18,20,25],"killed_by":"Champ","ascension_level":0}