{"gold_per_floor":[117,134,134,62,62,62,75,75,75,91,124,124,9,31,31,126,126,141,141,141,231,131,131,165,165,165,191,0,20,20,34,34,131,131,150,150],"floor_reached":36,"playtime":1169,"items_purged":["Strike_G","Writhe"],"score":554,"play_id":"502c189a-afef-41d1-838e-8e5c6a02df40","local_time":"20180820184528","is_ascension_mode":true,"campfire_choices":[{"data":"Noxious Fumes","floor":6.0,"key":"SMITH"},{"floor":8.0,"key":"REST"},{"data":"Caltrops","floor":12.0,"key":"SMITH"},{"data":"Footwork","floor":15.0,"key":"SMITH"},{"data":"Envenom","floor":23.0,"key":"SMITH"},{"floor":25.0,"key":"REST"},{"floor":32.0,"key":"REST"}],"neow_cost":"NONE","seed_source_timestamp":7413856408097,"circlet_count":0,"master_deck":["Defend_G","Defend_G","Defend_G","Strike_G","Survivor","Neutralize","Backflip","Quick Slash+1","Noxious Fumes+1","Caltrops+1","Footwork+1","Envenom+1","Dash","After Image+1","Bouncing Flask","Deadly Poison","Finisher+1","Tools of the Trade+1","Caltrops+1","Bouncing Flask+1"],"special_seed":0,"relics":["Sozu","Thread and Needle","Snake Skull","Peace Pipe","Odd Mushroom","Empty Cage","Lantern","Boot","Frozen Egg 2","Unceasing Top","Astrolabe"],"potions_floor_usage":[],"damage_taken":[{"damage":0.0,"enemies":"Small Slimes","floor":1.0,"turns":5.0},{"damage":0.0,"enemies":"2 Louse","floor":2.0,"turns":3.0},{"damage":0.0,"enemies":"Jaw Worm","floor":7.0,"turns":3.0},{"damage":0.0,"enemies":"Exordium Wildlife","floor":10.0,"turns":3.0},{"damage":11.0,"enemies":"3 Sentries","floor":11.0,"turns":6.0},{"damage":6.0,"floor":14.0,"turns":4.0},{"damage":10.0,"enemies":"Hexaghost","floor":16.0,"turns":9.0},{"damage":0.0,"enemies":"3 Byrds","floor":18.0,"turns":3.0},{"damage":7.0,"enemies":"Book of Stabbing","floor":24.0,"turns":5.0},{"damage":37.0,"enemies":"Slavers","floor":27.0,"turns":5.0},{"damage":8.0,"enemies":"2 Thieves","floor":29.0,"turns":5.0},{"damage":3.0,"enemies":"Snake Plant","floor":31.0,"turns":5.0},{"damage":21.0,"enemies":"Automaton","floor":33.0,"turns":9.0},{"damage":36,"enemies":"3 Darklings","floor":35,"turns":5},{"damage":21,"enemies":"Flame Bruiser 1 Orb","floor":36,"turns":3}],"seed_played":"-346398911794964852","potions_obtained":[],"is_trial":false,"path_per_floor":["M","M","?","$","?","R","M","R","T","M","E","R","$","?","R","B",null,"M","?","?","?","$","R","E","R","T","E","?","M","$","M","R","B",null,"M"],"character_chosen":"THE_SILENT","items_purchased":["Noxious Fumes","Footwork"],"campfire_rested":3,"item_purchase_floors":[4,13],"current_hp_per_floor":[63,63,63,63,51,51,51,70,70,70,59,59,59,53,53,43,63,63,63,63,49,49,49,42,63,63,26,26,18,18,15,36,15,56,20,0],"gold":150,"neow_bonus":"BOSS_RELIC","is_prod":false,"is_daily":false,"chose_seed":false,"campfire_upgraded":4,"win_rate":0,"timestamp":1534779928,"path_taken":["M","M","?","$","?","R","M","R","T","M","E","R","$","?","R","BOSS","M","?","?","?","$","R","E","R","T","E","?","M","?","?","R","BOSS","M","M"],"build_version":"2018-08-16","purchased_purges":2,"victory":false,"max_hp_per_floor":[70,70,70,70,70,70,70,70,70,70,70,70,70,70,70,70,70,70,70,70,70,70,70,70,70,70,70,70,70,70,70,70,70,70,70,70],"card_choices":[{"not_picked":["Deflect","Dodge and Roll"],"picked":"Backflip","floor":1.0},{"not_picked":["Acrobatics","Bane"],"picked":"Quick Slash","floor":2.0},{"not_picked":["Accuracy","Glass Knife","Tactician"],"picked":"SKIP","floor":7.0},{"not_picked":["Underhanded Strike","Well Laid Plans"],"picked":"Caltrops","floor":10.0},{"not_picked":["Outmaneuver","Heel Hook","Acrobatics"],"picked":"SKIP","floor":11.0},{"not_picked":["Die Die Die","Storm of Steel"],"picked":"Envenom","floor":16.0},{"not_picked":["Masterful Stab","Outmaneuver","Underhanded Strike"],"picked":"SKIP","floor":18.0},{"not_picked":["Backflip","Crippling Poison"],"picked":"Dash","floor":24.0},{"not_picked":["Sucker Punch","Well Laid Plans+1"],"picked":"After Image+1","floor":27.0},{"not_picked":["Masterful Stab+1","Slice"],"picked":"Bouncing Flask","floor":29.0},{"not_picked":["Slice","Finisher"],"picked":"Deadly Poison","floor":31.0},{"not_picked":["Blur","Terror"],"picked":"Bouncing Flask+1","floor":35}],"player_experience":437014,"relics_obtained":[{"floor":9.0,"key":"Snake Skull"},{"floor":11.0,"key":"Peace Pipe"},{"floor":14.0,"key":"Odd Mushroom"},{"floor":24.0,"key":"Boot"},{"floor":26.0,"key":"Frozen Egg 2"},{"floor":27.0,"key":"Unceasing Top"}],"event_choices":[{"event_name":"Living Wall","player_choice":"Grow","floor":3.0,"damage_taken":0.0},{"event_name":"Scrap Ooze","player_choice":"success","floor":5.0,"damage_taken":12.0},{"event_name":"Mushrooms","player_choice":"Fought Mushrooms","floor":14.0,"damage_taken":0.0},{"event_name":"Vampires","player_choice":"Ignored","floor":19.0,"damage_taken":0.0},{"event_name":"The Mausoleum","player_choice":"Yes","floor":20.0,"damage_taken":0.0},{"event_name":"Knowing Skull","player_choice":"GOLD ","floor":21.0,"damage_taken":0.0},{"event_name":"Masked Bandits","player_choice":"Paid Fearfully","floor":28.0,"damage_taken":0.0}],"is_beta":false,"boss_relics":[{"not_picked":["Calling Bell","Ectoplasm"],"picked":"Empty Cage"},{"not_picked":["Runic Pyramid","Pandora\u0027s Box"],"picked":"Astrolabe"}],"items_purged_floors":[13,22],"is_endless":false,"potions_floor_spawned":[11,14,16,18,27,29,33,35],"killed_by":"Flame Bruiser 1 Orb","ascension_level":8}