{"gold_per_floor":[116,191,191,191,208,241,241,273,350,376,1,11,11,28,28,127,127,144,144,144,144,162,162,189,189,189,219,235,249,56,72,72,175,175,195,1194,1194,1243,443,477,477,508,508,527,527,542,587,612,612,612,612,612,51,86,86],"floor_reached":55,"playtime":1822,"items_purged":["Pain","Normality","Doubt"],"score":901,"play_id":"033db6dc-9657-4c31-9fbe-f6871197c36f","local_time":"20190726200414","is_ascension_mode":true,"campfire_choices":[{"data":"Clothesline","floor":7.0,"key":"SMITH"},{"data":"Metallicize","floor":13.0,"key":"SMITH"},{"data":"Shockwave","floor":15.0,"key":"SMITH"},{"data":"Limit Break","floor":23.0,"key":"SMITH"},{"data":"Berserk","floor":25.0,"key":"SMITH"},{"data":"Demon Form","floor":32.0,"key":"SMITH"},{"floor":49.0,"key":"RECALL"},{"data":"Heavy Blade","floor":52.0,"key":"SMITH"}],"neow_cost":"NONE","seed_source_timestamp":29756913924840,"circlet_count":0,"master_deck":["Strike_R+1","Strike_R+1","Strike_R+1","Defend_R+1","Defend_R+1","Defend_R+1","Defend_R+1","Bash+1","Heavy Blade+1","Clothesline+1","Limit Break+1","Shockwave+1","Shrug It Off","Metallicize+1","Shrug It Off","Berserk+1","Battle Trance","Inflame","Demon Form+1","Metallicize","Barricade","Metallicize","Impervious","Warcry+1","True Grit+1","Shockwave","Limit Break"],"special_seed":0,"relics":["Cursed Key","Strawberry","Lantern","Mercury Hourglass","Omamori","Meat on the Bone","White Beast Statue","Kunai","Mummified Hand","Molten Egg 2","Question Card","ClockworkSouvenir","Empty Cage","OrangePellets","Vajra","Red Skull","Frozen Egg 2","Boot","Prayer Wheel","The Courier","Pen Nib","Toolbox","Art of War","Pantograph"],"potions_floor_usage":[54,55,55,55],"damage_taken":[{"damage":0.0,"enemies":"Cultist","floor":1.0,"turns":2.0},{"damage":0.0,"enemies":"2 Louse","floor":5.0,"turns":3.0},{"damage":32.0,"enemies":"3 Sentries","floor":6.0,"turns":8.0},{"damage":19.0,"enemies":"Gremlin Nob","floor":8.0,"turns":4.0},{"damage":19.0,"enemies":"Lagavulin","floor":10.0,"turns":4.0},{"damage":0.0,"enemies":"Jaw Worm","floor":12.0,"turns":2.0},{"damage":4.0,"enemies":"3 Louse","floor":14.0,"turns":3.0},{"damage":6.0,"enemies":"Slime Boss","floor":16.0,"turns":7.0},{"damage":5.0,"enemies":"Shell Parasite","floor":18.0,"turns":5.0},{"damage":0.0,"enemies":"3 Byrds","floor":22.0,"turns":5.0},{"damage":17.0,"enemies":"Book of Stabbing","floor":24.0,"turns":5.0},{"damage":0.0,"enemies":"Gremlin Leader","floor":27.0,"turns":4.0},{"damage":13.0,"enemies":"Sentry and Sphere","floor":28.0,"turns":4.0},{"damage":0.0,"enemies":"3 Cultists","floor":29.0,"turns":5.0},{"damage":11.0,"enemies":"Snake Plant","floor":31.0,"turns":3.0},{"damage":21.0,"enemies":"Automaton","floor":33.0,"turns":9.0},{"damage":2.0,"enemies":"3 Darklings","floor":35.0,"turns":5.0},{"damage":12.0,"enemies":"Giant Head","floor":40.0,"turns":7.0},{"damage":32.0,"enemies":"Reptomancer","floor":42.0,"turns":6.0},{"damage":0.0,"enemies":"Orb Walker","floor":44.0,"turns":3.0},{"damage":9.0,"enemies":"4 Shapes","floor":46.0,"turns":5.0},{"damage":14.0,"enemies":"2 Orb Walkers","floor":47.0,"turns":5.0},{"damage":18.0,"enemies":"Nemesis","floor":48.0,"turns":5.0},{"damage":10.0,"enemies":"Donu and Deca","floor":50.0,"turns":9.0},{"damage":0,"enemies":"Shield and Spear","floor":54,"turns":6},{"damage":99,"enemies":"The Heart","floor":55,"turns":6}],"seed_played":"650442920859764895","potions_obtained":[{"floor":1.0,"key":"SteroidPotion"},{"floor":8.0,"key":"Poison Potion"},{"floor":12.0,"key":"PowerPotion"},{"floor":16.0,"key":"Explosive Potion"},{"floor":18.0,"key":"Block Potion"},{"floor":24.0,"key":"Swift Potion"},{"floor":47.0,"key":"Ancient Potion"},{"floor":54,"key":"Dexterity Potion"}],"is_trial":false,"path_per_floor":["M","?","?","?","M","E","R","E","T","E","$","M","R","M","R","B",null,"M","?","?","?","M","R","E","R","T","E","M","M","$","M","R","B",null,"M","?","?","T","$","E","?","E","T","M","?","M","?","E","R","B",null,"R","$","E","B"],"character_chosen":"IRONCLAD","items_purchased":["Meat on the Bone","Shrug It Off","ClockworkSouvenir","Metallicize","OrangePellets","Vajra","Red Skull","Impervious","Pen Nib","Toolbox","Art of War","Shockwave"],"campfire_rested":0,"item_purchase_floors":[11,11,30,39,39,39,39,39,53,53,53,53],"current_hp_per_floor":[80,69,69,69,69,44,44,25,25,6,6,18,18,26,26,32,87,82,82,82,82,82,82,65,65,65,65,52,52,52,53,53,44,87,85,85,83,83,83,71,71,51,51,51,51,42,40,34,34,36,83,83,83,83,0],"gold":86,"neow_bonus":"BOSS_RELIC","is_prod":false,"is_daily":false,"chose_seed":false,"campfire_upgraded":7,"win_rate":0,"timestamp":1564160654,"path_taken":["M","?","?","?","M","E","R","E","T","E","$","M","R","?","R","BOSS","M","?","?","?","M","R","E","R","T","E","M","M","$","M","R","BOSS","M","?","?","?","$","E","?","E","T","M","?","?","?","E","R","BOSS","R","$","E","BOSS"],"build_version":"2019-07-17","purchased_purges":3,"victory":false,"max_hp_per_floor":[80,80,80,80,80,87,87,87,87,87,87,87,87,87,87,87,87,87,87,87,87,87,87,87,87,87,87,87,87,87,87,87,87,87,87,87,83,83,83,83,83,83,83,83,83,83,83,83,83,83,83,83,83,83,83],"card_choices":[{"not_picked":["Seeing Red","Clash"],"picked":"Heavy Blade","floor":1.0},{"not_picked":["Sword Boomerang","Pommel Strike"],"picked":"Clothesline","floor":5.0},{"not_picked":["Havoc","Cleave"],"picked":"Limit Break","floor":6.0},{"not_picked":["Power Through","Cleave"],"picked":"Shockwave","floor":8.0},{"not_picked":["Evolve","Havoc","Bloodletting"],"picked":"SKIP","floor":10.0},{"not_picked":["Clash","Thunderclap"],"picked":"Metallicize","floor":12.0},{"not_picked":["Warcry","Intimidate"],"picked":"Shrug It Off","floor":14.0},{"not_picked":["Double Tap","Bludgeon"],"picked":"Berserk","floor":16.0},{"not_picked":["Whirlwind","Thunderclap+1"],"picked":"Battle Trance","floor":18.0},{"not_picked":["Blood for Blood","Clothesline","Shockwave+1"],"picked":"SKIP","floor":22.0},{"not_picked":["Entrench","Sever Soul"],"picked":"Demon Form","floor":24.0},{"not_picked":["Exhume","Thunderclap+1","Bludgeon+1"],"picked":"SKIP","floor":27.0},{"not_picked":["Rampage+1","Bloodletting+1","Warcry","Headbutt+1"],"picked":"SKIP","floor":28.0},{"not_picked":["Rampage+1","Bloodletting+1","Warcry","Headbutt+1"],"picked":"SKIP","floor":28.0},{"not_picked":["Shrug It Off","Bludgeon+1","Pommel Strike+1","Thunderclap+1"],"picked":"SKIP","floor":29.0},{"not_picked":["Battle Trance+1","Uppercut+1","Warcry"],"picked":"Metallicize","floor":31.0},{"not_picked":["Demon Form","Fiend Fire+1","Bludgeon+1"],"picked":"Barricade","floor":33.0},{"not_picked":["Flex+1","Hemokinesis+1","Carnage+1","Clothesline+1"],"picked":"SKIP","floor":35.0},{"not_picked":["Clash+1","Anger+1","Carnage+1","Barricade"],"picked":"SKIP","floor":40.0},{"not_picked":["Havoc","Pummel+1","Power Through","Clothesline+1"],"picked":"SKIP","floor":42.0},{"not_picked":["Evolve+1","Armaments+1","Headbutt+1"],"picked":"Warcry+1","floor":44.0},{"not_picked":["Clothesline+1","Body Slam+1","Heavy Blade+1","Reckless Charge+1"],"picked":"SKIP","floor":46.0},{"not_picked":["Battle Trance","Evolve+1","Flex"],"picked":"True Grit+1","floor":47.0},{"not_picked":["Combust+1","Thunderclap+1","Pummel+1","Anger+1"],"picked":"SKIP","floor":48.0},{"not_picked":["Dropkick+1","Rage+1","Body Slam+1"],"picked":"Limit Break","floor":54}],"player_experience":1089180,"relics_obtained":[{"floor":6.0,"key":"Strawberry"},{"floor":8.0,"key":"Lantern"},{"floor":9.0,"key":"Mercury Hourglass"},{"floor":10.0,"key":"Omamori"},{"floor":24.0,"key":"Mummified Hand"},{"floor":26.0,"key":"Molten Egg 2"},{"floor":27.0,"key":"Question Card"},{"floor":40.0,"key":"Frozen Egg 2"},{"floor":42.0,"key":"Boot"},{"floor":47.0,"key":"Prayer Wheel"},{"floor":48.0,"key":"The Courier"},{"floor":54,"key":"Pantograph"}],"event_choices":[{"damage_healed":0.0,"max_hp_gain":0.0,"max_hp_loss":0.0,"gold_gain":75.0,"event_name":"World of Goop","player_choice":"Gather Gold","floor":2.0,"gold_loss":0.0,"damage_taken":11.0},{"damage_healed":0.0,"max_hp_gain":0.0,"max_hp_loss":0.0,"gold_gain":0.0,"event_name":"Living Wall","player_choice":"Grow","floor":3.0,"gold_loss":0.0,"damage_taken":0.0,"cards_upgraded":["Bash"]},{"damage_healed":0.0,"max_hp_gain":0.0,"max_hp_loss":0.0,"gold_gain":0.0,"event_name":"Wheel of Change","player_choice":"Cursed","floor":4.0,"gold_loss":0.0,"damage_taken":0.0,"cards_obtained":["Decay"]},{"damage_healed":0.0,"max_hp_gain":0.0,"max_hp_loss":0.0,"gold_gain":0.0,"event_name":"The Mausoleum","player_choice":"Opened","floor":19.0,"gold_loss":0.0,"damage_taken":0.0,"relics_obtained":["Kunai"],"cards_obtained":["Writhe"]},{"damage_healed":0.0,"max_hp_gain":0.0,"max_hp_loss":0.0,"gold_gain":0.0,"event_name":"Back to Basics","player_choice":"Simplicity","floor":20.0,"gold_loss":0.0,"damage_taken":0.0,"cards_upgraded":["Strike_R","Strike_R","Strike_R","Strike_R","Strike_R","Defend_R","Defend_R","Defend_R","Defend_R"]},{"damage_healed":0.0,"max_hp_gain":0.0,"max_hp_loss":0.0,"gold_gain":0.0,"event_name":"The Library","player_choice":"Read","floor":21.0,"gold_loss":0.0,"damage_taken":0.0,"cards_obtained":["Inflame"]},{"damage_healed":0.0,"max_hp_gain":0.0,"max_hp_loss":0.0,"gold_gain":999.0,"event_name":"MindBloom","player_choice":"Gold","floor":36.0,"gold_loss":0.0,"damage_taken":0.0,"cards_obtained":["Normality","Normality"]},{"damage_healed":0.0,"max_hp_gain":0.0,"max_hp_loss":4.0,"gold_gain":0.0,"event_name":"Winding Halls","player_choice":"Max HP","floor":37.0,"gold_loss":0.0,"damage_taken":0.0},{"cards_removed":["Strike_R"],"damage_healed":0.0,"max_hp_gain":0.0,"max_hp_loss":0.0,"gold_gain":0.0,"event_name":"Falling","player_choice":"Removed Attack","floor":41.0,"gold_loss":0.0,"damage_taken":0.0},{"cards_removed":["Normality"],"damage_healed":0.0,"max_hp_gain":0.0,"max_hp_loss":0.0,"gold_gain":0.0,"event_name":"Purifier","player_choice":"Purged","floor":45.0,"gold_loss":0.0,"damage_taken":0.0},{"damage_healed":0.0,"max_hp_gain":0.0,"max_hp_loss":0.0,"gold_gain":0.0,"event_name":"Mysterious Sphere","player_choice":"Fight","floor":47.0,"gold_loss":0.0,"damage_taken":0.0}],"is_beta":false,"boss_relics":[{"not_picked":["Fusion Hammer","Runic Dome"],"picked":"White Beast Statue"},{"not_picked":["Runic Pyramid","Eternal Feather"],"picked":"Empty Cage"}],"items_purged_floors":[11,39,53],"is_endless":false,"potions_floor_spawned":[1,8,12,16,18,22,24,27,28,29,31,33,35,40,42,44,46,47,48,54],"killed_by":"The Heart","ascension_level":1}