{"gold_per_floor":[117,67,83,83,95,95,111,136,163,174,190,221,221,240,240,344,344,354,354,367,385,385,385,335,335,406,426,112,112],"floor_reached":29,"playtime":1784,"items_purged":["Strike_G"],"score":308,"play_id":"16d9b8d7-6f64-48b5-b8dd-799a29387ce6","local_time":"20180904112226","is_ascension_mode":true,"campfire_choices":[{"data":"Cloak And Dagger","floor":6.0,"key":"SMITH"},{"floor":15.0,"key":"REST"},{"data":"Footwork","floor":23,"key":"SMITH"},{"data":"Storm of Steel","floor":25,"key":"SMITH"}],"neow_cost":"","seed_source_timestamp":0,"circlet_count":0,"master_deck":["Defend_G","Defend_G","Defend_G","Defend_G","Defend_G","Strike_G","Strike_G","Survivor","Neutralize","Cloak And Dagger+1","Slice","Deflect","Blur","Grand Finale","Caltrops+1","Slice+1","Quick Slash+1","Storm of Steel+1","Footwork+1","Cloak And Dagger+1","Infinite Blades","Quick Slash"],"special_seed":0,"relics":["Ring of the Serpent","Blood Vial","Pen Nib","Bag of Marbles","Question Card","Whetstone"],"potions_floor_usage":[21],"damage_taken":[{"damage":0.0,"enemies":"Small Slimes","floor":1.0,"turns":4.0},{"damage":1.0,"enemies":"Jaw Worm","floor":3.0,"turns":6.0},{"damage":0.0,"enemies":"Cultist","floor":5.0,"turns":4.0},{"damage":7.0,"enemies":"Large Slime","floor":7.0,"turns":10.0},{"damage":6.0,"enemies":"Lagavulin","floor":8.0,"turns":8.0},{"damage":11.0,"enemies":"Exordium Thugs","floor":10.0,"turns":6.0},{"damage":7.0,"enemies":"Gremlin Gang","floor":11.0,"turns":10.0},{"damage":10.0,"enemies":"3 Sentries","floor":12.0,"turns":8.0},{"damage":2.0,"enemies":"Exordium Wildlife","floor":14.0,"turns":7.0},{"damage":14.0,"enemies":"The Guardian","floor":16.0,"turns":16.0},{"damage":2,"enemies":"Chosen","floor":18,"turns":3},{"damage":8,"enemies":"Shell Parasite","floor":20,"turns":3},{"damage":31,"enemies":"Snake Plant","floor":21,"turns":6},{"damage":34,"enemies":"Snecko","floor":27,"turns":6},{"damage":11,"enemies":"Centurion and Healer","floor":29,"turns":2}],"seed_played":"2336573754003869047","potions_obtained":[{"floor":1.0,"key":"EntropicBrew"},{"floor":7.0,"key":"Swift Potion"},{"floor":8.0,"key":"Energy Potion"},{"floor":11.0,"key":"LiquidBronze"},{"floor":14.0,"key":"SpeedPotion"},{"floor":19,"key":"GhostInAJar"},{"floor":19,"key":"SmokeBomb"},{"floor":19,"key":"Ancient Potion"},{"floor":20,"key":"FairyPotion"}],"is_trial":false,"path_per_floor":["M","?","M","?","M","R","M","E","T","M","M","E","?","M","R","B",null,"M","?","M","M","?","R","?","R","T","M","$"],"character_chosen":"THE_SILENT","items_purchased":["Whetstone","Infinite Blades","Quick Slash"],"campfire_rested":1,"item_purchase_floors":[28,28,28],"current_hp_per_floor":[63,63,62,62,62,62,55,49,49,40,35,27,27,27,48,36,62,62,62,56,27,27,27,27,27,27,7,7,0],"gold":112,"neow_bonus":"","is_prod":false,"is_daily":false,"chose_seed":false,"campfire_upgraded":3,"win_rate":0,"timestamp":1536085346,"path_taken":["M","?","M","?","M","R","M","E","T","M","?","E","?","M","R","BOSS","M","?","M","M","?","R","?","R","T","?","?","?"],"build_version":"2018-08-30","purchased_purges":1,"victory":false,"max_hp_per_floor":[70,70,70,70,70,70,70,70,70,70,70,70,70,70,70,70,70,70,70,70,70,70,70,70,70,70,70,70,70],"card_choices":[{"not_picked":["Flying Knee","PiercingWail"],"picked":"Cloak And Dagger","floor":1.0},{"not_picked":["Dagger Spray","Sucker Punch"],"picked":"Slice","floor":3.0},{"not_picked":["Eviscerate","Crippling Poison","Predator"],"picked":"SKIP","floor":5.0},{"not_picked":["Caltrops","Blade Dance"],"picked":"Deflect","floor":7.0},{"not_picked":["Acrobatics","Deflect"],"picked":"Blur","floor":8.0},{"not_picked":["Terror","Blade Dance"],"picked":"Grand Finale","floor":10.0},{"not_picked":["Eviscerate","Dash"],"picked":"Caltrops","floor":11.0},{"not_picked":["Glass Knife","Dodge and Roll"],"picked":"Slice","floor":12.0},{"not_picked":["Expertise","Heel Hook"],"picked":"Quick Slash","floor":14.0},{"not_picked":["Venomology","Grand Finale"],"picked":"Storm of Steel","floor":16.0},{"not_picked":["All Out Attack","Leg Sweep","Prepared"],"picked":"SKIP","floor":18},{"not_picked":["PiercingWail+1","Slice+1"],"picked":"Footwork","floor":20},{"not_picked":["Tactician+1","Outmaneuver"],"picked":"Cloak And Dagger+1","floor":21},{"not_picked":["Heel Hook","Noxious Fumes","Outmaneuver+1","Sucker Punch"],"picked":"SKIP","floor":27}],"player_experience":252203,"relics_obtained":[{"floor":8.0,"key":"Blood Vial"},{"floor":9.0,"key":"Pen Nib"},{"floor":12.0,"key":"Bag of Marbles"},{"floor":26,"key":"Question Card"}],"event_choices":[{"event_name":"The Cleric","player_choice":"Card Removal","floor":2.0,"damage_taken":0.0},{"event_name":"Purifier","player_choice":"One Purge","floor":4.0,"damage_taken":0.0},{"event_name":"Accursed Blacksmith","player_choice":"Forge","floor":13.0,"damage_taken":0.0},{"event_name":"The Lab","player_choice":"Got Potions","floor":19,"damage_taken":0},{"event_name":"Ghosts","player_choice":"Ignored","floor":22,"damage_taken":0},{"event_name":"The Joust","player_choice":"Bet on Murderer","floor":24,"damage_taken":0}],"is_beta":false,"boss_relics":[{"not_picked":["Calling Bell","Snecko Eye"],"picked":"Ring of the Serpent"}],"items_purged_floors":[28],"is_endless":false,"potions_floor_spawned":[1,7,8,11,14,20],"killed_by":"Centurion and Healer","ascension_level":6}