{"gold_per_floor":[13,13,13,34,58,392,5,5],"floor_reached":8,"playtime":404,"items_purged":["Strike_G"],"score":87,"play_id":"68804f36-ba27-457e-9039-e8c9e6806ee9","local_time":"20190715101201","is_ascension_mode":true,"campfire_choices":[],"neow_cost":"NO_GOLD","seed_source_timestamp":31876854280535,"circlet_count":0,"master_deck":["AscendersBane","Strike_G","Strike_G","Strike_G","Defend_G","Defend_G","Defend_G","Defend_G","Defend_G","Survivor","Neutralize","Noxious Fumes","Caltrops","Backflip","Concentrate","Leg Sweep"],"special_seed":0,"relics":["Ring of the Snake","Pocketwatch","Golden Idol","Old Coin","Tough Bandages"],"potions_floor_usage":[],"damage_taken":[{"damage":4.0,"enemies":"Jaw Worm","floor":1.0,"turns":4.0},{"damage":1.0,"enemies":"Small Slimes","floor":4.0,"turns":4.0},{"damage":0.0,"enemies":"Cultist","floor":5.0,"turns":3.0},{"damage":22.0,"enemies":"3 Sentries","floor":6.0,"turns":9.0},{"damage":28,"enemies":"Gremlin Nob","floor":8,"turns":4}],"seed_played":"5985988958496498104","potions_obtained":[{"floor":1.0,"key":"Swift Potion"},{"floor":4.0,"key":"SteroidPotion"}],"is_trial":false,"path_per_floor":["M","?","?","M","M","E","$","E"],"character_chosen":"THE_SILENT","items_purchased":["Tough Bandages"],"campfire_rested":0,"item_purchase_floors":[7],"current_hp_per_floor":[59,42,42,41,41,19,19,0],"gold":5,"neow_bonus":"ONE_RARE_RELIC","is_prod":false,"is_daily":false,"chose_seed":false,"campfire_upgraded":0,"win_rate":0,"timestamp":1563210721,"path_taken":["M","?","?","M","?","E","$","E"],"build_version":"2019-07-05","purchased_purges":1,"victory":false,"max_hp_per_floor":[70,70,70,70,70,70,70,70],"card_choices":[{"not_picked":["Bane","Cloak And Dagger"],"picked":"Noxious Fumes","floor":1.0},{"not_picked":["Deadly Poison","Acrobatics"],"picked":"Backflip","floor":4.0},{"not_picked":["Dagger Spray","Backflip"],"picked":"Concentrate","floor":5.0},{"not_picked":["Deflect","Slice"],"picked":"Leg Sweep","floor":6.0}],"player_experience":593180,"relics_obtained":[{"floor":6.0,"key":"Old Coin"}],"event_choices":[{"damage_healed":0.0,"max_hp_gain":0.0,"max_hp_loss":0.0,"gold_gain":0.0,"event_name":"Golden Idol","player_choice":"Take Damage","floor":2.0,"gold_loss":0.0,"damage_taken":17.0,"relics_obtained":["Golden Idol"]},{"damage_healed":0.0,"max_hp_gain":0.0,"max_hp_loss":0.0,"gold_gain":0.0,"cards_transformed":["Strike_G"],"event_name":"Transmorgrifier","player_choice":"Transformed","floor":3.0,"gold_loss":0.0,"damage_taken":0.0,"cards_obtained":["Caltrops"]}],"is_beta":false,"boss_relics":[],"items_purged_floors":[7],"is_endless":false,"potions_floor_spawned":[1,4],"killed_by":"Gremlin Nob","ascension_level":11}