{"gold_per_floor":[118,118,131,155,255,255,289,289,289,308,324,324,28,28,28,147,147,161,181,206,206,206,206,237,237,237,237],"floor_reached":27,"playtime":732,"items_purged":[],"score":335,"play_id":"b70bfa80-4164-47be-bccc-02322a6bf1f2","local_time":"20181208025203","is_ascension_mode":true,"campfire_choices":[{"data":"True Grit","floor":6,"key":"SMITH"},{"data":"Twin Strike","floor":8,"key":"SMITH"},{"data":"Flex","floor":12,"key":"SMITH"},{"data":"Sword Boomerang","floor":15,"key":"SMITH"},{"data":"Limit Break","floor":23,"key":"SMITH"},{"floor":25,"key":"REST"}],"neow_cost":"NONE","seed_source_timestamp":50339819526408,"circlet_count":0,"master_deck":["Strike_R","Strike_R","Strike_R","Defend_R","Defend_R","Defend_R","Defend_R","Bash","Shrug It Off","Clothesline","True Grit+1","Sword Boomerang+1","Twin Strike+1","Flex+1","Limit Break+1","Reaper","Corruption","Flame Barrier+1"],"relics":["Burning Blood","Golden Idol","Kunai","Ornamental Fan","Incense Burner","Velvet Choker","MutagenicStrength","Dream Catcher","Meat on the Bone"],"potions_floor_usage":[7,16,27],"damage_taken":[{"damage":2,"enemies":"Jaw Worm","floor":1,"turns":6},{"damage":0,"enemies":"Cultist","floor":3,"turns":3},{"damage":0,"enemies":"2 Louse","floor":4,"turns":2},{"damage":26,"enemies":"Lagavulin","floor":7,"turns":9},{"damage":19,"enemies":"Exordium Thugs","floor":10,"turns":5},{"damage":0,"enemies":"Blue Slaver","floor":11,"turns":4},{"damage":39,"enemies":"The Guardian","floor":16,"turns":13},{"damage":18,"enemies":"Spheric Guardian","floor":18,"turns":4},{"damage":2,"enemies":"2 Thieves","floor":19,"turns":4},{"damage":15,"enemies":"Centurion and Healer","floor":20,"turns":5},{"damage":49,"enemies":"Book of Stabbing","floor":24,"turns":6},{"damage":76,"enemies":"Gremlin Leader","floor":27,"turns":9}],"seed_played":"919405241885602820","potions_obtained":[{"floor":4,"key":"Weak Potion"},{"floor":10,"key":"BloodPotion"},{"floor":16,"key":"SpeedPotion"},{"floor":20,"key":"Swift Potion"}],"is_trial":false,"path_per_floor":["M","?","M","M","?","R","E","R","T","M","M","R","$","?","R","B",null,"M","M","M","?","?","R","E","R","T","E"],"character_chosen":"IRONCLAD","items_purchased":["Incense Burner"],"campfire_rested":1,"item_purchase_floors":[13],"current_hp_per_floor":[76,74,74,74,74,74,54,54,54,41,47,47,47,47,47,21,61,49,53,44,44,44,44,13,35,35,0],"gold":237,"neow_bonus":"THREE_CARDS","is_prod":false,"is_daily":false,"chose_seed":false,"campfire_upgraded":5,"win_rate":0,"timestamp":1544226723,"path_taken":["M","?","M","M","?","R","E","R","T","?","M","R","$","?","R","BOSS","M","M","M","?","?","R","E","R","T","E"],"build_version":"2018-12-06","purchased_purges":0,"victory":false,"max_hp_per_floor":[80,74,74,74,74,74,74,74,74,74,74,74,74,74,74,74,74,74,74,74,74,74,74,74,74,74,74],"card_choices":[{"not_picked":["Cleave","Searing Blow"],"picked":"Shrug It Off","floor":0},{"not_picked":["Heavy Blade","Cleave"],"picked":"Clothesline","floor":1},{"not_picked":["Havoc","Seeing Red"],"picked":"True Grit","floor":3},{"not_picked":["Headbutt","Dropkick"],"picked":"Sword Boomerang","floor":4},{"not_picked":["Reaper","Heavy Blade"],"picked":"Twin Strike","floor":7},{"not_picked":["Dual Wield","Thunderclap","Havoc"],"picked":"SKIP","floor":10},{"not_picked":["Fire Breathing","Corruption"],"picked":"Flex","floor":11},{"not_picked":["Bludgeon","Brutality"],"picked":"Limit Break","floor":16},{"not_picked":["Flex","Fire Breathing","Heavy Blade"],"picked":"SKIP","floor":18},{"not_picked":["Perfected Strike","Second Wind","Clothesline"],"picked":"SKIP","floor":19},{"not_picked":["Twin Strike","Perfected Strike+1","Shrug It Off"],"picked":"SKIP","floor":20},{"not_picked":["True Grit+1","Pommel Strike+1"],"picked":"Corruption","floor":24},{"not_picked":["Bludgeon","Battle Trance"],"picked":"Flame Barrier+1","floor":25}],"player_experience":575761,"relics_obtained":[{"floor":7,"key":"Kunai"},{"floor":9,"key":"Ornamental Fan"},{"floor":24,"key":"Dream Catcher"},{"floor":26,"key":"Meat on the Bone"}],"event_choices":[{"damage_healed":0,"gold_gain":0,"player_choice":"Lose Max HP","damage_taken":0,"relics_obtained":["Golden Idol"],"max_hp_gain":0,"max_hp_loss":6,"event_name":"Golden Idol","floor":2,"gold_loss":0},{"damage_healed":0,"gold_gain":100,"player_choice":"Pray","damage_taken":0,"max_hp_gain":0,"max_hp_loss":0,"event_name":"Golden Shrine","floor":5,"gold_loss":0},{"cards_removed":["Strike_R"],"damage_healed":0,"gold_gain":0,"player_choice":"Purged","damage_taken":0,"max_hp_gain":0,"max_hp_loss":0,"event_name":"Purifier","floor":14,"gold_loss":0},{"damage_healed":0,"gold_gain":0,"player_choice":"Inject Mutagens","damage_taken":0,"relics_obtained":["MutagenicStrength"],"max_hp_gain":0,"max_hp_loss":0,"event_name":"Drug Dealer","floor":21,"gold_loss":0},{"damage_healed":0,"gold_gain":0,"cards_transformed":["Strike_R"],"player_choice":"Transformed","damage_taken":0,"max_hp_gain":0,"max_hp_loss":0,"event_name":"Transmorgrifier","floor":22,"gold_loss":0,"cards_obtained":["Reaper"]}],"is_beta":false,"boss_relics":[{"not_picked":["Orrery","Calling Bell"],"picked":"Velvet Choker"}],"items_purged_floors":[],"is_endless":false,"potions_floor_spawned":[4,10,16,20],"killed_by":"Gremlin Leader","ascension_level":9}