{"gold_per_floor":[112,126,144,69,69,69,88,88,88,98,113,124,124,137,137,137],"floor_reached":16,"playtime":401,"items_purged":["Writhe"],"score":168,"play_id":"337dc43e-610f-4dff-aaca-1bff3972a0e4","local_time":"20180810174241","is_ascension_mode":true,"campfire_choices":[{"floor":6,"key":"DIG"},{"floor":8,"key":"DIG"},{"floor":13,"key":"REST"},{"data":"Zap","floor":15,"key":"SMITH"}],"neow_cost":"CURSE","seed_source_timestamp":3630772022394,"circlet_count":0,"master_deck":["Strike_B","Strike_B","Strike_B","Strike_B","Defend_B","Defend_B","Defend_B","Defend_B","Zap+1","Dualcast","AscendersBane","Coolheaded","Ball Lightning","BootSequence","Sweeping Beam"],"relics":["Cracked Core","Shovel","Sundial","Ice Cream","Matryoshka"],"potions_floor_usage":[16],"damage_taken":[{"damage":11,"enemies":"Cultist","floor":1,"turns":4},{"damage":6,"enemies":"2 Louse","floor":2,"turns":3},{"damage":2,"enemies":"Jaw Worm","floor":3,"turns":4},{"damage":16,"enemies":"3 Louse","floor":7,"turns":4},{"damage":2,"enemies":"Looter","floor":10,"turns":3},{"damage":0,"enemies":"Gremlin Gang","floor":11,"turns":3},{"damage":7,"enemies":"Large Slime","floor":12,"turns":5},{"damage":3,"enemies":"Blue Slaver","floor":14,"turns":3},{"damage":46,"enemies":"Hexaghost","floor":16,"turns":12}],"seed_played":"-7049133779738639289","potions_obtained":[{"floor":1,"key":"SpeedPotion"},{"floor":7,"key":"SteroidPotion"}],"is_trial":false,"path_per_floor":["M","M","M","$","?","R","M","R","T","M","M","M","R","M","R"],"character_chosen":"DEFECT","items_purchased":[],"campfire_rested":1,"item_purchase_floors":[],"current_hp_per_floor":[53,47,45,45,50,50,34,34,34,32,32,25,47,44,44,0],"gold":137,"neow_bonus":"ONE_RARE_RELIC","is_prod":false,"is_daily":false,"chose_seed":false,"campfire_upgraded":1,"win_rate":0,"timestamp":1533912161,"path_taken":["M","?","M","$","?","R","M","R","T","M","M","?","R","M","R","BOSS"],"build_version":"2018-08-09","purchased_purges":1,"victory":false,"max_hp_per_floor":[71,71,71,71,76,76,76,76,76,76,76,76,76,76,76,76],"card_choices":[{"not_picked":["Streamline","Turbo"],"picked":"Coolheaded","floor":1},{"not_picked":["Barrage","Force Field"],"picked":"Ball Lightning","floor":2},{"not_picked":["Steam Power","Go for the Eyes"],"picked":"BootSequence","floor":3},{"not_picked":["Darkness","Genetic Algorithm","Turbo"],"picked":"SKIP","floor":7},{"not_picked":["Reboot","Gash"],"picked":"Sweeping Beam","floor":10},{"not_picked":["Hologram","Rebound","Ball Lightning"],"picked":"SKIP","floor":11},{"not_picked":["Compile Driver","Aggregate","Barrage"],"picked":"SKIP","floor":12},{"not_picked":["Aggregate","Coolheaded","Ball Lightning"],"picked":"SKIP","floor":14}],"player_experience":418592,"relics_obtained":[{"floor":6,"key":"Sundial"},{"floor":8,"key":"Ice Cream"},{"floor":9,"key":"Matryoshka"}],"event_choices":[{"event_name":"Big Fish","player_choice":"Donut","floor":5,"damage_taken":0}],"is_beta":false,"boss_relics":[],"items_purged_floors":[4],"is_endless":false,"potions_floor_spawned":[1,7,14],"killed_by":"Hexaghost","ascension_level":15}