{"gold_per_floor":[113,113,16,35,53,66,66,93,173,192,192,250,262,279,279,378,378,389,401,421,432,448,448,463,463,463,463,482,502,517,517,517,619,619,638,44,55,71,71,71,102,102,102,127,127,38,138,154,154,154],"floor_reached":51,"playtime":20041,"items_purged":[],"score":920,"play_id":"c34ba071-fc3f-4039-9600-21756d96399a","local_time":"20190517002253","is_ascension_mode":true,"campfire_choices":[{"data":"Trip","floor":7.0,"key":"SMITH"},{"data":"Flame Barrier","floor":11.0,"key":"SMITH"},{"data":"Disarm","floor":15.0,"key":"SMITH"},{"data":"Body Slam","floor":23.0,"key":"SMITH"},{"data":"Evolve","floor":25.0,"key":"SMITH"},{"data":"Barricade","floor":27.0,"key":"SMITH"},{"data":"Feel No Pain","floor":32.0,"key":"SMITH"},{"floor":40.0,"key":"REST"},{"data":"Demon Form","floor":42.0,"key":"SMITH"},{"data":"Feel No Pain","floor":45.0,"key":"SMITH"},{"floor":49.0,"key":"DIG"}],"neow_cost":"NONE","seed_source_timestamp":43899666285695,"circlet_count":0,"master_deck":["Bash","Immolate","Carnage","Trip+1","Disarm+1","Feel No Pain+1","Flame Barrier+1","Power Through","Feel No Pain","Offering+1","Flame Barrier+1","Barricade+1","Body Slam+1","Armaments+1","Headbutt","Evolve+1","Demon Form+1","Wild Strike","Warcry+1","Corruption","Flame Barrier+1","Rage+1","Combust","Feel No Pain+1","Reaper","Battle Trance+1","Entrench+1","Feel No Pain","Shrug It Off+1","Havoc+1","Offering+1","Bandage Up+1","Shrug It Off+1"],"special_seed":0,"relics":["Burning Blood","FaceOfCleric","FossilizedHelix","Toxic Egg 2","Cursed Key","Nloth\u0027s Gift","Pandora\u0027s Box","PreservedInsect","ClockworkSouvenir","Smiling Mask","Dream Catcher","Shovel","Shuriken"],"potions_floor_usage":[50],"damage_taken":[{"damage":1.0,"enemies":"Cultist","floor":1.0,"turns":3.0},{"damage":0.0,"enemies":"2 Louse","floor":4.0,"turns":2.0},{"damage":10.0,"enemies":"Jaw Worm","floor":5.0,"turns":3.0},{"damage":9.0,"enemies":"2 Fungi Beasts","floor":6.0,"turns":3.0},{"damage":27.0,"enemies":"3 Sentries","floor":8.0,"turns":9.0},{"damage":4.0,"enemies":"Looter","floor":10.0,"turns":3.0},{"damage":34.0,"enemies":"Lagavulin","floor":12.0,"turns":8.0},{"damage":0.0,"enemies":"3 Louse","floor":13.0,"turns":1.0},{"damage":0.0,"enemies":"Exordium Thugs","floor":14.0,"turns":4.0},{"damage":35.0,"enemies":"The Guardian","floor":16.0,"turns":13.0},{"damage":5.0,"enemies":"Shell Parasite","floor":18.0,"turns":10.0},{"damage":0.0,"enemies":"Chosen","floor":19.0,"turns":5.0},{"damage":0.0,"enemies":"3 Cultists","floor":20.0,"turns":4.0},{"damage":19.0,"enemies":"Snake Plant","floor":21.0,"turns":6.0},{"damage":6.0,"enemies":"Cultist and Chosen","floor":22.0,"turns":7.0},{"damage":15.0,"enemies":"3 Cultists","floor":24.0,"turns":6.0},{"damage":0.0,"enemies":"Snecko","floor":28.0,"turns":6.0},{"damage":8.0,"enemies":"Centurion and Healer","floor":29.0,"turns":8.0},{"damage":6.0,"enemies":"Chosen and Byrds","floor":30.0,"turns":7.0},{"damage":56.0,"enemies":"Collector","floor":33.0,"turns":13.0},{"damage":14.0,"enemies":"3 Shapes","floor":35.0,"turns":3.0},{"damage":14.0,"enemies":"Orb Walker","floor":37.0,"turns":7.0},{"damage":73.0,"enemies":"Transient","floor":38.0,"turns":5.0},{"damage":4.0,"enemies":"Nemesis","floor":41.0,"turns":17.0},{"damage":0.0,"enemies":"Giant Head","floor":44.0,"turns":7.0},{"damage":0.0,"enemies":"Mind Bloom Boss Battle","floor":47.0,"turns":12.0},{"damage":7.0,"enemies":"4 Shapes","floor":48.0,"turns":5.0},{"damage":52,"enemies":"Awakened One","floor":50,"turns":17}],"seed_played":"-5609361708788246040","potions_obtained":[{"floor":1.0,"key":"FearPotion"},{"floor":5.0,"key":"Poison Potion"},{"floor":8.0,"key":"Dexterity Potion"},{"floor":13.0,"key":"Weak Potion"},{"floor":19.0,"key":"Dexterity Potion"},{"floor":41.0,"key":"Block Potion"},{"floor":47.0,"key":"SpeedPotion"}],"is_trial":false,"path_per_floor":["M","?","$","M","M","M","R","E","T","M","R","E","M","M","R","B",null,"M","M","M","M","M","R","M","R","T","R","M","M","M","?","R","B",null,"M","$","M","M","?","R","E","R","T","E","R","$","?","M","R","B",null],"character_chosen":"IRONCLAD","items_purchased":["Trip","Battle Trance+1","Entrench+1","Feel No Pain","PreservedInsect","ClockworkSouvenir","Bandage Up+1"],"campfire_rested":1,"item_purchase_floors":[3,36,36,36,36,36,46],"current_hp_per_floor":[80,80,80,81,78,76,76,56,56,59,59,32,39,46,46,18,89,90,91,92,80,81,81,73,73,73,73,80,79,80,80,80,31,99,100,100,93,33,33,63,67,67,67,101,101,101,105,106,106,107],"gold":154,"neow_bonus":"ONE_RANDOM_RARE_CARD","is_prod":false,"is_daily":false,"chose_seed":false,"campfire_upgraded":9,"win_rate":0,"timestamp":1558045373,"path_taken":["M","?","$","M","?","M","R","E","T","M","R","E","M","M","R","BOSS","M","M","M","M","M","R","M","R","T","R","M","M","M","?","R","BOSS","M","$","M","M","?","R","E","R","T","E","R","$","?","M","R","BOSS"],"build_version":"2019-01-23","purchased_purges":0,"victory":true,"max_hp_per_floor":[80,80,80,81,82,83,83,84,84,85,85,86,87,88,88,89,89,90,91,92,93,94,94,95,95,95,95,96,97,98,98,98,99,99,100,100,101,102,102,102,103,103,103,104,104,104,105,106,106,107],"card_choices":[{"not_picked":["Clash","Clothesline"],"picked":"Carnage","floor":1.0},{"not_picked":["Evolve","Warcry"],"picked":"Disarm","floor":4.0},{"not_picked":["Havoc","Sword Boomerang"],"picked":"Feel No Pain","floor":5.0},{"not_picked":["Clothesline","Whirlwind"],"picked":"Flame Barrier","floor":6.0},{"not_picked":["Iron Wave","Clothesline"],"picked":"Power Through","floor":8.0},{"not_picked":["Thunderclap","Corruption"],"picked":"Feel No Pain","floor":10.0},{"not_picked":["Sword Boomerang","Pommel Strike","Clash"],"picked":"SKIP","floor":12.0},{"not_picked":["Cleave","Rage+1"],"picked":"Offering+1","floor":13.0},{"not_picked":["Shrug It Off+1","Twin Strike"],"picked":"Flame Barrier+1","floor":14.0},{"not_picked":["Feed","Exhume+1"],"picked":"Barricade","floor":16.0},{"not_picked":["Perfected Strike","Fire Breathing+1"],"picked":"Body Slam","floor":18.0},{"not_picked":["Burning Pact+1","Cleave","Twin Strike"],"picked":"SKIP","floor":19.0},{"not_picked":["Anger","Thunderclap+1","Heavy Blade"],"picked":"SKIP","floor":20.0},{"not_picked":["Heavy Blade","Havoc+1"],"picked":"Armaments+1","floor":21.0},{"not_picked":["Perfected Strike+1","Iron Wave+1"],"picked":"Headbutt","floor":22.0},{"not_picked":["Anger","Bloodletting+1"],"picked":"Evolve","floor":24.0},{"not_picked":["Iron Wave","Burning Pact+1","Berserk"],"picked":"SKIP","floor":28.0},{"not_picked":["Flex+1","Evolve","Pommel Strike"],"picked":"SKIP","floor":29.0},{"not_picked":["Cleave","Iron Wave","Corruption"],"picked":"SKIP","floor":30.0},{"not_picked":["Reaper","Brutality"],"picked":"Demon Form","floor":33.0},{"not_picked":["Iron Wave+1","Thunderclap+1","Armaments+1"],"picked":"SKIP","floor":35.0},{"not_picked":["Armaments+1","Thunderclap"],"picked":"Shrug It Off+1","floor":37.0},{"not_picked":["Pommel Strike+1","Headbutt+1"],"picked":"Havoc+1","floor":38.0},{"not_picked":["Rupture","Sword Boomerang"],"picked":"Offering+1","floor":41.0},{"not_picked":["Brutality","Evolve+1","Twin Strike"],"picked":"SKIP","floor":44.0},{"not_picked":["Wild Strike","Hemokinesis+1"],"picked":"Shrug It Off+1","floor":48.0}],"player_experience":271035,"relics_obtained":[{"floor":8.0,"key":"FossilizedHelix"},{"floor":9.0,"key":"Toxic Egg 2"},{"floor":12.0,"key":"Tiny Chest"},{"floor":41.0,"key":"Smiling Mask"},{"floor":44.0,"key":"Dream Catcher"},{"floor":47.0,"key":"Shovel"},{"floor":49.0,"key":"Shuriken"}],"event_choices":[{"damage_healed":0.0,"max_hp_gain":0.0,"max_hp_loss":0.0,"gold_gain":0.0,"event_name":"FaceTrader","player_choice":"Trade","floor":2.0,"gold_loss":0.0,"damage_taken":0.0,"relics_obtained":["FaceOfCleric"]},{"damage_healed":0.0,"max_hp_gain":0.0,"max_hp_loss":0.0,"gold_gain":0.0,"event_name":"N\u0027loth","player_choice":"Traded Relic","floor":31.0,"relics_lost":["Tiny Chest"],"gold_loss":0.0,"damage_taken":0.0,"relics_obtained":["Nloth\u0027s Gift"]},{"cards_removed":["Headbutt"],"damage_healed":0.0,"max_hp_gain":0.0,"max_hp_loss":0.0,"gold_gain":0.0,"event_name":"Falling","player_choice":"Removed Attack","floor":39.0,"gold_loss":0.0,"damage_taken":0.0},{"damage_healed":0.0,"max_hp_gain":0.0,"max_hp_loss":0.0,"gold_gain":0.0,"event_name":"MindBloom","player_choice":"Fight","floor":47.0,"gold_loss":0.0,"damage_taken":0.0}],"is_beta":false,"boss_relics":[{"not_picked":["Tiny House","Sozu"],"picked":"Cursed Key"},{"not_picked":["Astrolabe","Calling Bell"],"picked":"Pandora\u0027s Box"}],"items_purged_floors":[],"is_endless":false,"potions_floor_spawned":[1,5,8,13,14,19,21,22,24,28,41,47],"ascension_level":4}