{"gold_per_floor":[117,29,39,39,56,81,81,114,114,20,20,47,63,80,80,185,185,195,213,3,3,19,19,34,34,84,99,126,126,152,172,172,273,273,285,285,296,396,95,95,110,110,110,125,151,151,21,21],"floor_reached":48,"playtime":5396,"items_purged":["Strike_G","Decay","Strike_G"],"score":791,"play_id":"d338ecdb-2fdd-4675-b868-0ce307545efe","local_time":"20190729012243","is_ascension_mode":true,"campfire_choices":[{"data":"Footwork","floor":7,"key":"SMITH"},{"floor":11,"key":"REST"},{"data":"Glass Knife","floor":15,"key":"SMITH"},{"data":"Neutralize","floor":23,"key":"SMITH"},{"data":"Footwork","floor":25,"key":"SMITH"},{"data":"Finisher","floor":32,"key":"SMITH"},{"data":"A Thousand Cuts","floor":40,"key":"SMITH"},{"floor":42,"key":"DIG"},{"floor":46,"key":"DIG"}],"neow_cost":"NONE","seed_source_timestamp":10119964275547,"circlet_count":0,"master_deck":["Strike_G","Strike_G","Strike_G","Defend_G","Defend_G","Defend_G","Defend_G","Survivor","Neutralize+1","Slice","Footwork+1","Cloak And Dagger","Dagger Throw","Slice","Glass Knife+1","Footwork+1","Dodge and Roll","Terror","Die Die Die","Dodge and Roll+1","Escape Plan","After Image","Footwork","Sucker Punch","Cloak And Dagger","Finisher+1","Endless Agony+1","Backflip","Phantasmal Killer","Deflect","Footwork+1","A Thousand Cuts+1","Blade Dance+1","Expertise+1","PiercingWail","Normality","Unload+1","Noxious Fumes"],"relics":["Runic Pyramid","Ornamental Fan","Pantograph","Happy Flower","Meat on the Bone","Unceasing Top","Cursed Key","Blood Vial","Molten Egg 2","Orrery","Shovel","Vajra","Boot","The Courier","Mummified Hand","Kunai"],"potions_floor_usage":[13,28,28,35,44,45,45],"damage_taken":[{"damage":0,"enemies":"Jaw Worm","floor":1,"turns":5},{"damage":0,"enemies":"Small Slimes","floor":3,"turns":4},{"damage":2,"enemies":"2 Louse","floor":5,"turns":3},{"damage":3,"enemies":"3 Sentries","floor":6,"turns":11},{"damage":16,"enemies":"Gremlin Nob","floor":8,"turns":4},{"damage":12,"enemies":"3 Sentries","floor":12,"turns":9},{"damage":1,"enemies":"Blue Slaver","floor":13,"turns":4},{"damage":0,"enemies":"2 Fungi Beasts","floor":14,"turns":3},{"damage":0,"enemies":"The Guardian","floor":16,"turns":11},{"damage":0,"enemies":"Shell Parasite","floor":18,"turns":4},{"damage":12,"enemies":"2 Thieves","floor":19,"turns":3},{"damage":0,"enemies":"Snake Plant","floor":22,"turns":5},{"damage":2,"enemies":"Shelled Parasite and Fungi","floor":24,"turns":7},{"damage":0,"enemies":"Snecko","floor":27,"turns":8},{"damage":24,"enemies":"Slavers","floor":28,"turns":7},{"damage":20,"enemies":"Gremlin Leader","floor":30,"turns":7},{"damage":9,"enemies":"Snake Plant","floor":31,"turns":4},{"damage":10,"enemies":"Collector","floor":33,"turns":14},{"damage":19,"enemies":"3 Darklings","floor":35,"turns":9},{"damage":13,"enemies":"3 Shapes","floor":37,"turns":4},{"damage":15,"enemies":"Mind Bloom Boss Battle","floor":38,"turns":8},{"damage":7,"enemies":"Jaw Worm Horde","floor":41,"turns":5},{"damage":3,"enemies":"Transient","floor":44,"turns":5},{"damage":1,"enemies":"Giant Head","floor":45,"turns":7},{"damage":51,"enemies":"Sphere and 2 Shapes","floor":48,"turns":3}],"seed_played":"-2641089865774915697","potions_obtained":[{"floor":3,"key":"Block Potion"},{"floor":5,"key":"Regen Potion"},{"floor":13,"key":"Ancient Potion"},{"floor":19,"key":"PowerPotion"},{"floor":30,"key":"GhostInAJar"},{"floor":31,"key":"Fire Potion"},{"floor":37,"key":"Energy Potion"},{"floor":44,"key":"Swift Potion"}],"is_trial":false,"path_per_floor":["M","$","M","?","M","E","R","E","T","$","R","E","M","M","R","B",null,"M","M","$","?","M","R","M","R","T","M","E","?","E","M","R","B",null,"M","?","M","?","$","R","M","R","T","M","E","R","$","M"],"character_chosen":"THE_SILENT","items_purchased":["Footwork","Cloak And Dagger","Footwork","Dodge and Roll","After Image","Vajra","PiercingWail","Noxious Fumes"],"campfire_rested":1,"item_purchase_floors":[2,2,10,10,20,39,39,47],"current_hp_per_floor":[63,63,63,56,54,51,51,35,35,35,56,44,43,43,43,68,70,70,58,58,58,58,58,56,56,56,56,47,47,41,46,46,60,68,51,51,40,52,52,52,47,47,47,46,47,47,47,0],"gold":21,"neow_bonus":"BOSS_RELIC","is_prod":false,"is_daily":false,"chose_seed":false,"campfire_upgraded":6,"win_rate":0,"timestamp":1564356163,"path_taken":["M","$","M","?","M","E","R","E","T","$","R","E","M","M","R","BOSS","M","M","$","?","M","R","M","R","T","M","E","?","E","M","R","BOSS","M","?","M","?","$","R","M","R","T","M","E","R","$","M"],"build_version":"2019-07-17","purchased_purges":3,"victory":false,"max_hp_per_floor":[70,70,70,70,70,70,70,70,70,70,70,70,70,70,70,70,70,70,70,70,70,70,70,70,70,70,70,70,70,70,70,70,70,70,70,70,70,70,70,70,70,70,70,70,70,70,70,70],"card_choices":[{"not_picked":["Sucker Punch","Acrobatics"],"picked":"Slice","floor":1},{"not_picked":["Backflip","Poisoned Stab"],"picked":"Dagger Throw","floor":3},{"not_picked":["Prepared","Blur"],"picked":"Slice","floor":5},{"not_picked":["All Out Attack","Blade Dance"],"picked":"Glass Knife","floor":6},{"not_picked":["Prepared","Flying Knee","Concentrate"],"picked":"SKIP","floor":8},{"not_picked":["Setup","Sucker Punch"],"picked":"Terror","floor":12},{"not_picked":["Catalyst","Dodge and Roll","Tactician"],"picked":"SKIP","floor":13},{"not_picked":["Catalyst","Flying Knee","Acrobatics"],"picked":"SKIP","floor":14},{"not_picked":["Storm of Steel","Unload"],"picked":"Die Die Die","floor":16},{"not_picked":["Bouncing Flask","Poisoned Stab"],"picked":"Dodge and Roll+1","floor":18},{"not_picked":["Deadly Poison","Dodge and Roll+1"],"picked":"Escape Plan","floor":19},{"not_picked":["Riddle With Holes","Quick Slash+1"],"picked":"Footwork","floor":22},{"not_picked":["Burst","Slice"],"picked":"Sucker Punch","floor":24},{"not_picked":["Dagger Spray","Tactician","Dodge and Roll"],"picked":"SKIP","floor":27},{"not_picked":["Expertise","Catalyst"],"picked":"Cloak And Dagger","floor":28},{"not_picked":["Underhanded Strike","Slice+1"],"picked":"Endless Agony","floor":30},{"not_picked":["Underhanded Strike+1","Cloak And Dagger"],"picked":"Backflip","floor":31},{"not_picked":["Bullet Time","Corpse Explosion"],"picked":"Phantasmal Killer","floor":33},{"not_picked":["Expertise","Deadly Poison+1"],"picked":"Deflect","floor":34},{"not_picked":["Leg Sweep","Cloak And Dagger"],"picked":"Footwork+1","floor":34},{"not_picked":["Leg Sweep","Dagger Throw+1"],"picked":"A Thousand Cuts","floor":34},{"not_picked":["Outmaneuver+1","Bane+1"],"picked":"Blade Dance+1","floor":35},{"not_picked":["Endless Agony+1","Deflect"],"picked":"Expertise+1","floor":37},{"not_picked":["Dagger Spray+1","Underhanded Strike+1","Flying Knee+1"],"picked":"SKIP","floor":41},{"not_picked":["Footwork+1","Well Laid Plans+1"],"picked":"Unload+1","floor":44},{"not_picked":["Dagger Throw+1","Poisoned Stab+1","Crippling Poison+1"],"picked":"SKIP","floor":45}],"player_experience":634014,"relics_obtained":[{"floor":6,"key":"Pantograph"},{"floor":8,"key":"Happy Flower"},{"floor":9,"key":"Meat on the Bone"},{"floor":12,"key":"Unceasing Top"},{"floor":28,"key":"Blood Vial"},{"floor":30,"key":"Molten Egg 2"},{"floor":38,"key":"Shovel"},{"floor":42,"key":"Boot"},{"floor":43,"key":"The Courier"},{"floor":45,"key":"Mummified Hand"},{"floor":46,"key":"Kunai"}],"event_choices":[{"damage_healed":0,"gold_gain":0,"player_choice":"Success","damage_taken":7,"relics_obtained":["Ornamental Fan"],"max_hp_gain":0,"max_hp_loss":0,"event_name":"Scrap Ooze","floor":4,"gold_loss":0},{"damage_healed":0,"gold_gain":0,"player_choice":"Read","damage_taken":0,"max_hp_gain":0,"max_hp_loss":0,"event_name":"The Library","floor":29,"gold_loss":0,"cards_obtained":["Finisher"]},{"cards_removed":["Defend_G"],"damage_healed":0,"gold_gain":0,"player_choice":"Removed Skill","damage_taken":0,"max_hp_gain":0,"max_hp_loss":0,"event_name":"Falling","floor":36,"gold_loss":0},{"damage_healed":0,"gold_gain":0,"player_choice":"Fight","damage_taken":0,"max_hp_gain":0,"max_hp_loss":0,"event_name":"MindBloom","floor":38,"gold_loss":0}],"is_beta":false,"boss_relics":[{"not_picked":["Busted Crown","Astrolabe"],"picked":"Cursed Key"},{"not_picked":["Snecko Eye","HoveringKite"],"picked":"Orrery"}],"items_purged_floors":[20,39,47],"is_endless":false,"potions_floor_spawned":[3,5,13,19,22,30,31,33,37,41,44],"killed_by":"Sphere and 2 Shapes","ascension_level":6}