{"gold_per_floor":[15,15,0,24,43,74,74,108,132,158,191,203,249,261,273,285],"floor_reached":16,"playtime":983,"items_purged":[],"score":150,"play_id":"471dc64a-c337-4ead-a1d0-07826608562b","local_time":"20190803162648","is_ascension_mode":true,"campfire_choices":[{"data":"Carnage","floor":12,"key":"SMITH"},{"data":"Inflame","floor":15,"key":"SMITH"}],"neow_cost":"NO_GOLD","seed_source_timestamp":1630224488402400,"circlet_count":0,"master_deck":["Strike_R+1","Strike_R","Strike_R","Strike_R+1","Defend_R","Defend_R","Defend_R","Defend_R","Bash","Clothesline","Carnage+1","Armaments","Headbutt","Cleave","True Grit","Burning Pact","Inflame+1","Immolate+1"],"relics":["Burning Blood","Torii","Golden Idol","Whetstone","PreservedInsect","Darkstone Periapt","MawBank","Molten Egg 2"],"potions_floor_usage":[6,8,16],"damage_taken":[{"damage":3,"enemies":"Jaw Worm","floor":1,"turns":4},{"damage":14,"enemies":"Small Slimes","floor":4,"turns":4},{"damage":1,"enemies":"2 Louse","floor":5,"turns":2},{"damage":18,"enemies":"Gremlin Nob","floor":6,"turns":4},{"damage":8,"enemies":"Lagavulin","floor":8,"turns":3},{"damage":3,"enemies":"Blue Slaver","floor":10,"turns":4},{"damage":2,"enemies":"Looter","floor":11,"turns":3},{"damage":22,"enemies":"3 Sentries","floor":13,"turns":6},{"damage":39,"enemies":"Slime Boss","floor":16,"turns":7}],"seed_played":"1225796917899144059","potions_obtained":[{"floor":4,"key":"Energy Potion"},{"floor":5,"key":"Block Potion"},{"floor":13,"key":"Explosive Potion"}],"is_trial":false,"path_per_floor":["M","?","?","M","M","E","?","E","T","M","M","R","E","?","R","B"],"character_chosen":"IRONCLAD","items_purchased":[],"campfire_rested":0,"item_purchase_floors":[],"current_hp_per_floor":[80,60,60,52,57,45,45,43,43,46,50,50,34,34,34,0],"gold":285,"neow_bonus":"ONE_RARE_RELIC","is_prod":false,"is_daily":false,"chose_seed":false,"campfire_upgraded":2,"win_rate":0,"timestamp":1564864008,"path_taken":["M","?","?","M","M","E","?","E","T","M","M","R","E","?","R","BOSS"],"build_version":"2019-07-17","purchased_purges":0,"victory":false,"max_hp_per_floor":[80,80,80,80,80,80,80,80,80,80,80,80,80,80,80,80],"card_choices":[{"not_picked":["Thunderclap","Blood for Blood"],"picked":"Clothesline","floor":1},{"not_picked":["Sword Boomerang","Twin Strike"],"picked":"Carnage","floor":4},{"not_picked":["Infernal Blade","Heavy Blade"],"picked":"Armaments","floor":5},{"not_picked":["Perfected Strike","Heavy Blade"],"picked":"Headbutt","floor":6},{"not_picked":["Sentinel","Ghostly Armor"],"picked":"Cleave","floor":8},{"not_picked":["Feel No Pain","Reckless Charge"],"picked":"True Grit","floor":10},{"not_picked":["Cleave","Hemokinesis"],"picked":"Burning Pact","floor":11},{"not_picked":["Spot Weakness","Intimidate"],"picked":"Inflame","floor":13}],"player_experience":518868,"relics_obtained":[{"floor":6,"key":"Whetstone"},{"floor":8,"key":"Darkstone Periapt"},{"floor":9,"key":"MawBank"},{"floor":13,"key":"Molten Egg 2"}],"event_choices":[{"damage_healed":0,"gold_gain":0,"player_choice":"Take Damage","damage_taken":20,"relics_obtained":["Golden Idol"],"max_hp_gain":0,"max_hp_loss":0,"event_name":"Golden Idol","floor":2,"gold_loss":0},{"damage_healed":0,"gold_gain":0,"player_choice":"Left Gold","damage_taken":0,"max_hp_gain":0,"max_hp_loss":0,"event_name":"World of Goop","floor":3,"gold_loss":15},{"damage_healed":0,"gold_gain":0,"player_choice":"Searched \u00271\u0027 times","damage_taken":0,"relics_obtained":["PreservedInsect"],"max_hp_gain":0,"max_hp_loss":0,"event_name":"Dead Adventurer","floor":7,"gold_loss":0},{"damage_healed":0,"gold_gain":0,"cards_transformed":["Strike_R"],"player_choice":"Change","damage_taken":0,"max_hp_gain":0,"max_hp_loss":0,"event_name":"Living Wall","floor":14,"gold_loss":0,"cards_obtained":["Immolate"]}],"is_beta":false,"boss_relics":[],"items_purged_floors":[],"is_endless":false,"potions_floor_spawned":[4,5,13],"killed_by":"Slime Boss","ascension_level":5}