{"gold_per_floor":[11,11,25,43,43,43,60,80,128,128,158,30,43,0,0,105,105,119,119,119,138,63,63,63,63,63,83,98,48,81,39,39,135,135,146,158,258,277,297,359,359,387,387,387,407,407,61,86,98,110],"floor_reached":51,"playtime":4825,"items_purged":["Strike_G","Blade Dance","Infinite Blades"],"score":1007,"play_id":"671bf9eb-b9c5-43f9-ac2a-a2d5d7f79979","local_time":"20180905044056","is_ascension_mode":true,"campfire_choices":[{"data":"Footwork","floor":6.0,"key":"SMITH"},{"data":"Backflip","floor":10.0,"key":"SMITH"},{"floor":15.0,"key":"REST"},{"data":"RitualDagger","floor":23.0,"key":"SMITH"},{"data":"Well Laid Plans","floor":25.0,"key":"SMITH"},{"floor":32.0,"key":"REST"},{"data":"Adrenaline","floor":41,"key":"SMITH"},{"data":"Footwork","floor":44,"key":"SMITH"},{"data":"Grand Finale","floor":46,"key":"SMITH"},{"floor":49,"key":"REST"}],"neow_cost":"NO_GOLD","seed_source_timestamp":0,"circlet_count":0,"master_deck":["Defend_G","Defend_G","Defend_G","Strike_G+1","Survivor","Neutralize+1","Footwork+1","Backflip+1","Deflect","Grand Finale","Footwork+1","Well Laid Plans+1","Grand Finale+1","Prepared","RitualDagger+1","Adrenaline+1","Acrobatics","Malaise+1","Footwork+1","Prepared+1","Burst+1","Footwork","Masterful Stab+1","Dramatic Entrance+1","Caltrops","Dramatic Entrance+1"],"special_seed":0,"relics":["Ring of the Snake","GremlinMask","Centennial Puzzle","Smiling Mask","Empty Cage","Paper Crane","The Courier","Orichalcum","Lizard Tail","Tiny Chest","Molten Egg 2","War Paint","MawBank"],"potions_floor_usage":[42,42,50,50],"damage_taken":[{"damage":0.0,"enemies":"2 Louse","floor":1.0,"turns":3.0},{"damage":0.0,"enemies":"Jaw Worm","floor":3.0,"turns":4.0},{"damage":0.0,"enemies":"Cultist","floor":4.0,"turns":5.0},{"damage":15.0,"enemies":"Gremlin Gang","floor":7.0,"turns":10.0},{"damage":0.0,"enemies":"Blue Slaver","floor":8.0,"turns":4.0},{"damage":9.0,"enemies":"Lagavulin","floor":11.0,"turns":14.0},{"damage":4.0,"enemies":"Exordium Thugs","floor":13.0,"turns":2.0},{"damage":23.0,"enemies":"The Guardian","floor":16.0,"turns":11.0},{"damage":1.0,"enemies":"2 Thieves","floor":18.0,"turns":4.0},{"damage":28.0,"enemies":"Chosen","floor":21.0,"turns":10.0},{"damage":0.0,"enemies":"3 Cultists","floor":27.0,"turns":2.0},{"damage":0.0,"enemies":"Snake Plant","floor":28.0,"turns":7.0},{"damage":8.0,"enemies":"Slavers","floor":30.0,"turns":2.0},{"damage":4.0,"enemies":"Automaton","floor":33.0,"turns":7.0},{"damage":0.0,"enemies":"Orb Walker","floor":35.0,"turns":4.0},{"damage":2.0,"enemies":"3 Shapes","floor":36.0,"turns":4.0},{"damage":1.0,"enemies":"Reptomancer","floor":38.0,"turns":5.0},{"damage":8.0,"enemies":"Spire Growth","floor":39.0,"turns":4.0},{"damage":1,"enemies":"2 Orb Walkers","floor":40,"turns":3},{"damage":9,"enemies":"Nemesis","floor":42,"turns":11},{"damage":0,"enemies":"3 Darklings","floor":45,"turns":2},{"damage":0,"enemies":"Giant Head","floor":48,"turns":8},{"damage":5,"enemies":"Donu and Deca","floor":50,"turns":7}],"seed_played":"6548133577518551896","potions_obtained":[{"floor":1.0,"key":"Weak Potion"},{"floor":3.0,"key":"Ancient Potion"},{"floor":8.0,"key":"Dexterity Potion"},{"floor":16.0,"key":"GhostInAJar"},{"floor":21.0,"key":"SkillPotion"},{"floor":27.0,"key":"Block Potion"},{"floor":36.0,"key":"EssenceOfSteel"},{"floor":40,"key":"SkillPotion"},{"floor":42,"key":"SkillPotion"}],"is_trial":false,"path_per_floor":["M","?","M","M","?","R","M","M","T","R","E","$","M","?","R","B",null,"M","?","?","M","?","R","T","R","T","M","M","$","E","$","R","B",null,"M","M","?","M","M","E","R","E","T","R","M","R","$","E","R","B"],"character_chosen":"THE_SILENT","items_purchased":["Footwork","Blade Dance","Acrobatics","Dramatic Entrance+1","Caltrops","SkillPotion","Block Potion","Dramatic Entrance+1"],"campfire_rested":3,"item_purchase_floors":[12,12,31,47,47,47,47,47],"current_hp_per_floor":[63,49,49,49,49,49,34,34,34,34,25,25,21,21,42,19,57,56,56,50,22,22,22,22,22,22,22,22,22,14,14,35,31,60,60,58,58,57,49,48,48,39,39,39,39,39,39,39,60,55],"gold":122,"neow_bonus":"REMOVE_TWO","is_prod":false,"is_daily":false,"chose_seed":false,"campfire_upgraded":7,"win_rate":0,"timestamp":1536147656,"path_taken":["M","?","?","?","?","R","?","M","T","R","E","$","M","?","R","BOSS","M","?","?","M","?","R","?","R","T","M","?","$","E","$","R","BOSS","M","M","?","?","M","E","R","E","T","R","?","R","$","E","R","BOSS"],"build_version":"2018-08-30","purchased_purges":3,"victory":true,"max_hp_per_floor":[70,70,70,70,70,70,70,70,70,70,70,70,70,70,70,70,70,70,70,70,70,70,70,70,70,70,70,70,70,70,70,70,70,70,70,70,70,70,70,70,70,70,70,70,70,70,70,70,70,70],"card_choices":[{"not_picked":["Dagger Spray","Dagger Throw"],"picked":"Footwork","floor":1.0},{"not_picked":["Flechettes","Poisoned Stab","Tactician"],"picked":"SKIP","floor":3.0},{"not_picked":["Dodge and Roll","Endless Agony","Blade Dance"],"picked":"SKIP","floor":4.0},{"not_picked":["Flying Knee","Outmaneuver"],"picked":"Backflip","floor":7.0},{"not_picked":["Catalyst","Distraction"],"picked":"Deflect","floor":8.0},{"not_picked":["Skewer","Expertise"],"picked":"Grand Finale","floor":11.0},{"not_picked":["Calculated Gamble","Bane"],"picked":"Well Laid Plans","floor":13.0},{"not_picked":["Malaise","Doppelganger"],"picked":"Grand Finale","floor":16.0},{"not_picked":["Flying Knee","Sucker Punch+1"],"picked":"Prepared","floor":18.0},{"not_picked":["Poisoned Stab+1","Blade Dance","Setup"],"picked":"SKIP","floor":21.0},{"not_picked":["Tactician","Flying Knee"],"picked":"Infinite Blades","floor":27.0},{"not_picked":["Bouncing Flask","Dash","PiercingWail"],"picked":"SKIP","floor":28.0},{"not_picked":["Terror","Outmaneuver"],"picked":"Adrenaline","floor":30.0},{"not_picked":["Tools of the Trade","A Thousand Cuts"],"picked":"Malaise","floor":33.0},{"not_picked":["All Out Attack+1","Acrobatics"],"picked":"Footwork+1","floor":35.0},{"not_picked":["Underhanded Strike+1","Blade Dance+1","Quick Slash+1"],"picked":"SKIP","floor":36.0},{"not_picked":["All Out Attack","Acrobatics+1"],"picked":"Prepared+1","floor":38.0},{"not_picked":["Deadly Poison","Expertise","Eviscerate"],"picked":"SKIP","floor":39.0},{"not_picked":["Endless Agony+1","Deflect+1"],"picked":"Burst","floor":40},{"not_picked":["Sucker Punch","Concentrate"],"picked":"Footwork","floor":42},{"not_picked":["Tactician","Flying Knee+1"],"picked":"Masterful Stab+1","floor":45},{"not_picked":["Deadly Poison","Dodge and Roll","Poisoned Stab+1"],"picked":"SKIP","floor":48}],"player_experience":255421,"relics_obtained":[{"floor":9.0,"key":"Centennial Puzzle"},{"floor":11.0,"key":"Smiling Mask"},{"floor":24.0,"key":"Paper Crane"},{"floor":26.0,"key":"The Courier"},{"floor":30.0,"key":"Orichalcum"},{"floor":40,"key":"Tiny Chest"},{"floor":42,"key":"Molten Egg 2"},{"floor":43,"key":"War Paint"},{"floor":48,"key":"MawBank"}],"event_choices":[{"event_name":"Shining Light","player_choice":"Entered Light","floor":2.0,"damage_taken":0.0},{"event_name":"FaceTrader","player_choice":"Trade","floor":5.0,"damage_taken":0.0},{"event_name":"World of Goop","player_choice":"Left","floor":14.0,"damage_taken":0.0},{"event_name":"The Mausoleum","player_choice":"No","floor":19.0,"damage_taken":0.0},{"event_name":"Nest","player_choice":"Joined the Cult","floor":20.0,"damage_taken":0.0},{"event_name":"Beggar","player_choice":"Gave Gold","floor":22.0,"damage_taken":0.0},{"event_name":"Golden Shrine","player_choice":"Pray","floor":37.0,"damage_taken":0.0}],"is_beta":false,"boss_relics":[{"not_picked":["HoveringKite","Calling Bell"],"picked":"Empty Cage"},{"not_picked":["WristBlade","Runic Dome"],"picked":"Lizard Tail"}],"items_purged_floors":[12,29,47],"is_endless":false,"potions_floor_spawned":[1,3,8,16,21,27,36,40,42],"ascension_level":6}