{"gold_per_floor":[110,35,185,201,33,52,52,65,65,65,140,140,78,93,93,93],"floor_reached":16,"playtime":378,"items_purged":["Doubt"],"score":171,"play_id":"208b2361-1bb7-458f-b59d-9848e806400e","local_time":"20180913162505","is_ascension_mode":true,"campfire_choices":[{"data":"Inflame","floor":7.0,"key":"SMITH"},{"data":"Feed","floor":10.0,"key":"SMITH"},{"data":"Flame Barrier","floor":12.0,"key":"SMITH"},{"floor":15.0,"key":"REST"}],"neow_cost":"NONE","seed_source_timestamp":16990374754718,"circlet_count":0,"master_deck":["Strike_R","Strike_R","Strike_R","Strike_R","Defend_R","Defend_R","Defend_R","Defend_R","Bash","AscendersBane","Inflame+1","Dropkick","Flame Barrier+1","Pommel Strike","Feed+1","Clothesline"],"special_seed":0,"relics":["Burning Blood","Frozen Egg 2"],"potions_floor_usage":[16],"damage_taken":[{"damage":4.0,"enemies":"Small Slimes","floor":1.0,"turns":4.0},{"damage":13.0,"enemies":"Jaw Worm","floor":4.0,"turns":6.0},{"damage":3.0,"enemies":"2 Louse","floor":6.0,"turns":4.0},{"damage":9.0,"enemies":"Red Slaver","floor":8.0,"turns":4.0},{"damage":44.0,"enemies":"Exordium Thugs","floor":14.0,"turns":8.0},{"damage":56,"enemies":"Slime Boss","floor":16,"turns":8}],"seed_played":"5039060301197737193","potions_obtained":[{"floor":6.0,"key":"Swift Potion"}],"is_trial":false,"path_per_floor":["M","?","?","M","$","M","R","M","T","R","?","R","$","M","R"],"character_chosen":"IRONCLAD","items_purchased":["Flame Barrier","Clothesline"],"campfire_rested":1,"item_purchase_floors":[5,13],"current_hp_per_floor":[70,70,70,63,63,66,66,63,63,63,52,52,52,18,41,0],"gold":93,"neow_bonus":"THREE_CARDS","is_prod":false,"is_daily":false,"chose_seed":false,"campfire_upgraded":3,"win_rate":0,"timestamp":1536845105,"path_taken":["M","?","?","?","$","M","R","?","T","R","?","R","$","M","R","BOSS"],"build_version":"2018-09-06","purchased_purges":1,"victory":false,"max_hp_per_floor":[75,75,75,75,75,75,75,75,75,75,75,75,75,79,79,79],"card_choices":[{"not_picked":["Entrench","Headbutt"],"picked":"Inflame","floor":0.0},{"not_picked":["Warcry","Perfected Strike","Infernal Blade"],"picked":"SKIP","floor":1.0},{"not_picked":["Armaments","Dual Wield"],"picked":"Dropkick","floor":4.0},{"not_picked":["Anger","Headbutt"],"picked":"Pommel Strike","floor":6.0},{"not_picked":["Combust","Entrench"],"picked":"Feed","floor":8.0},{"not_picked":["Sever Soul","Searing Blow","Body Slam"],"picked":"SKIP","floor":14.0}],"player_experience":468827,"relics_obtained":[{"floor":9.0,"key":"Frozen Egg 2"}],"event_choices":[{"event_name":"The Cleric","player_choice":"Card Removal","floor":2.0,"damage_taken":0.0},{"event_name":"Liars Game","player_choice":"agreed","floor":3.0,"damage_taken":0.0},{"event_name":"World of Goop","player_choice":"Gather Gold","floor":11.0,"damage_taken":0.0}],"is_beta":false,"boss_relics":[],"items_purged_floors":[5],"is_endless":false,"potions_floor_spawned":[6],"killed_by":"Slime Boss","ascension_level":18}