{"gold_per_floor":[112,126,51,71,91,125,125,159,159,159,159,159,159,172,172,267,267,285,200,299,318,12,38,52,70,70,81,115,115,149,101,101,101],"floor_reached":33,"playtime":3172,"items_purged":["Strike_R"],"score":444,"play_id":"6d4be674-a782-407e-b8b7-a47be671e165","local_time":"20190717221316","is_ascension_mode":true,"campfire_choices":[{"data":"Feed","floor":7,"key":"SMITH"},{"floor":11,"key":"REST"},{"data":"Immolate","floor":13,"key":"SMITH"},{"data":"True Grit","floor":15,"key":"SMITH"},{"data":"Bludgeon","floor":32,"key":"SMITH"}],"neow_cost":"NONE","seed_source_timestamp":179758431355900,"circlet_count":0,"master_deck":["Bash","Shrug It Off","Flex","Pommel Strike","Feed+1","Shrug It Off","Immolate+1","True Grit+1","Bludgeon+1","Warcry","Clash","Twin Strike","Juggernaut","Feed","Flex","Pommel Strike","Offering","Sentinel+1","Intimidate+1","True Grit+1","Flame Barrier+1","Feel No Pain+1","Shrug It Off+1"],"relics":["Burning Blood","War Paint","Torii","Matryoshka","Lantern","Shuriken","Blood Vial","Pandora\u0027s Box","Ornamental Fan","Bag of Marbles","Happy Flower","Toxic Egg 2","Pear","Kunai","Bottled Lightning","Nilry\u0027s Codex","Question Card"],"potions_floor_usage":[6,8,28,28,33,33,33],"damage_taken":[{"damage":0,"enemies":"Cultist","floor":1,"turns":4},{"damage":0,"enemies":"Jaw Worm","floor":2,"turns":5},{"damage":0,"enemies":"2 Louse","floor":4,"turns":4},{"damage":16,"enemies":"Lots of Slimes","floor":5,"turns":6},{"damage":38,"enemies":"3 Sentries","floor":6,"turns":12},{"damage":32,"enemies":"Gremlin Nob","floor":8,"turns":4},{"damage":1,"enemies":"Exordium Wildlife","floor":14,"turns":2},{"damage":35,"enemies":"The Guardian","floor":16,"turns":19},{"damage":18,"enemies":"2 Thieves","floor":18,"turns":2},{"damage":0,"enemies":"Chosen","floor":21,"turns":3},{"damage":8,"enemies":"Slavers","floor":23,"turns":4},{"damage":1,"enemies":"Centurion and Healer","floor":24,"turns":3},{"damage":18,"enemies":"Shelled Parasite and Fungi","floor":25,"turns":3},{"damage":37,"enemies":"Snecko","floor":27,"turns":4},{"damage":21,"enemies":"Book of Stabbing","floor":28,"turns":5},{"damage":8,"enemies":"Slavers","floor":30,"turns":3},{"damage":59,"enemies":"Collector","floor":33,"turns":10}],"seed_played":"-8081041759866913724","potions_obtained":[{"floor":1,"key":"GamblersBrew"},{"floor":5,"key":"FearPotion"},{"floor":6,"key":"Dexterity Potion"},{"floor":16,"key":"Poison Potion"},{"floor":18,"key":"Strength Potion"},{"floor":25,"key":"Ancient Potion"},{"floor":28,"key":"Weak Potion"},{"floor":30,"key":"SkillPotion"}],"is_trial":false,"path_per_floor":["M","M","$","M","M","E","R","E","T","?","R","?","R","M","R","B",null,"M","?","?","M","$","E","M","M","T","M","E","?","E","$","R","B"],"character_chosen":"IRONCLAD","items_purchased":["Bag of Marbles","Happy Flower","Shrug It Off+1"],"campfire_rested":1,"item_purchase_floors":[22,22,31],"current_hp_per_floor":[80,80,80,80,70,41,41,19,19,19,45,45,45,56,56,29,76,73,73,73,85,85,88,99,93,103,78,65,49,56,56,56,0],"gold":101,"neow_bonus":"RANDOM_COMMON_RELIC","is_prod":false,"is_daily":false,"chose_seed":false,"campfire_upgraded":4,"win_rate":0,"timestamp":1563415996,"path_taken":["M","M","$","?","M","E","R","E","T","?","R","?","R","?","R","BOSS","M","?","?","M","$","E","M","M","T","M","E","?","E","?","R","BOSS"],"build_version":"2019-07-05","purchased_purges":1,"victory":false,"max_hp_per_floor":[80,80,80,80,80,83,83,87,87,87,87,87,87,91,91,91,91,98,98,98,102,102,105,109,113,123,127,127,127,134,134,134,134],"card_choices":[{"not_picked":["Power Through","Armaments"],"picked":"Shrug It Off","floor":1},{"not_picked":["Iron Wave","Wild Strike"],"picked":"Flex","floor":2},{"not_picked":["Evolve","Flex"],"picked":"Pommel Strike","floor":4},{"not_picked":["Warcry","Pommel Strike"],"picked":"Feed","floor":5},{"not_picked":["Havoc","Searing Blow"],"picked":"Shrug It Off","floor":6},{"not_picked":["Pommel Strike","Reckless Charge"],"picked":"Immolate","floor":8},{"not_picked":["Intimidate","Flex"],"picked":"True Grit","floor":14},{"not_picked":["Fiend Fire","Offering"],"picked":"Bludgeon","floor":16},{"not_picked":["Iron Wave","Sword Boomerang"],"picked":"Sentinel+1","floor":18},{"not_picked":["Seeing Red","Perfected Strike+1"],"picked":"Intimidate+1","floor":21},{"not_picked":["Flex","Thunderclap","Blood for Blood"],"picked":"SKIP","floor":23},{"not_picked":["Wild Strike","Perfected Strike+1"],"picked":"True Grit+1","floor":24},{"not_picked":["Havoc+1","Rupture","Blood for Blood"],"picked":"SKIP","floor":25},{"not_picked":["Heavy Blade","Immolate","Pommel Strike"],"picked":"SKIP","floor":27},{"not_picked":["Barricade","Perfected Strike+1"],"picked":"Flame Barrier+1","floor":28},{"not_picked":["Havoc+1","Clothesline+1"],"picked":"Feel No Pain+1","floor":30}],"player_experience":488807,"relics_obtained":[{"floor":6,"key":"Torii"},{"floor":8,"key":"Matryoshka"},{"floor":9,"key":"Lantern"},{"floor":9,"key":"Shuriken"},{"floor":23,"key":"Toxic Egg 2"},{"floor":26,"key":"Pear"},{"floor":26,"key":"Kunai"},{"floor":28,"key":"Bottled Lightning"},{"floor":29,"key":"Nilry\u0027s Codex"},{"floor":30,"key":"Question Card"}],"event_choices":[{"damage_healed":0,"gold_gain":0,"player_choice":"Ignored","damage_taken":0,"max_hp_gain":0,"max_hp_loss":0,"event_name":"Shining Light","floor":10,"gold_loss":0},{"damage_healed":0,"gold_gain":0,"player_choice":"Gave Potion","damage_taken":0,"relics_obtained":["Blood Vial"],"max_hp_gain":0,"max_hp_loss":0,"event_name":"WeMeetAgain","floor":12,"gold_loss":0},{"damage_healed":0,"gold_gain":0,"player_choice":"Obtained Relic","damage_taken":0,"relics_obtained":["Ornamental Fan"],"max_hp_gain":0,"max_hp_loss":0,"event_name":"Addict","floor":19,"gold_loss":85},{"damage_healed":0,"gold_gain":99,"player_choice":"Stole From Cult","damage_taken":0,"max_hp_gain":0,"max_hp_loss":0,"event_name":"Nest","floor":20,"gold_loss":0},{"damage_healed":0,"gold_gain":0,"player_choice":"Obtained Book","damage_taken":16,"max_hp_gain":0,"max_hp_loss":0,"event_name":"Cursed Tome","floor":29,"gold_loss":0}],"is_beta":false,"boss_relics":[{"not_picked":["Mark of Pain","Runic Cube"],"picked":"Pandora\u0027s Box"}],"items_purged_floors":[3],"is_endless":false,"potions_floor_spawned":[1,5,6,16,18,25,28,30],"killed_by":"Collector","ascension_level":5}