{"gold_per_floor":[110,129,129,129,30,30,64,83,156,8,8,27,27,45,45,145,145,134,134,24,124,124,124,124,124,151,166,182,209,225,236,236,336,336,352,371,371,49,65,65,65,99,99,99,111,111,141,157,157,157],"floor_reached":51,"playtime":4565,"items_purged":["Strike_B","Strike_B","Defend_B"],"score":903,"play_id":"0dbde558-ee2f-4a60-aca3-3874a965b89a","local_time":"20180913143503","is_ascension_mode":true,"campfire_choices":[{"data":"Streamline","floor":6.0,"key":"SMITH"},{"data":"Dualcast","floor":13.0,"key":"SMITH"},{"floor":15.0,"key":"REST"},{"data":"Hologram","floor":23.0,"key":"SMITH"},{"floor":25.0,"key":"REST"},{"floor":32.0,"key":"REST"},{"floor":40.0,"key":"REST"},{"floor":44,"key":"REST"},{"floor":49,"key":"REST"}],"neow_cost":"NONE","seed_source_timestamp":0,"circlet_count":0,"master_deck":["Defend_B+1","Defend_B","Defend_B","Zap+1","Dualcast+1","Turbo","Steam","Gash","Streamline+1","Beam Cell","Steam","Creative AI","Hologram+1","Scrape+1","Chill","Rebound","Force Field","Steam","BootSequence","Electrodynamics","Hologram","Doom and Gloom+1","Force Field","Scrape","Good Instincts","Steam","Fusion"],"special_seed":0,"relics":["Cracked Core","Bag of Marbles","Symbiotic Virus","Sundial","Busted Crown","Pocketwatch","Matryoshka","Dream Catcher","Bronze Scales","Anchor","Runic Pyramid","Incense Burner","DollysMirror","Bottled Tornado","Whetstone","Ornamental Fan","Darkstone Periapt","Omamori"],"potions_floor_usage":[42,48,50,50],"damage_taken":[{"damage":4.0,"enemies":"Jaw Worm","floor":1.0,"turns":3.0},{"damage":4.0,"enemies":"2 Louse","floor":2.0,"turns":3.0},{"damage":21.0,"enemies":"3 Sentries","floor":7.0,"turns":7.0},{"damage":0.0,"enemies":"Cultist","floor":8.0,"turns":2.0},{"damage":6.0,"enemies":"Lots of Slimes","floor":12.0,"turns":4.0},{"damage":0.0,"enemies":"Exordium Wildlife","floor":14.0,"turns":4.0},{"damage":5.0,"enemies":"Hexaghost","floor":16.0,"turns":8.0},{"damage":11.0,"enemies":"2 Thieves","floor":18.0,"turns":4.0},{"damage":15.0,"enemies":"Colosseum Slavers","floor":21.0,"turns":5.0},{"damage":71.0,"enemies":"Colosseum Nobs","floor":21.0,"turns":10.0},{"damage":6.0,"enemies":"3 Byrds","floor":27.0,"turns":2.0},{"damage":8.0,"enemies":"Centurion and Healer","floor":28.0,"turns":4.0},{"damage":23.0,"enemies":"Book of Stabbing","floor":29.0,"turns":4.0},{"damage":0.0,"enemies":"Cultist and Chosen","floor":30.0,"turns":6.0},{"damage":3.0,"enemies":"Snecko","floor":31.0,"turns":4.0},{"damage":12.0,"enemies":"Champ","floor":33.0,"turns":9.0},{"damage":1.0,"enemies":"3 Darklings","floor":35.0,"turns":6.0},{"damage":0.0,"enemies":"Orb Walker","floor":36.0,"turns":3.0},{"damage":0.0,"enemies":"Mind Bloom Boss Battle","floor":37.0,"turns":7.0},{"damage":26.0,"enemies":"Transient","floor":39.0,"turns":5.0},{"damage":46,"enemies":"Nemesis","floor":42,"turns":5},{"damage":2,"enemies":"4 Shapes","floor":45,"turns":6},{"damage":7,"enemies":"Giant Head","floor":47,"turns":9},{"damage":2,"enemies":"3 Darklings","floor":48,"turns":3},{"damage":56,"enemies":"Awakened One","floor":50,"turns":12}],"seed_played":"-9017081106601057836","potions_obtained":[{"floor":7.0,"key":"Weak Potion"},{"floor":8.0,"key":"SpeedPotion"},{"floor":12.0,"key":"Explosive Potion"},{"floor":18.0,"key":"Regen Potion"},{"floor":19.0,"key":"Regen Potion"},{"floor":30.0,"key":"Poison Potion"},{"floor":37.0,"key":"Strength Potion"},{"floor":42,"key":"Explosive Potion"},{"floor":45,"key":"Regen Potion"},{"floor":47,"key":"Poison Potion"}],"is_trial":false,"path_per_floor":["M","M","?","?","$","R","E","M","T","$","T","M","R","M","R","B",null,"M","?","$","?","?","R","?","R","T","M","M","E","M","M","R","B",null,"M","M","?","$","M","R","?","E","T","R","M","T","E","M","R","B"],"character_chosen":"DEFECT","items_purchased":["Streamline","Steam","Scrape","Chill","DollysMirror"],"campfire_rested":6,"item_purchase_floors":[5,10,20,20,38],"current_hp_per_floor":[64,60,45,45,45,45,24,24,24,24,24,18,18,18,40,35,65,54,54,54,22,22,22,22,44,44,38,30,7,7,4,26,14,60,59,59,59,59,33,55,55,9,9,31,29,29,22,20,42,1],"gold":157,"neow_bonus":"TRANSFORM_CARD","is_prod":false,"is_daily":false,"chose_seed":false,"campfire_upgraded":3,"win_rate":0,"timestamp":1536874503,"path_taken":["M","M","?","?","$","R","E","M","T","$","?","M","R","M","R","BOSS","M","?","$","?","?","R","?","R","T","M","?","E","?","M","R","BOSS","M","M","?","$","M","R","?","E","T","R","M","?","E","M","R","BOSS"],"build_version":"2018-09-06","purchased_purges":3,"victory":true,"max_hp_per_floor":[75,75,75,75,75,75,75,75,75,75,75,75,75,75,75,75,75,75,75,75,75,75,75,75,75,75,75,75,75,75,75,75,75,75,75,75,75,75,75,75,75,75,75,75,75,75,75,75,75,75],"card_choices":[{"not_picked":["Barrage","Rebound"],"picked":"Steam","floor":1.0},{"not_picked":["Sunder","Aggregate"],"picked":"Gash","floor":2.0},{"not_picked":["Hello World","Turbo"],"picked":"Beam Cell","floor":7.0},{"not_picked":["Heatsinks","Steam","Streamline"],"picked":"SKIP","floor":8.0},{"not_picked":["Redo","Heatsinks","Turbo"],"picked":"SKIP","floor":12.0},{"not_picked":["Redo","Darkness","Hologram"],"picked":"SKIP","floor":14.0},{"not_picked":["Biased Cognition","Fission"],"picked":"Creative AI","floor":16.0},{"not_picked":["Hologram"],"picked":"SKIP","floor":18.0},{"not_picked":[],"picked":"Hologram","floor":18.0},{"not_picked":["Ball Lightning+1"],"picked":"SKIP","floor":27.0},{"not_picked":["Turbo"],"picked":"SKIP","floor":28.0},{"not_picked":[],"picked":"Force Field","floor":29.0},{"not_picked":[],"picked":"Steam","floor":30.0},{"not_picked":[],"picked":"BootSequence","floor":31.0},{"not_picked":[],"picked":"Electrodynamics","floor":33.0},{"not_picked":["Sweeping Beam"],"picked":"SKIP","floor":35.0},{"not_picked":[],"picked":"Hologram","floor":36.0},{"not_picked":[],"picked":"Doom and Gloom","floor":37.0},{"not_picked":["Barrage"],"picked":"SKIP","floor":39.0},{"not_picked":[],"picked":"Scrape","floor":40.0},{"not_picked":[],"picked":"Good Instincts","floor":41.0},{"not_picked":[],"picked":"Steam","floor":42},{"not_picked":["Hello World"],"picked":"SKIP","floor":45},{"not_picked":["Double Energy"],"picked":"SKIP","floor":47},{"not_picked":[],"picked":"Fusion","floor":48}],"player_experience":291555,"relics_obtained":[{"floor":7.0,"key":"Bag of Marbles"},{"floor":9.0,"key":"Symbiotic Virus"},{"floor":11.0,"key":"Sundial"},{"floor":21.0,"key":"Pocketwatch"},{"floor":21.0,"key":"Matryoshka"},{"floor":26.0,"key":"Dream Catcher"},{"floor":26.0,"key":"Bronze Scales"},{"floor":29.0,"key":"Anchor"},{"floor":37.0,"key":"Incense Burner"},{"floor":42,"key":"Bottled Tornado"},{"floor":43,"key":"Whetstone"},{"floor":43,"key":"Ornamental Fan"},{"floor":46,"key":"Darkstone Periapt"},{"floor":47,"key":"Omamori"}],"event_choices":[{"event_name":"Shining Light","player_choice":"Entered Light","floor":3.0,"damage_taken":0.0},{"event_name":"Liars Game","player_choice":"disagreed","floor":4.0,"damage_taken":0.0},{"event_name":"The Lab","player_choice":"Got Potions","floor":19.0,"damage_taken":0.0},{"event_name":"Colosseum","player_choice":"Fight","floor":21.0,"damage_taken":0.0},{"event_name":"Colosseum","player_choice":"Fought Nobs","floor":21.0,"damage_taken":0.0},{"event_name":"The Mausoleum","player_choice":"No","floor":22.0,"damage_taken":0.0},{"event_name":"Transmorgrifier","player_choice":"Transform","floor":24.0,"damage_taken":0.0},{"event_name":"MindBloom","player_choice":"Fight","floor":37.0,"damage_taken":0.0},{"event_name":"SensoryStone","player_choice":"Memory 1","floor":41.0,"damage_taken":0.0}],"is_beta":false,"boss_relics":[{"not_picked":["Cursed Key","Nuclear Battery"],"picked":"Busted Crown"},{"not_picked":["Fusion Hammer","Pandora\u0027s Box"],"picked":"Runic Pyramid"}],"items_purged_floors":[5,10,38],"is_endless":false,"potions_floor_spawned":[7,8,12,18,30,37,42,45,47],"ascension_level":6}