{"gold_per_floor":[116,116,116,133,151,177,177,207,207,207,31,31,45,66,66,194,194,194,56,56,56,56,56,56,56,56,56,56,56,56,56,56,56,56,56,56,56,6,6,6,6,6,6,6,6,0,0,0,0,0,0,0,0,0,0],"floor_reached":56,"playtime":2944,"items_purged":["Strike_G","Strike_G"],"score":1432,"play_id":"d2f0c3d7-16fe-4ab5-bf64-7090575b1789","local_time":"20190702002327","is_ascension_mode":true,"campfire_choices":[{"data":"Footwork","floor":7.0,"key":"SMITH"},{"floor":12.0,"key":"REST"},{"data":"Neutralize","floor":15.0,"key":"SMITH"},{"floor":24,"key":"REST"},{"floor":30,"key":"RECALL"},{"data":"Infinite Blades","floor":32,"key":"SMITH"},{"data":"Envenom","floor":40,"key":"SMITH"},{"data":"Survivor","floor":44,"key":"SMITH"},{"floor":49,"key":"REST"},{"data":"Skewer","floor":52,"key":"SMITH"}],"neow_cost":"NONE","seed_source_timestamp":40894917899231,"circlet_count":0,"master_deck":["Strike_G","Strike_G","Defend_G","Defend_G","Defend_G","Defend_G","Defend_G","Survivor+1","Neutralize+1","Footwork+1","Poisoned Stab","Poisoned Stab","Blade Dance+1","Burst+1","Apotheosis+1","Backflip+1","Deflect+1","Deadly Poison+1","Adrenaline+1","Backflip+1","Escape Plan+1","Bane","Infinite Blades+1","PiercingWail+1","Quick Slash+1","Dodge and Roll+1","Decay","Envenom+1","Skewer+1","Acrobatics+1","Well Laid Plans+1","Crippling Poison+1","Caltrops+1","Noxious Fumes+1","Deadly Poison+1","Footwork+1","Escape Plan+1"],"special_seed":0,"relics":["Ring of the Snake","Ancient Tea Set","Toxic Egg 2","Mummified Hand","Matryoshka","Snake Skull","The Courier","Golden Idol","Ectoplasm","Pear","Oddly Smooth Stone","Smiling Mask","Paper Crane","Orrery","Strawberry","Sundial","Art of War","Ornamental Fan","Red Mask","Ninja Scroll","Vajra"],"potions_floor_usage":[28,33,55],"damage_taken":[{"damage":0.0,"enemies":"Small Slimes","floor":1.0,"turns":5.0},{"damage":1.0,"enemies":"Jaw Worm","floor":4.0,"turns":5.0},{"damage":1.0,"enemies":"Cultist","floor":5.0,"turns":4.0},{"damage":17.0,"enemies":"Lagavulin","floor":6.0,"turns":7.0},{"damage":2.0,"enemies":"Gremlin Nob","floor":8.0,"turns":4.0},{"damage":0.0,"enemies":"Large Slime","floor":13.0,"turns":4.0},{"damage":0.0,"enemies":"Red Slaver","floor":14.0,"turns":4.0},{"damage":13.0,"enemies":"Slime Boss","floor":16.0,"turns":10.0},{"damage":0.0,"enemies":"3 Byrds","floor":18.0,"turns":5.0},{"damage":0.0,"enemies":"Shell Parasite","floor":20.0,"turns":3.0},{"damage":0.0,"enemies":"Snake Plant","floor":22.0,"turns":3.0},{"damage":18,"enemies":"Gremlin Leader","floor":23,"turns":9},{"damage":15,"enemies":"Book of Stabbing","floor":25,"turns":4},{"damage":11,"enemies":"Shelled Parasite and Fungi","floor":27,"turns":4},{"damage":12,"enemies":"Cultist and Chosen","floor":28,"turns":5},{"damage":0,"enemies":"Gremlin Leader","floor":29,"turns":5},{"damage":36,"enemies":"Automaton","floor":33,"turns":13},{"damage":0,"enemies":"3 Shapes","floor":35,"turns":5},{"damage":1,"enemies":"Orb Walker","floor":39,"turns":3},{"damage":0,"enemies":"Nemesis","floor":41,"turns":5},{"damage":0,"enemies":"4 Shapes","floor":42,"turns":5},{"damage":1,"enemies":"Giant Head","floor":45,"turns":7},{"damage":0,"enemies":"Maw","floor":47,"turns":5},{"damage":9,"enemies":"Nemesis","floor":48,"turns":7},{"damage":19,"enemies":"Time Eater","floor":50,"turns":11},{"damage":22,"enemies":"Shield and Spear","floor":54,"turns":5},{"damage":47,"enemies":"The Heart","floor":55,"turns":8}],"seed_played":"-7309037905881685307","potions_obtained":[{"floor":1.0,"key":"Block Potion"},{"floor":13.0,"key":"EssenceOfSteel"},{"floor":14.0,"key":"PowerPotion"},{"floor":20.0,"key":"Regen Potion"},{"floor":33,"key":"FairyPotion"},{"floor":41,"key":"PowerPotion"},{"floor":48,"key":"Fire Potion"}],"is_trial":false,"path_per_floor":["M","?","?","M","M","E","R","E","T","?","$","R","M","M","R","B",null,"M","$","M","?","M","E","R","E","T","M","M","E","R","?","R","B",null,"M","T","?","$","M","R","E","M","T","R","E","?","M","E","R","B",null,"R","$","E","B",null],"character_chosen":"THE_SILENT","items_purchased":["Apotheosis+1","Backflip+1","Escape Plan+1","Bane"],"campfire_rested":3,"item_purchase_floors":[11,11,19,19],"current_hp_per_floor":[70,58,58,57,56,39,39,37,37,37,37,56,56,56,56,43,65,65,65,65,65,65,57,75,60,60,49,49,49,49,49,49,13,75,75,82,82,82,81,81,81,81,81,81,80,80,80,71,82,63,82,82,82,60,13],"gold":0,"neow_bonus":"RANDOM_COMMON_RELIC","is_prod":false,"is_daily":false,"chose_seed":false,"campfire_upgraded":6,"win_rate":0,"timestamp":1562016207,"path_taken":["M","?","?","M","M","E","R","E","T","?","$","R","M","M","R","BOSS","M","$","M","?","?","E","R","E","T","M","M","E","R","?","R","BOSS","M","?","?","$","M","R","E","M","T","R","E","?","M","E","R","BOSS","R","$","E","BOSS"],"build_version":"2019-07-01","purchased_purges":2,"victory":true,"max_hp_per_floor":[70,70,70,70,70,70,70,70,70,65,65,65,65,65,65,65,65,65,65,65,65,65,75,75,75,75,75,75,75,75,75,75,75,75,75,82,82,82,82,82,82,82,82,82,82,82,82,82,82,82,82,82,82,82,82],"card_choices":[{"not_picked":["Calculated Gamble","Dodge and Roll"],"picked":"Footwork","floor":1.0},{"not_picked":["Bane","Sucker Punch"],"picked":"Poisoned Stab","floor":4.0},{"not_picked":["Outmaneuver+1","Accuracy"],"picked":"Poisoned Stab","floor":5.0},{"not_picked":["Expertise+1","Concentrate+1"],"picked":"Blade Dance+1","floor":6.0},{"not_picked":["Sucker Punch","Dagger Spray"],"picked":"Burst+1","floor":8.0},{"not_picked":["Expertise+1","Bane"],"picked":"Deflect+1","floor":13.0},{"not_picked":["Acrobatics+1","Dodge and Roll+1"],"picked":"Deadly Poison+1","floor":14.0},{"not_picked":["After Image","Burst+1"],"picked":"Adrenaline+1","floor":16.0},{"not_picked":["Infinite Blades","Poisoned Stab"],"picked":"Backflip+1","floor":18.0},{"not_picked":["Setup+1","Concentrate+1","Acrobatics+1"],"picked":"SKIP","floor":20.0},{"not_picked":["Acrobatics+1","Sucker Punch","Poisoned Stab"],"picked":"SKIP","floor":22.0},{"not_picked":["Quick Slash","Escape Plan+1"],"picked":"Infinite Blades","floor":23},{"not_picked":["All Out Attack","Quick Slash"],"picked":"PiercingWail+1","floor":25},{"not_picked":["Quick Slash+1","Tools of the Trade","Dagger Throw+1"],"picked":"SKIP","floor":27},{"not_picked":["Tools of the Trade","Dagger Throw+1"],"picked":"Quick Slash+1","floor":27},{"not_picked":["Outmaneuver+1","Underhanded Strike"],"picked":"Dodge and Roll+1","floor":28},{"not_picked":["Acrobatics+1","Bullet Time+1","Quick Slash"],"picked":"SKIP","floor":29},{"not_picked":["Grand Finale","Night Terror+1"],"picked":"Envenom","floor":33},{"not_picked":["Quick Slash","Dodge and Roll+1"],"picked":"Skewer","floor":34},{"not_picked":["Skewer+1","Finisher"],"picked":"Acrobatics+1","floor":34},{"not_picked":["Slice","Blade Dance+1"],"picked":"Well Laid Plans+1","floor":34},{"not_picked":["Grand Finale","Poisoned Stab"],"picked":"Crippling Poison+1","floor":35},{"not_picked":["Expertise+1","Quick Slash","Heel Hook+1"],"picked":"SKIP","floor":39},{"not_picked":["Flying Knee","Concentrate+1"],"picked":"Caltrops+1","floor":41},{"not_picked":["Infinite Blades+1","Tactician+1","Reflex+1"],"picked":"SKIP","floor":42},{"not_picked":["Underhanded Strike+1","Acrobatics+1"],"picked":"Noxious Fumes+1","floor":45},{"not_picked":["Heel Hook+1","Backflip+1"],"picked":"Deadly Poison+1","floor":47},{"not_picked":["Poisoned Stab+1","Flying Knee"],"picked":"Footwork+1","floor":48},{"not_picked":["Sucker Punch","Slice"],"picked":"Escape Plan+1","floor":54}],"player_experience":1038708,"relics_obtained":[{"floor":6.0,"key":"Mummified Hand"},{"floor":8.0,"key":"Matryoshka"},{"floor":9.0,"key":"Snake Skull"},{"floor":9.0,"key":"The Courier"},{"floor":23,"key":"Pear"},{"floor":25,"key":"Oddly Smooth Stone"},{"floor":26,"key":"Smiling Mask"},{"floor":29,"key":"Paper Crane"},{"floor":36,"key":"Strawberry"},{"floor":41,"key":"Sundial"},{"floor":43,"key":"Art of War"},{"floor":45,"key":"Ornamental Fan"},{"floor":48,"key":"Ninja Scroll"},{"floor":54,"key":"Vajra"}],"event_choices":[{"damage_healed":0.0,"max_hp_gain":0.0,"max_hp_loss":0.0,"gold_gain":0.0,"event_name":"Scrap Ooze","player_choice":"Success","floor":2.0,"gold_loss":0.0,"damage_taken":12.0,"relics_obtained":["Toxic Egg 2"]},{"damage_healed":0.0,"max_hp_gain":0.0,"max_hp_loss":0.0,"gold_gain":0.0,"event_name":"The Cleric","player_choice":"Leave","floor":3.0,"gold_loss":0.0,"damage_taken":0.0},{"damage_healed":0.0,"max_hp_gain":0.0,"max_hp_loss":5.0,"gold_gain":0.0,"event_name":"Golden Idol","player_choice":"Lose Max HP","floor":10.0,"gold_loss":0.0,"damage_taken":0.0,"relics_obtained":["Golden Idol"]},{"damage_healed":0.0,"max_hp_gain":0.0,"max_hp_loss":0.0,"gold_gain":100.0,"event_name":"Golden Shrine","player_choice":"Pray","floor":21.0,"gold_loss":0.0,"damage_taken":0.0},{"damage_healed":0,"gold_gain":0,"player_choice":"Cursed","damage_taken":0,"max_hp_gain":0,"max_hp_loss":0,"event_name":"Wheel of Change","floor":31,"gold_loss":0,"cards_obtained":["Decay"]},{"cards_removed":["Strike_G"],"damage_healed":0,"gold_gain":0,"player_choice":"Removed Attack","damage_taken":0,"max_hp_gain":0,"max_hp_loss":0,"event_name":"Falling","floor":37,"gold_loss":0},{"damage_healed":0,"gold_gain":0,"player_choice":"Paid","damage_taken":0,"relics_obtained":["Red Mask"],"max_hp_gain":0,"max_hp_loss":0,"event_name":"Tomb of Lord Red Mask","floor":46,"gold_loss":6}],"is_beta":false,"boss_relics":[{"not_picked":["Calling Bell","Lizard Tail"],"picked":"Ectoplasm"},{"not_picked":["Tiny House","Eternal Feather"],"picked":"Orrery"}],"items_purged_floors":[19,38],"is_endless":false,"potions_floor_spawned":[1,13,14,20,25,27,33,41,47,48],"ascension_level":1}