{"gold_per_floor":[115,115,125,138,138,167,179,191,279,308,320],"floor_reached":11,"playtime":737,"items_purged":[],"score":95,"play_id":"9dfe9304-10fa-41ed-9db7-51b4cbdec0aa","local_time":"20190629102328","is_ascension_mode":true,"campfire_choices":[{"data":"Leg Sweep","floor":8,"key":"SMITH"}],"neow_cost":"NONE","seed_source_timestamp":1355308769706100,"circlet_count":0,"master_deck":["Defend_G","Defend_G","Defend_G+1","Defend_G","Defend_G","Strike_G+1","Strike_G","Strike_G","Strike_G","Strike_G","Survivor","Neutralize","Poisoned Stab","Leg Sweep+1","Well Laid Plans"],"relics":["Ring of the Snake","NeowsBlessing","MawBank","SsserpentHead","Bottled Flame"],"potions_floor_usage":[],"damage_taken":[{"damage":0,"enemies":"Small Slimes","floor":1,"turns":1},{"damage":0,"enemies":"Cultist","floor":3,"turns":1},{"damage":0,"enemies":"2 Louse","floor":4,"turns":1},{"damage":26,"enemies":"Lagavulin","floor":6,"turns":11},{"damage":0,"enemies":"2 Fungi Beasts","floor":10,"turns":3},{"damage":29,"enemies":"Gremlin Gang","floor":11,"turns":3}],"seed_played":"4369987074054349135","potions_obtained":[{"floor":3,"key":"Swift Potion"},{"floor":6,"key":"GamblersBrew"}],"is_trial":false,"path_per_floor":["M","?","M","M","?","E","?","R","T","M","M"],"character_chosen":"THE_SILENT","items_purchased":[],"campfire_rested":0,"item_purchase_floors":[],"current_hp_per_floor":[63,68,68,68,54,28,28,28,28,28,0],"gold":320,"neow_bonus":"THREE_ENEMY_KILL","is_prod":false,"is_daily":false,"chose_seed":false,"campfire_upgraded":1,"win_rate":0,"timestamp":1561818208,"path_taken":["M","?","?","M","?","E","?","R","T","M","M"],"build_version":"2019-01-23","purchased_purges":0,"victory":false,"max_hp_per_floor":[70,70,70,70,70,70,70,70,70,70,70],"card_choices":[{"not_picked":["Bane","Flechettes"],"picked":"Dodge and Roll","floor":1},{"not_picked":["Bane","Deflect"],"picked":"Poisoned Stab","floor":3},{"not_picked":["Outmaneuver","Poisoned Stab"],"picked":"Leg Sweep","floor":4},{"not_picked":["Distraction","Acrobatics"],"picked":"Well Laid Plans","floor":6},{"not_picked":["Underhanded Strike","Blade Dance","Deflect"],"picked":"SKIP","floor":10}],"player_experience":433318,"relics_obtained":[{"floor":6,"key":"MawBank"},{"floor":9,"key":"Bottled Flame"}],"event_choices":[{"cards_removed":["Dodge and Roll"],"damage_healed":5,"gold_gain":0,"player_choice":"Offered Common","damage_taken":0,"max_hp_gain":0,"max_hp_loss":0,"event_name":"Bonfire Elementals","floor":2,"gold_loss":0},{"cards_removed":["Dodge and Roll"],"damage_healed":5,"gold_gain":0,"player_choice":"Offered Special","damage_taken":0,"max_hp_gain":0,"max_hp_loss":0,"event_name":"Bonfire Elementals","floor":2,"gold_loss":0},{"damage_healed":0,"gold_gain":0,"player_choice":"Entered Light","damage_taken":14,"max_hp_gain":0,"max_hp_loss":0,"event_name":"Shining Light","floor":5,"gold_loss":0,"cards_upgraded":["Strike_G","Defend_G"]},{"damage_healed":0,"gold_gain":0,"player_choice":"Trade","damage_taken":0,"relics_obtained":["SsserpentHead"],"max_hp_gain":0,"max_hp_loss":0,"event_name":"FaceTrader","floor":7,"gold_loss":0}],"is_beta":false,"boss_relics":[],"items_purged_floors":[],"is_endless":false,"potions_floor_spawned":[3,6],"killed_by":"Gremlin Gang","ascension_level":6}