{"gold_per_floor":[117,117,127,302,312,312,347,36,36,12,12,40,57,73,73,176,176,191,191,68,86,1,1,17,45,91,91],"floor_reached":27,"playtime":1990,"items_purged":[],"score":241,"play_id":"913108f1-b6ce-416c-a11e-15c7bb9236df","local_time":"20180728155230","is_ascension_mode":false,"campfire_choices":[{"data":"Redo","floor":6,"key":"SMITH"},{"data":"Fusion","floor":11,"key":"SMITH"},{"data":"White Noise","floor":15,"key":"SMITH"},{"data":"Capacitor","floor":23,"key":"SMITH"}],"neow_cost":"","seed_source_timestamp":59814890236042,"circlet_count":0,"master_deck":["Strike_B+1","Strike_B+1","Strike_B+1","Strike_B+1","Defend_B+1","Defend_B+1","Defend_B+1","Defend_B+1","Zap","Dualcast","Redo+1","Hologram","FTL","Coolheaded","Doubt","Beam Cell","Beam Cell","Fusion+1","Blizzard","Ball Lightning+1","White Noise+1","Gash+1","Streamline+1","Machine Learning","Melter+1","Gash+1","Stack","Beam Cell+1","Capacitor+1","Compile Driver+1","Self Repair+1"],"relics":["FrozenCore","Boot","Toolbox","Molten Egg 2","Ancient Tea Set","Oddly Smooth Stone","Ornamental Fan","Bronze Scales"],"potions_floor_usage":[16,27,27],"damage_taken":[{"damage":6,"enemies":"Cultist","floor":1,"turns":3},{"damage":2,"enemies":"Small Slimes","floor":3,"turns":2},{"damage":3,"enemies":"2 Louse","floor":5,"turns":3},{"damage":14,"enemies":"Lagavulin","floor":7,"turns":6},{"damage":13,"enemies":"Gremlin Nob","floor":12,"turns":3},{"damage":0,"enemies":"Exordium Wildlife","floor":13,"turns":3},{"damage":0,"enemies":"2 Fungi Beasts","floor":14,"turns":2},{"damage":33,"enemies":"Hexaghost","floor":16,"turns":7},{"damage":4,"enemies":"3 Byrds","floor":18,"turns":6},{"damage":0,"enemies":"Spheric Guardian","floor":21,"turns":3},{"damage":25,"enemies":"Centurion and Healer","floor":24,"turns":4},{"damage":16,"enemies":"Book of Stabbing","floor":25,"turns":4},{"damage":30,"enemies":"Gremlin Leader","floor":27,"turns":2}],"seed_played":"93386594934159117","potions_obtained":[{"floor":7,"key":"Swift Potion"},{"floor":16,"key":"FocusPotion"},{"floor":25,"key":"EssenceOfSteel"}],"is_trial":false,"path_per_floor":["M","?","M","?","M","R","E","$","T","$","R","E","M","M","R","B",null,"M","?","$","M","?","R","M","E","T"],"character_chosen":"DEFECT","items_purchased":["Fusion","Toolbox","Blizzard","Ball Lightning+1","Gash+1","Stack","Beam Cell+1"],"campfire_rested":0,"item_purchase_floors":[8,8,8,10,20,20,20],"current_hp_per_floor":[69,69,67,67,64,64,50,50,50,50,50,37,37,37,37,4,75,71,71,71,71,71,71,46,30,30,0],"gold":91,"neow_bonus":"","is_prod":false,"is_daily":false,"chose_seed":false,"campfire_upgraded":4,"win_rate":0.0,"timestamp":1532785950,"path_taken":["M","?","?","?","M","R","E","$","T","$","R","E","M","M","R","BOSS","M","?","$","?","?","R","M","E","T","E"],"build_version":"2018-07-19v2","purchased_purges":0,"victory":false,"max_hp_per_floor":[75,75,75,75,75,75,75,75,75,75,75,75,75,75,75,75,75,75,75,75,75,75,75,75,75,75,75],"card_choices":[{"not_picked":["Go for the Eyes","Compile Driver"],"picked":"Redo","floor":1},{"not_picked":["Reprogram","Conserve Battery"],"picked":"Coolheaded","floor":3},{"not_picked":["Compile Driver","Conserve Battery"],"picked":"Beam Cell","floor":5},{"not_picked":["Stack","Steam Power"],"picked":"Beam Cell","floor":7},{"not_picked":["Reboot","Auto Shields"],"picked":"White Noise","floor":12},{"not_picked":["Aggregate","Redo"],"picked":"Gash+1","floor":13},{"not_picked":["Consume","Redo"],"picked":"Streamline+1","floor":14},{"not_picked":["Seek","Buffer"],"picked":"Machine Learning","floor":16},{"not_picked":["Leap","Redo+1"],"picked":"Melter+1","floor":18},{"not_picked":["Leap","Melter+1"],"picked":"Capacitor","floor":21},{"not_picked":["Conserve Battery","Glacier"],"picked":"Compile Driver+1","floor":24},{"not_picked":["Capacitor","Steam Power"],"picked":"Self Repair+1","floor":25}],"player_experience":77572,"relics_obtained":[{"floor":7,"key":"Boot"},{"floor":9,"key":"Molten Egg 2"},{"floor":12,"key":"Ancient Tea Set"},{"floor":25,"key":"Ornamental Fan"},{"floor":26,"key":"Bronze Scales"}],"event_choices":[{"event_name":"Match and Keep!","player_choice":"2 cards matched","floor":2,"damage_taken":0},{"event_name":"Liars Game","player_choice":"agreed","floor":4,"damage_taken":0},{"event_name":"Back to Basics","player_choice":"Simplicity","floor":19,"damage_taken":0},{"event_name":"Addict","player_choice":"Obtained Relic","floor":22,"damage_taken":0}],"is_beta":false,"boss_relics":[{"not_picked":["Philosopher\u0027s Stone","Tiny House"],"picked":"FrozenCore"}],"items_purged_floors":[],"is_endless":false,"potions_floor_spawned":[7,16,25],"killed_by":"Gremlin Leader","ascension_level":0}