{"gold_per_floor":[115,79,98,118,118,118,118,118,118,148,159,159,234,248,248,248],"floor_reached":16,"playtime":348,"items_purged":[],"score":150,"play_id":"7661b67f-fb71-4801-8f48-0a09b90bc279","local_time":"20190621215843","is_ascension_mode":true,"campfire_choices":[{"data":"Noxious Fumes","floor":6,"key":"SMITH"},{"data":"All Out Attack","floor":8,"key":"SMITH"},{"floor":12,"key":"REST"},{"floor":15,"key":"REST"}],"neow_cost":"NONE","seed_source_timestamp":43929457956639,"circlet_count":0,"master_deck":["AscendersBane","Defend_G","Defend_G","Defend_G","Defend_G","Defend_G+1","Strike_G","Strike_G","Strike_G+1","Strike_G","Strike_G","Survivor","Neutralize","Blade Dance","Deadly Poison","Caltrops","All Out Attack+1","Noxious Fumes+1","Cloak And Dagger"],"relics":["Ring of the Snake","The Courier","Singing Bowl"],"potions_floor_usage":[],"damage_taken":[{"damage":7,"enemies":"Jaw Worm","floor":1,"turns":4},{"damage":0,"enemies":"Small Slimes","floor":3,"turns":3},{"damage":5,"enemies":"2 Louse","floor":4,"turns":3},{"damage":31,"enemies":"Lagavulin","floor":10,"turns":6},{"damage":10,"enemies":"2 Fungi Beasts","floor":11,"turns":3},{"damage":13,"enemies":"Blue Slaver","floor":14,"turns":3},{"damage":33,"enemies":"Slime Boss","floor":16,"turns":3}],"seed_played":"5102866475820069679","potions_obtained":[{"floor":1,"key":"Dexterity Potion"},{"floor":14,"key":"SmokeBomb"}],"is_trial":false,"path_per_floor":["M","$","M","M","?","R","?","R","T","E","M","R","?","M","R","B"],"character_chosen":"THE_SILENT","items_purchased":["Caltrops"],"campfire_rested":2,"item_purchase_floors":[2],"current_hp_per_floor":[56,56,56,51,56,56,41,41,41,12,2,25,14,3,26,0],"gold":248,"neow_bonus":"THREE_CARDS","is_prod":false,"is_daily":false,"chose_seed":false,"campfire_upgraded":2,"win_rate":0,"timestamp":1561143523,"path_taken":["M","$","M","M","?","R","?","R","T","E","M","R","?","M","R","BOSS"],"build_version":"2019-01-23","purchased_purges":0,"victory":false,"max_hp_per_floor":[70,70,70,70,75,75,75,75,75,77,77,77,77,79,79,79],"card_choices":[{"not_picked":["Calculated Gamble","Deadly Poison"],"picked":"Blade Dance","floor":0},{"not_picked":["Reflex","Slice"],"picked":"Deadly Poison","floor":1},{"not_picked":["Bouncing Flask","Eviscerate"],"picked":"All Out Attack","floor":3},{"not_picked":["Deflect","Accuracy"],"picked":"Noxious Fumes","floor":4},{"not_picked":["Catalyst","Quick Slash","Blur"],"picked":"Singing Bowl","floor":10},{"not_picked":["Deadly Poison","Sucker Punch"],"picked":"Cloak And Dagger","floor":11},{"not_picked":["Blade Dance","Flying Knee","Cloak And Dagger"],"picked":"Singing Bowl","floor":14}],"player_experience":993620,"relics_obtained":[{"floor":9,"key":"The Courier"},{"floor":10,"key":"Singing Bowl"}],"event_choices":[{"damage_healed":0,"gold_gain":0,"player_choice":"Donut","damage_taken":0,"max_hp_gain":5,"max_hp_loss":0,"event_name":"Big Fish","floor":5,"gold_loss":0},{"damage_healed":0,"gold_gain":0,"player_choice":"Entered Light","damage_taken":15,"max_hp_gain":0,"max_hp_loss":0,"event_name":"Shining Light","floor":7,"gold_loss":0,"cards_upgraded":["Defend_G","Strike_G"]},{"damage_healed":0,"gold_gain":75,"player_choice":"Gather Gold","damage_taken":11,"max_hp_gain":0,"max_hp_loss":0,"event_name":"World of Goop","floor":13,"gold_loss":0}],"is_beta":false,"boss_relics":[],"items_purged_floors":[],"is_endless":false,"potions_floor_spawned":[1,14],"killed_by":"Slime Boss","ascension_level":10}