{"gold_per_floor":[119,69,69,80,80,80,110,110,192,226,226,23,98,118,118,217,217,217,217,217,217,217,217,217,217,217,217,217,41,41,41,41,41,41,41,41,41,41,41,41,41,41,41,41,41,41,41,41,41,41],"floor_reached":51,"playtime":1959,"items_purged":["Strike_G"],"score":1118,"play_id":"e2b3d0cd-82cd-4267-bb5e-e4c112c80ab3","local_time":"20190103141401","is_ascension_mode":true,"campfire_choices":[{"data":"Dagger Spray","floor":6.0,"key":"SMITH"},{"floor":8.0,"key":"REST"},{"data":"Backflip","floor":11.0,"key":"SMITH"},{"data":"Footwork","floor":15.0,"key":"SMITH"},{"data":"Dodge and Roll","floor":23.0,"key":"SMITH"},{"floor":25.0,"key":"REST"},{"data":"Noxious Fumes","floor":32.0,"key":"SMITH"},{"data":"Bouncing Flask","floor":40,"key":"SMITH"},{"floor":44,"key":"REST"},{"data":"PiercingWail","floor":49,"key":"SMITH"}],"neow_cost":"NONE","seed_source_timestamp":1757520165372,"circlet_count":0,"master_deck":["Defend_G","Defend_G","Defend_G+1","Defend_G","Survivor+1","Neutralize","Backflip+1","Dagger Spray+1","Quick Slash","Footwork+1","Bouncing Flask+1","Bane","Dodge and Roll+1","Glass Knife","Poisoned Stab+1","Dodge and Roll+1","Terror","Caltrops","Noxious Fumes+1","PiercingWail+1","Corpse Explosion","Poisoned Stab+1","Envenom","After Image","Backflip","Backstab+1"],"special_seed":0,"relics":["Ring of the Snake","Juzu Bracelet","Meat on the Bone","Bag of Preparation","Ectoplasm","Red Mask","Matryoshka","Nloth\u0027s Gift","Blood Vial","Molten Egg 2","Bag of Marbles","Vajra","Busted Crown","War Paint","StoneCalendar","Bronze Scales","Letter Opener","Torii"],"potions_floor_usage":[41,46,50,50],"damage_taken":[{"damage":1.0,"enemies":"2 Louse","floor":1.0,"turns":3.0},{"damage":0.0,"enemies":"Small Slimes","floor":4.0,"turns":6.0},{"damage":34.0,"enemies":"Gremlin Nob","floor":7.0,"turns":6.0},{"damage":19.0,"enemies":"3 Sentries","floor":10.0,"turns":8.0},{"damage":0.0,"enemies":"Cultist","floor":14.0,"turns":3.0},{"damage":1.0,"enemies":"The Guardian","floor":16.0,"turns":10.0},{"damage":2.0,"enemies":"3 Byrds","floor":18.0,"turns":4.0},{"damage":9.0,"enemies":"Masked Bandits","floor":19.0,"turns":4.0},{"damage":45.0,"enemies":"Gremlin Leader","floor":24.0,"turns":10.0},{"damage":0.0,"enemies":"Chosen","floor":27.0,"turns":5.0},{"damage":1.0,"enemies":"Centurion and Healer","floor":28.0,"turns":5.0},{"damage":10.0,"enemies":"Slavers","floor":30.0,"turns":6.0},{"damage":48.0,"enemies":"Champ","floor":33.0,"turns":10.0},{"damage":0.0,"enemies":"3 Shapes","floor":35.0,"turns":6.0},{"damage":0.0,"enemies":"3 Darklings","floor":36.0,"turns":3.0},{"damage":0,"enemies":"Transient","floor":39,"turns":5},{"damage":23,"enemies":"Nemesis","floor":41,"turns":7},{"damage":0,"enemies":"Mind Bloom Boss Battle","floor":42,"turns":5},{"damage":0,"enemies":"Jaw Worm Horde","floor":45,"turns":4},{"damage":0,"enemies":"Giant Head","floor":46,"turns":7},{"damage":49,"enemies":"Donu and Deca","floor":50,"turns":6}],"seed_played":"83090267489579628","potions_obtained":[{"floor":3.0,"key":"LiquidBronze"},{"floor":3.0,"key":"Swift Potion"},{"floor":3.0,"key":"Block Potion"},{"floor":10.0,"key":"AttackPotion"},{"floor":18.0,"key":"AttackPotion"},{"floor":28.0,"key":"SkillPotion"},{"floor":30.0,"key":"LiquidBronze"},{"floor":33.0,"key":"Regen Potion"},{"floor":36.0,"key":"Block Potion"},{"floor":39,"key":"GamblersBrew"},{"floor":41,"key":"LiquidBronze"}],"is_trial":false,"path_per_floor":["M","?","?","M","?","R","E","R","T","E","R","$","?","M","R","B",null,"M","?","?","?","?","R","E","R","T","M","M","$","E","?","R","B",null,"M","M","?","?","M","R","E","?","T","R","M","E","?","?","R","B",null],"character_chosen":"THE_SILENT","items_purchased":["Footwork","Bouncing Flask","Bane","Dodge and Roll","Noxious Fumes","PiercingWail"],"campfire_rested":3,"item_purchase_floors":[12,12,12,12,29,29],"current_hp_per_floor":[62,62,62,62,62,62,28,49,49,42,42,42,31,43,43,42,63,61,52,52,52,52,52,19,40,40,42,43,43,47,47,47,13,56,58,60,60,60,62,62,41,43,43,64,66,68,68,68,68,39],"gold":41,"neow_bonus":"RANDOM_COMMON_RELIC","is_prod":false,"is_daily":false,"chose_seed":false,"campfire_upgraded":7,"win_rate":0,"timestamp":1546514041,"path_taken":["M","?","?","M","?","R","E","R","T","E","R","?","?","M","R","BOSS","M","?","?","?","?","R","E","R","T","M","M","$","E","?","R","BOSS","M","M","?","?","M","R","E","?","T","R","M","E","?","?","R","BOSS"],"build_version":"2018-12-20","purchased_purges":1,"victory":true,"max_hp_per_floor":[70,70,70,70,70,70,70,70,70,70,70,70,70,70,70,70,70,70,70,70,70,70,70,70,70,70,70,70,70,70,70,70,70,70,70,70,70,70,70,70,70,70,70,70,70,70,70,70,70,70],"card_choices":[{"not_picked":["Flying Knee","Acrobatics"],"picked":"Backflip","floor":1.0},{"not_picked":["Outmaneuver","Finisher"],"picked":"Dagger Spray","floor":4.0},{"not_picked":["Bane","All Out Attack"],"picked":"Quick Slash","floor":7.0},{"not_picked":["Slice","Outmaneuver","Predator"],"picked":"SKIP","floor":10.0},{"not_picked":["Bane","Distraction","Quick Slash"],"picked":"SKIP","floor":14.0},{"not_picked":["Doppelganger","Unload"],"picked":"Glass Knife","floor":16.0},{"not_picked":["Tactician+1","Riddle With Holes"],"picked":"Poisoned Stab+1","floor":18.0},{"not_picked":["Sucker Punch+1","Infinite Blades+1"],"picked":"Dodge and Roll+1","floor":24.0},{"not_picked":["Tactician","Choke+1"],"picked":"Terror","floor":27.0},{"not_picked":["Dodge and Roll","Cloak And Dagger"],"picked":"Caltrops","floor":28.0},{"not_picked":["Choke+1","Slice+1"],"picked":"Corpse Explosion","floor":30.0},{"not_picked":["Malaise","Die Die Die+1"],"picked":"After Image","floor":33.0},{"not_picked":["Flying Knee+1"],"picked":"SKIP","floor":35.0},{"not_picked":["Dagger Throw+1"],"picked":"SKIP","floor":36.0},{"not_picked":[],"picked":"Backflip","floor":39},{"not_picked":["Quick Slash+1"],"picked":"SKIP","floor":41},{"not_picked":[],"picked":"Backstab+1","floor":42},{"not_picked":["Flying Knee+1"],"picked":"SKIP","floor":45},{"not_picked":["Underhanded Strike+1"],"picked":"SKIP","floor":46}],"player_experience":644317,"relics_obtained":[{"floor":7.0,"key":"Gremlin Horn"},{"floor":9.0,"key":"Meat on the Bone"},{"floor":10.0,"key":"Bag of Preparation"},{"floor":19.0,"key":"Red Mask"},{"floor":24.0,"key":"Blood Vial"},{"floor":26.0,"key":"Molten Egg 2"},{"floor":26.0,"key":"Bag of Marbles"},{"floor":30.0,"key":"Vajra"},{"floor":41,"key":"War Paint"},{"floor":42,"key":"StoneCalendar"},{"floor":43,"key":"Bronze Scales"},{"floor":43,"key":"Letter Opener"},{"floor":46,"key":"Torii"}],"event_choices":[{"cards_removed":["Strike_G"],"damage_healed":0.0,"max_hp_gain":0.0,"max_hp_loss":0.0,"gold_gain":0.0,"event_name":"The Cleric","player_choice":"Card Removal","floor":2.0,"gold_loss":50.0,"damage_taken":0.0},{"damage_healed":0.0,"max_hp_gain":0.0,"max_hp_loss":0.0,"gold_gain":0.0,"event_name":"Lab","player_choice":"Got Potions","floor":3.0,"gold_loss":0.0,"damage_taken":0.0},{"cards_removed":["Defend_G"],"damage_healed":0.0,"max_hp_gain":0.0,"max_hp_loss":0.0,"gold_gain":0.0,"event_name":"Bonfire Elementals","player_choice":"Offered Basic","floor":5.0,"gold_loss":0.0,"damage_taken":0.0},{"damage_healed":0.0,"max_hp_gain":0.0,"max_hp_loss":0.0,"gold_gain":75.0,"event_name":"World of Goop","player_choice":"Gather Gold","floor":13.0,"gold_loss":0.0,"damage_taken":11.0},{"damage_healed":0.0,"max_hp_gain":0.0,"max_hp_loss":0.0,"gold_gain":0.0,"event_name":"Masked Bandits","player_choice":"Fought Bandits","floor":19.0,"gold_loss":0.0,"damage_taken":0.0},{"damage_healed":0.0,"max_hp_gain":0.0,"max_hp_loss":0.0,"gold_gain":0.0,"event_name":"WeMeetAgain","player_choice":"Gave Potion","floor":20.0,"gold_loss":0.0,"damage_taken":0.0,"relics_obtained":["Matryoshka"]},{"damage_healed":0.0,"max_hp_gain":0.0,"max_hp_loss":0.0,"gold_gain":0.0,"event_name":"N\u0027loth","player_choice":"Traded Relic","floor":21.0,"relics_lost":["Gremlin Horn"],"gold_loss":0.0,"damage_taken":0.0,"relics_obtained":["Nloth\u0027s Gift"]},{"damage_healed":0.0,"max_hp_gain":0.0,"max_hp_loss":0.0,"gold_gain":0.0,"event_name":"Cursed Tome","player_choice":"Ignored","floor":22.0,"gold_loss":0.0,"damage_taken":0.0},{"damage_healed":0.0,"max_hp_gain":0.0,"max_hp_loss":0.0,"gold_gain":0.0,"cards_transformed":["Strike_G","Strike_G"],"event_name":"Drug Dealer","player_choice":"Became Test Subject","floor":31.0,"gold_loss":0.0,"damage_taken":0.0,"cards_obtained":["Poisoned Stab","Envenom"]},{"damage_healed":0,"gold_gain":0,"player_choice":"Ignored","damage_taken":0,"max_hp_gain":0,"max_hp_loss":0,"event_name":"Mysterious Sphere","floor":37,"gold_loss":0},{"damage_healed":0,"gold_gain":0,"player_choice":"Memory 1","damage_taken":0,"max_hp_gain":0,"max_hp_loss":0,"event_name":"SensoryStone","floor":38,"gold_loss":0},{"damage_healed":0,"gold_gain":0,"player_choice":"Fight","damage_taken":0,"max_hp_gain":0,"max_hp_loss":0,"event_name":"MindBloom","floor":42,"gold_loss":0},{"cards_removed":["Strike_G"],"damage_healed":0,"gold_gain":0,"player_choice":"Purged","damage_taken":0,"max_hp_gain":0,"max_hp_loss":0,"event_name":"Purifier","floor":47,"gold_loss":0},{"damage_healed":0,"gold_gain":100,"player_choice":"Pray","damage_taken":0,"max_hp_gain":0,"max_hp_loss":0,"event_name":"Golden Shrine","floor":48,"gold_loss":0}],"is_beta":false,"boss_relics":[{"not_picked":["Astrolabe","Coffee Dripper"],"picked":"Ectoplasm"},{"not_picked":["Snecko Eye","Runic Dome"],"picked":"Busted Crown"}],"items_purged_floors":[29],"is_endless":false,"potions_floor_spawned":[4,10,18,28,30,33,36,39,41,42],"ascension_level":8}