{"gold_per_floor":[109,34,34,51,68,128,128,128,155,82,92,92,106,125,125,202,202,215,215,215,235,36,36,70,70,70,70,102,502,521,521,521,521],"floor_reached":33,"playtime":10981,"items_purged":["Strike_G"],"score":481,"play_id":"d7463c66-5023-4978-873b-068fade494ab","local_time":"20190718151111","is_ascension_mode":true,"campfire_choices":[{"data":"Crippling Poison","floor":7.0,"key":"SMITH"},{"data":"Noxious Fumes","floor":12.0,"key":"SMITH"},{"floor":15.0,"key":"REST"},{"data":"Noxious Fumes","floor":23.0,"key":"SMITH"},{"data":"Catalyst","floor":27.0,"key":"SMITH"},{"floor":32.0,"key":"REST"}],"neow_cost":"NONE","seed_source_timestamp":48613276248915,"circlet_count":0,"master_deck":["AscendersBane","Strike_G","Strike_G","Defend_G","Defend_G","Defend_G","Defend_G","Survivor","Neutralize","Distraction","Crippling Poison+1","Bouncing Flask","Noxious Fumes+1","Bullet Time","Deadly Poison+1","Noxious Fumes+1","Backflip","Bullet Time","Catalyst+1","Prepared+1"],"special_seed":0,"relics":["Ring of the Snake","NeowsBlessing","Tiny Chest","Happy Flower","Lizard Tail","TwistedFunnel","Bottled Lightning","Letter Opener","Old Coin","Dodecahedron","Prayer Wheel"],"potions_floor_usage":[33],"damage_taken":[{"damage":0.0,"enemies":"Jaw Worm","floor":1.0,"turns":1.0},{"damage":0.0,"enemies":"Cultist","floor":4.0,"turns":1.0},{"damage":0.0,"enemies":"2 Louse","floor":5.0,"turns":1.0},{"damage":16.0,"enemies":"Lagavulin","floor":6.0,"turns":8.0},{"damage":24.0,"enemies":"Exordium Thugs","floor":11.0,"turns":4.0},{"damage":5.0,"enemies":"Red Slaver","floor":13.0,"turns":4.0},{"damage":2.0,"enemies":"Blue Slaver","floor":14.0,"turns":3.0},{"damage":22.0,"enemies":"Slime Boss","floor":16.0,"turns":10.0},{"damage":16.0,"enemies":"Spheric Guardian","floor":18.0,"turns":4.0},{"damage":5.0,"enemies":"Shell Parasite","floor":21.0,"turns":4.0},{"damage":29.0,"enemies":"Gremlin Leader","floor":24.0,"turns":6.0},{"damage":14.0,"enemies":"Slavers","floor":28.0,"turns":6.0},{"damage":8.0,"enemies":"Colosseum Slavers","floor":29.0,"turns":2.0},{"damage":22.0,"enemies":"Colosseum Nobs","floor":29.0,"turns":4.0},{"damage":0.0,"enemies":"Snake Plant","floor":30.0,"turns":2.0},{"damage":23,"enemies":"Automaton","floor":33,"turns":4}],"seed_played":"-8242377353651133079","potions_obtained":[{"floor":6.0,"key":"SkillPotion"},{"floor":13.0,"key":"EssenceOfSteel"},{"floor":14.0,"key":"Explosive Potion"},{"floor":18.0,"key":"EntropicBrew"},{"floor":21.0,"key":"SkillPotion"},{"floor":28.0,"key":"SpeedPotion"},{"floor":30.0,"key":"Swift Potion"}],"is_trial":false,"path_per_floor":["M","$","?","M","M","E","R","?","T","$","M","R","M","M","R","B",null,"M","?","?","M","$","R","E","$","T","R","E","?","M","?","R","B"],"character_chosen":"THE_SILENT","items_purchased":["Noxious Fumes","TwistedFunnel"],"campfire_rested":2,"item_purchase_floors":[10,22],"current_hp_per_floor":[59,59,59,59,59,43,43,43,43,43,19,19,14,12,31,9,52,36,36,36,31,31,31,2,2,2,2,33,3,3,3,22,0],"gold":521,"neow_bonus":"THREE_ENEMY_KILL","is_prod":false,"is_daily":false,"chose_seed":false,"campfire_upgraded":4,"win_rate":0,"timestamp":1563487871,"path_taken":["M","$","?","M","?","E","R","?","T","?","M","R","M","?","R","BOSS","M","?","?","?","$","R","E","?","T","R","E","?","M","?","R","BOSS"],"build_version":"2019-07-17","purchased_purges":1,"victory":false,"max_hp_per_floor":[66,66,66,66,66,66,66,66,66,66,66,66,66,66,66,66,66,66,66,66,66,66,66,66,66,66,66,66,66,66,66,66,66],"card_choices":[{"not_picked":["Slice","Dodge and Roll","Finisher"],"picked":"SKIP","floor":1.0},{"not_picked":["Predator","Footwork"],"picked":"Distraction","floor":4.0},{"not_picked":["Concentrate","Underhanded Strike"],"picked":"Crippling Poison","floor":5.0},{"not_picked":["Prepared","Endless Agony"],"picked":"Bouncing Flask","floor":6.0},{"not_picked":["Finisher","Bane","Prepared"],"picked":"SKIP","floor":11.0},{"not_picked":["Sucker Punch","Dagger Spray","Blade Dance"],"picked":"SKIP","floor":13.0},{"not_picked":["Tactician","PiercingWail","Bane"],"picked":"SKIP","floor":14.0},{"not_picked":["Doppelganger","Malaise"],"picked":"Bullet Time","floor":16.0},{"not_picked":["PiercingWail","Dagger Throw"],"picked":"Deadly Poison+1","floor":18.0},{"not_picked":["Quick Slash+1","Poisoned Stab","Bane"],"picked":"SKIP","floor":21.0},{"not_picked":["Bane","Distraction"],"picked":"Catalyst","floor":24.0},{"not_picked":["Deflect","Storm of Steel","Terror"],"picked":"SKIP","floor":28.0},{"not_picked":["Blade Dance+1","PiercingWail"],"picked":"Prepared+1","floor":30.0}],"player_experience":621533,"relics_obtained":[{"floor":6.0,"key":"Tiny Chest"},{"floor":9.0,"key":"Happy Flower"},{"floor":24.0,"key":"Bottled Lightning"},{"floor":28.0,"key":"Letter Opener"},{"floor":29.0,"key":"Old Coin"},{"floor":29.0,"key":"Dodecahedron"}],"event_choices":[{"cards_removed":["Defend_G"],"damage_healed":0.0,"max_hp_gain":0.0,"max_hp_loss":0.0,"gold_gain":0.0,"event_name":"Bonfire Elementals","player_choice":"Offered Basic","floor":3.0,"gold_loss":0.0,"damage_taken":0.0},{"damage_healed":0.0,"max_hp_gain":0.0,"max_hp_loss":0.0,"gold_gain":0.0,"event_name":"Liars Game","player_choice":"Ignored","floor":8.0,"gold_loss":0.0,"damage_taken":0.0},{"damage_healed":0.0,"max_hp_gain":0.0,"max_hp_loss":0.0,"gold_gain":0.0,"cards_transformed":["Strike_G","Strike_G"],"event_name":"Drug Dealer","player_choice":"Became Test Subject","floor":19.0,"gold_loss":0.0,"damage_taken":0.0,"cards_obtained":["Noxious Fumes","Backflip"]},{"damage_healed":0.0,"max_hp_gain":0.0,"max_hp_loss":0.0,"gold_gain":0.0,"event_name":"Duplicator","player_choice":"Copied","floor":20.0,"gold_loss":0.0,"damage_taken":0.0,"cards_obtained":["Bullet Time"]},{"damage_healed":0.0,"max_hp_gain":0.0,"max_hp_loss":0.0,"gold_gain":0.0,"event_name":"Colosseum","player_choice":"Fight","floor":29.0,"gold_loss":0.0,"damage_taken":0.0},{"damage_healed":0.0,"max_hp_gain":0.0,"max_hp_loss":0.0,"gold_gain":0.0,"event_name":"Colosseum","player_choice":"Fought Nobs","floor":29.0,"gold_loss":0.0,"damage_taken":0.0},{"damage_healed":0.0,"max_hp_gain":0.0,"max_hp_loss":0.0,"gold_gain":0.0,"event_name":"The Mausoleum","player_choice":"Opened","floor":31.0,"gold_loss":0.0,"damage_taken":0.0,"relics_obtained":["Prayer Wheel"]}],"is_beta":false,"boss_relics":[{"not_picked":["Fusion Hammer","WristBlade"],"picked":"Lizard Tail"}],"items_purged_floors":[2],"is_endless":false,"potions_floor_spawned":[6,13,14,18,21,28,30],"killed_by":"Automaton","ascension_level":14}