{"gold_per_floor":[217,167,13,24,40,67,86,97,97,97,431,431,431,446,446,446],"floor_reached":16,"playtime":530,"items_purged":[],"score":118,"play_id":"4e7a558e-cd17-49a1-b955-dbf391ad5d51","local_time":"20190615132430","is_ascension_mode":true,"campfire_choices":[{"data":"Catalyst","floor":10,"key":"SMITH"},{"data":"Neutralize","floor":15,"key":"SMITH"}],"neow_cost":"NONE","seed_source_timestamp":12852092215384,"circlet_count":0,"master_deck":["Defend_G","Defend_G","Defend_G","Defend_G","Defend_G","Strike_G","Strike_G","Strike_G","Strike_G","Survivor","Neutralize+1","Deadly Poison","Footwork","Backstab","Catalyst+1","Crippling Poison+1","Predator+1"],"special_seed":0,"relics":["Ring of the Snake","Bag of Preparation","Molten Egg 2","The Specimen","Old Coin"],"potions_floor_usage":[16],"damage_taken":[{"damage":3.0,"enemies":"Jaw Worm","floor":1.0,"turns":4.0},{"damage":2,"enemies":"Small Slimes","floor":4,"turns":4},{"damage":0,"enemies":"2 Louse","floor":5,"turns":2},{"damage":18,"enemies":"3 Sentries","floor":6,"turns":12},{"damage":7,"enemies":"Exordium Thugs","floor":7,"turns":7},{"damage":3,"enemies":"Looter","floor":8,"turns":3},{"damage":4,"enemies":"Lagavulin","floor":11,"turns":5},{"damage":5,"enemies":"Red Slaver","floor":14,"turns":2},{"damage":42,"enemies":"Slime Boss","floor":16,"turns":9}],"seed_played":"301818753363982406","potions_obtained":[{"floor":4,"key":"SmokeBomb"},{"floor":5,"key":"Ancient Potion"},{"floor":6,"key":"Swift Potion"}],"is_trial":false,"path_per_floor":["M","?","$","M","M","E","M","M","T","R","E","?","?","M","R","B"],"character_chosen":"THE_SILENT","items_purchased":["Bag of Preparation"],"campfire_rested":0,"item_purchase_floors":[3],"current_hp_per_floor":[67,67,67,65,65,47,40,37,37,37,33,38,38,33,33,0],"gold":446,"neow_bonus":"HUNDRED_GOLD","is_prod":false,"is_daily":false,"chose_seed":false,"campfire_upgraded":2,"win_rate":0,"timestamp":1560594270,"path_taken":["M","?","$","M","M","E","M","M","T","R","E","?","?","?","R","BOSS"],"build_version":"2019-01-23","purchased_purges":0,"victory":false,"max_hp_per_floor":[70,70,70,70,70,70,70,70,70,70,70,75,75,75,75,75],"card_choices":[{"not_picked":["Sucker Punch","Leg Sweep"],"picked":"Deadly Poison","floor":1.0},{"not_picked":["Flying Knee","Finisher"],"picked":"Footwork","floor":4},{"not_picked":["Dagger Spray","Calculated Gamble"],"picked":"Backstab","floor":5},{"not_picked":["Sucker Punch","Bullet Time"],"picked":"Catalyst","floor":6},{"not_picked":["Poisoned Stab+1","Prepared"],"picked":"Crippling Poison","floor":7},{"not_picked":["Slice+1","Masterful Stab+1"],"picked":"Predator+1","floor":8},{"not_picked":["Acrobatics","Deflect","Prepared"],"picked":"SKIP","floor":11},{"not_picked":["Deadly Poison","Prepared","Slice+1"],"picked":"SKIP","floor":14}],"player_experience":976689,"relics_obtained":[{"floor":6,"key":"Molten Egg 2"},{"floor":9,"key":"The Specimen"},{"floor":11,"key":"Old Coin"}],"event_choices":[{"cards_removed":["Strike_G"],"damage_healed":0,"gold_gain":0,"player_choice":"Card Removal","damage_taken":0,"max_hp_gain":0,"max_hp_loss":0,"event_name":"The Cleric","floor":2,"gold_loss":50},{"damage_healed":0,"gold_gain":0,"player_choice":"Donut","damage_taken":0,"max_hp_gain":5,"max_hp_loss":0,"event_name":"Big Fish","floor":12,"gold_loss":0},{"damage_healed":0,"gold_gain":0,"player_choice":"Grow","damage_taken":0,"max_hp_gain":0,"max_hp_loss":0,"event_name":"Living Wall","floor":13,"gold_loss":0,"cards_upgraded":["Crippling Poison"]}],"is_beta":false,"boss_relics":[],"items_purged_floors":[],"is_endless":false,"potions_floor_spawned":[4,5,6],"killed_by":"Slime Boss","ascension_level":1}