{"gold_per_floor":[119,131,150,169,180,205,28,28,105,105,105,105,126,139,139,139],"floor_reached":16,"playtime":1763,"items_purged":[],"score":104,"play_id":"eca8cfe2-98f0-404d-b875-1d5b413cc46b","local_time":"20180719215845","is_ascension_mode":false,"campfire_choices":[{"data":"Whirlwind","floor":10,"key":"SMITH"},{"floor":12,"key":"REST"},{"data":"Flex","floor":15,"key":"SMITH"}],"neow_cost":"","seed_source_timestamp":2956431601232,"circlet_count":0,"master_deck":["Strike_R","Strike_R","Strike_R","Strike_R","Strike_R","Defend_R","Defend_R","Defend_R","Defend_R","Bash","Headbutt","Clash","Thunderclap","Feed","Second Wind","Whirlwind+1","Master of Strategy","Thunderclap","Flex+1"],"relics":["Burning Blood","Orichalcum","Calipers","Question Card","Golden Idol"],"potions_floor_usage":[6,16,16],"damage_taken":[{"damage":11,"enemies":"Jaw Worm","floor":1,"turns":4},{"damage":0,"enemies":"Small Slimes","floor":2,"turns":3},{"damage":0,"enemies":"2 Louse","floor":3,"turns":2},{"damage":4,"enemies":"2 Fungi Beasts","floor":4,"turns":3},{"damage":29,"enemies":"Gremlin Gang","floor":5,"turns":5},{"damage":49,"enemies":"Lagavulin","floor":6,"turns":7},{"damage":10,"enemies":"Looter","floor":13,"turns":3},{"damage":0,"enemies":"Large Slime","floor":14,"turns":3},{"damage":39,"enemies":"The Guardian","floor":16,"turns":8}],"seed_played":"-8419335782999813974","potions_obtained":[{"floor":2,"key":"AttackPotion"},{"floor":4,"key":"BloodPotion"},{"floor":6,"key":"SteroidPotion"}],"is_trial":false,"path_per_floor":["M","M","M","M","M","E","$","?","T","R","?","R","M","M","R"],"character_chosen":"IRONCLAD","items_purchased":["Master of Strategy"],"campfire_rested":1,"item_purchase_floors":[7],"current_hp_per_floor":[75,80,80,80,60,28,28,10,10,10,10,34,33,39,39,0],"gold":139,"neow_bonus":"","is_prod":false,"is_daily":false,"chose_seed":false,"campfire_upgraded":2,"win_rate":0.0,"timestamp":1532001525,"path_taken":["M","M","M","M","M","E","$","?","T","R","?","R","M","?","R","BOSS"],"build_version":"2018-07-12","purchased_purges":0,"victory":false,"max_hp_per_floor":[80,80,80,80,83,86,86,86,86,86,80,80,83,83,83,83],"card_choices":[{"not_picked":["Warcry","Pummel"],"picked":"Headbutt","floor":1},{"not_picked":["Pommel Strike","Entrench"],"picked":"Clash","floor":2},{"not_picked":["Warcry","Pommel Strike"],"picked":"Thunderclap","floor":3},{"not_picked":["Corruption","Pommel Strike"],"picked":"Feed","floor":4},{"not_picked":["Clothesline","Shrug It Off"],"picked":"Second Wind","floor":5},{"not_picked":["Anger","Pommel Strike"],"picked":"Whirlwind","floor":6},{"not_picked":["True Grit","Body Slam","Infernal Blade"],"picked":"Thunderclap","floor":13},{"not_picked":["Thunderclap","Entrench","Shrug It Off"],"picked":"Flex","floor":14}],"player_experience":0,"relics_obtained":[{"floor":6,"key":"Orichalcum"},{"floor":9,"key":"Question Card"}],"event_choices":[{"event_name":"Scrap Ooze","player_choice":"success","floor":8,"damage_taken":18},{"event_name":"Golden Idol","player_choice":"Lose Max HP","floor":11,"damage_taken":0}],"boss_relics":[],"items_purged_floors":[],"is_endless":false,"potions_floor_spawned":[2,4,6],"killed_by":"The Guardian","ascension_level":0}