{"gold_per_floor":[116,134,134,63,73,108,108,122,145,145,180,190,170,185,185,290,290,308,407,439,449,137,137,153,153,153,153,168,180,208,225,225,225],"floor_reached":33,"playtime":2259,"items_purged":[],"score":360,"play_id":"d1b76e6d-3800-477f-90fc-3735b9633a83","local_time":"20190722230913","is_ascension_mode":true,"campfire_choices":[{"data":"Crippling Poison","floor":7,"key":"SMITH"},{"data":"Caltrops","floor":10,"key":"SMITH"},{"floor":15,"key":"REST"},{"data":"Footwork","floor":23,"key":"SMITH"},{"data":"Glass Knife","floor":25,"key":"SMITH"},{"floor":27,"key":"REST"},{"floor":32,"key":"REST"}],"neow_cost":"NONE","seed_source_timestamp":42650701213777,"circlet_count":0,"master_deck":["Strike_G","Strike_G","Strike_G","Strike_G","Strike_G","Defend_G","Defend_G","Defend_G","Defend_G","Defend_G","Survivor","Neutralize","Dramatic Entrance","Dagger Spray","Cloak And Dagger","Caltrops+1","Crippling Poison+1","Dodge and Roll","Quick Slash","PiercingWail","Endless Agony","Infinite Blades","Glass Knife+1","Escape Plan","Flying Knee","Backflip","Dodge and Roll+1","Leg Sweep","Footwork+1","Footwork+1","Backflip","Backflip","Slice+1","Acrobatics","PiercingWail"],"relics":["Ring of the Snake","Snake Skull","PreservedInsect","Dream Catcher","Orrery","Red Mask","Ornamental Fan","Shuriken","Letter Opener"],"potions_floor_usage":[11,20,20,33],"damage_taken":[{"damage":0,"enemies":"Small Slimes","floor":1,"turns":2},{"damage":0,"enemies":"2 Louse","floor":2,"turns":2},{"damage":0,"enemies":"Cultist","floor":5,"turns":4},{"damage":29,"enemies":"Gremlin Nob","floor":6,"turns":5},{"damage":1,"enemies":"Blue Slaver","floor":8,"turns":4},{"damage":4,"enemies":"3 Sentries","floor":11,"turns":5},{"damage":2,"enemies":"Exordium Thugs","floor":12,"turns":4},{"damage":3,"enemies":"Looter","floor":14,"turns":2},{"damage":27,"enemies":"The Guardian","floor":16,"turns":14},{"damage":0,"enemies":"3 Byrds","floor":18,"turns":4},{"damage":19,"enemies":"Masked Bandits","floor":20,"turns":4},{"damage":1,"enemies":"Chosen","floor":21,"turns":5},{"damage":8,"enemies":"Snake Plant","floor":24,"turns":6},{"damage":11,"enemies":"Snecko","floor":28,"turns":6},{"damage":1,"enemies":"Centurion and Healer","floor":29,"turns":9},{"damage":13,"enemies":"Gremlin Leader","floor":30,"turns":7},{"damage":28,"enemies":"Cultist and Chosen","floor":31,"turns":7},{"damage":47,"enemies":"Collector","floor":33,"turns":6}],"seed_played":"-8804319945773524851","potions_obtained":[{"floor":1,"key":"GhostInAJar"},{"floor":6,"key":"Block Potion"},{"floor":11,"key":"EssenceOfSteel"},{"floor":13,"key":"GhostInAJar"},{"floor":24,"key":"FearPotion"},{"floor":28,"key":"SmokeBomb"}],"is_trial":false,"path_per_floor":["M","M","?","$","M","E","R","M","T","R","E","M","?","M","R","B",null,"M","?","?","M","$","R","M","R","T","R","M","M","E","M","R","B"],"character_chosen":"THE_SILENT","items_purchased":["Caltrops","Footwork","Ornamental Fan"],"campfire_rested":3,"item_purchase_floors":[4,22,22],"current_hp_per_floor":[70,70,75,75,75,46,46,45,45,45,41,39,39,36,58,31,75,75,75,56,55,55,55,47,47,47,69,58,57,44,16,38,0],"gold":225,"neow_bonus":"RANDOM_COLORLESS","is_prod":false,"is_daily":false,"chose_seed":false,"campfire_upgraded":4,"win_rate":0,"timestamp":1563829753,"path_taken":["M","M","?","$","M","E","R","M","T","R","E","M","?","M","R","BOSS","M","?","?","M","$","R","M","R","T","R","M","M","E","?","R","BOSS"],"build_version":"2019-07-17","purchased_purges":0,"victory":false,"max_hp_per_floor":[70,70,75,75,75,75,75,75,75,75,75,75,75,75,75,75,75,75,75,75,75,75,75,75,75,75,75,75,75,75,75,75,75],"card_choices":[{"not_picked":["Outmaneuver","Acrobatics"],"picked":"Dagger Spray","floor":1},{"not_picked":["Setup","Dagger Throw"],"picked":"Cloak And Dagger","floor":2},{"not_picked":["Dodge and Roll","Dagger Spray"],"picked":"Crippling Poison","floor":5},{"not_picked":["Bane","Grand Finale"],"picked":"Dodge and Roll","floor":6},{"not_picked":["Finisher","Dagger Throw"],"picked":"Quick Slash","floor":8},{"not_picked":["Sucker Punch","Wraith Form v2"],"picked":"PiercingWail","floor":11},{"not_picked":["Acrobatics","Outmaneuver"],"picked":"Endless Agony","floor":12},{"not_picked":["Sucker Punch","Concentrate"],"picked":"Infinite Blades","floor":14},{"not_picked":["Malaise","Phantasmal Killer"],"picked":"Glass Knife","floor":16},{"not_picked":["Dagger Throw","Leg Sweep"],"picked":"Escape Plan","floor":17},{"not_picked":["Prepared","Dagger Spray"],"picked":"Flying Knee","floor":17},{"not_picked":["Flying Knee","Dash"],"picked":"Backflip","floor":17},{"not_picked":["Concentrate","Cloak And Dagger"],"picked":"Dodge and Roll+1","floor":18},{"not_picked":["PiercingWail","Distraction"],"picked":"Leg Sweep","floor":20},{"not_picked":["Cloak And Dagger","Glass Knife"],"picked":"Footwork+1","floor":21},{"not_picked":["Bane","Acrobatics"],"picked":"Backflip","floor":24},{"not_picked":["Infinite Blades","Expertise"],"picked":"Backflip","floor":28},{"not_picked":["Expertise","Underhanded Strike"],"picked":"Slice+1","floor":29},{"not_picked":["Crippling Poison","Dodge and Roll+1"],"picked":"Acrobatics","floor":30},{"not_picked":["Dagger Throw","PiercingWail","Distraction"],"picked":"SKIP","floor":31},{"not_picked":["Quick Slash","Calculated Gamble+1"],"picked":"PiercingWail","floor":32}],"player_experience":570284,"relics_obtained":[{"floor":6,"key":"Snake Skull"},{"floor":9,"key":"PreservedInsect"},{"floor":11,"key":"Dream Catcher"},{"floor":20,"key":"Red Mask"},{"floor":26,"key":"Shuriken"},{"floor":30,"key":"Letter Opener"}],"event_choices":[{"damage_healed":0,"gold_gain":0,"player_choice":"Donut","damage_taken":0,"max_hp_gain":5,"max_hp_loss":0,"event_name":"Big Fish","floor":3,"gold_loss":0},{"damage_healed":0,"gold_gain":0,"player_choice":"Bought 1 Potion","damage_taken":0,"max_hp_gain":0,"max_hp_loss":0,"event_name":"The Woman in Blue","floor":13,"gold_loss":0},{"damage_healed":0,"gold_gain":99,"player_choice":"Stole From Cult","damage_taken":0,"max_hp_gain":0,"max_hp_loss":0,"event_name":"Nest","floor":19,"gold_loss":0},{"damage_healed":0,"gold_gain":0,"player_choice":"Fought Bandits","damage_taken":0,"max_hp_gain":0,"max_hp_loss":0,"event_name":"Masked Bandits","floor":20,"gold_loss":0}],"is_beta":false,"boss_relics":[{"not_picked":["Astrolabe","Lizard Tail"],"picked":"Orrery"}],"items_purged_floors":[],"is_endless":false,"potions_floor_spawned":[1,6,11,14,18,24,28],"killed_by":"Collector","ascension_level":4}