{"gold_per_floor":[118,138,413,430,430,430,35,35,35,35,62,74,92,104,104,179,179,190,208],"floor_reached":19,"playtime":628,"items_purged":["Regret"],"score":291,"play_id":"cba7b313-4c64-4bab-bdf3-ad968a8e09bf","local_time":"20181219005721","is_ascension_mode":true,"campfire_choices":[{"data":"Uppercut","floor":6,"key":"SMITH"},{"data":"Inflame","floor":8,"key":"SMITH"},{"data":"Iron Wave","floor":10,"key":"SMITH"},{"data":"Flame Barrier","floor":15,"key":"SMITH"}],"neow_cost":"NONE","seed_source_timestamp":62756942032347,"circlet_count":0,"master_deck":["AscendersBane","Bash","Iron Wave+1","Uppercut+1","Inflame+1","Heavy Blade","Pommel Strike","Flame Barrier+1","Feed","Reaper","Impervious","Sentinel","Rupture","Whirlwind","Headbutt","Combust","Whirlwind"],"relics":["Burning Blood","Pear","Kunai","Strawberry","Bag of Preparation","Pandora\u0027s Box"],"potions_floor_usage":[],"damage_taken":[{"damage":2,"enemies":"Small Slimes","floor":1,"turns":5},{"damage":6,"enemies":"Cultist","floor":2,"turns":4},{"damage":2,"enemies":"2 Louse","floor":4,"turns":3},{"damage":27,"enemies":"Lagavulin","floor":11,"turns":6},{"damage":8,"enemies":"Red Slaver","floor":12,"turns":3},{"damage":14,"enemies":"Gremlin Gang","floor":13,"turns":6},{"damage":4,"enemies":"Blue Slaver","floor":14,"turns":4},{"damage":25,"enemies":"The Guardian","floor":16,"turns":13},{"damage":34,"enemies":"2 Thieves","floor":18,"turns":5},{"damage":25,"enemies":"Shell Parasite","floor":19,"turns":7}],"seed_played":"-7245686264105723679","potions_obtained":[{"floor":1,"key":"PowerPotion"},{"floor":2,"key":"Regen Potion"}],"is_trial":false,"path_per_floor":["M","M","?","M","T","R","$","R","T","R","E","M","M","M","R","B",null,"M","M"],"character_chosen":"IRONCLAD","items_purchased":["Kunai","Inflame"],"campfire_rested":0,"item_purchase_floors":[7,7],"current_hp_per_floor":[72,72,72,75,85,85,85,85,92,92,71,69,61,63,63,44,80,59,40],"gold":208,"neow_bonus":"REMOVE_CARD","is_prod":false,"is_daily":false,"chose_seed":false,"campfire_upgraded":4,"win_rate":0,"timestamp":1545170241,"path_taken":["M","M","?","?","?","R","$","R","T","R","E","?","M","M","R","BOSS","M","M"],"build_version":"2018-12-13","purchased_purges":1,"victory":false,"max_hp_per_floor":[75,75,75,75,85,85,85,85,92,92,92,92,92,92,92,92,92,92,92],"card_choices":[{"not_picked":["Feel No Pain","True Grit"],"picked":"Iron Wave","floor":1},{"not_picked":["Havoc","Shockwave"],"picked":"Uppercut","floor":2},{"not_picked":["Second Wind","Anger","Uppercut"],"picked":"SKIP","floor":4},{"not_picked":["Intimidate","Second Wind"],"picked":"Heavy Blade","floor":11},{"not_picked":["Entrench","Wild Strike"],"picked":"Pommel Strike","floor":12},{"not_picked":["Uppercut","Rampage","Blood for Blood"],"picked":"SKIP","floor":13},{"not_picked":["Armaments","Infernal Blade"],"picked":"Flame Barrier","floor":14},{"not_picked":["Offering","Dark Embrace"],"picked":"Feed","floor":16},{"not_picked":["Infernal Blade","Pommel Strike","Clothesline"],"picked":"SKIP","floor":18}],"player_experience":593913,"relics_obtained":[{"floor":5,"key":"Pear"},{"floor":9,"key":"Strawberry"},{"floor":11,"key":"Bag of Preparation"}],"event_choices":[{"damage_healed":0,"gold_gain":275,"player_choice":"Desecrate","damage_taken":0,"max_hp_gain":0,"max_hp_loss":0,"event_name":"Golden Shrine","floor":3,"gold_loss":0,"cards_obtained":["Regret"]}],"is_beta":false,"boss_relics":[{"not_picked":["Black Blood","Tiny House"],"picked":"Pandora\u0027s Box"}],"items_purged_floors":[7],"is_endless":false,"potions_floor_spawned":[1,2,4,12,16,19],"killed_by":"Shell Parasite","ascension_level":14}