{"gold_per_floor":[119,129,140,140,156,156,186,186,186,204,129,129],"floor_reached":12,"playtime":542,"items_purged":[],"score":156,"play_id":"89474413-0d76-4c83-b24e-e17a5769412a","local_time":"20190727111016","is_ascension_mode":true,"campfire_choices":[{"data":"Tactician","floor":6,"key":"SMITH"},{"data":"Blur","floor":8,"key":"SMITH"}],"neow_cost":"NONE","seed_source_timestamp":3615128455035,"circlet_count":0,"master_deck":["AscendersBane","Strike_G","Strike_G","Strike_G","Strike_G","Defend_G","Defend_G","Defend_G","Defend_G","Defend_G","Survivor","Neutralize","Well Laid Plans","Tactician+1","Blur+1","Quick Slash","Dagger Spray","Grand Finale"],"relics":["Ring of the Snake","NeowsBlessing","Happy Flower","Art of War"],"potions_floor_usage":[5,10],"damage_taken":[{"damage":0,"enemies":"2 Louse","floor":1,"turns":1},{"damage":0,"enemies":"Cultist","floor":2,"turns":1},{"damage":0,"enemies":"Small Slimes","floor":3,"turns":2},{"damage":13,"enemies":"3 Louse","floor":5,"turns":6},{"damage":31,"enemies":"3 Sentries","floor":7,"turns":19},{"damage":6,"enemies":"Large Slime","floor":10,"turns":10},{"damage":9,"enemies":"Lagavulin","floor":12,"turns":3}],"seed_played":"5464871221535762276","potions_obtained":[{"floor":1,"key":"Weak Potion"},{"floor":3,"key":"Energy Potion"},{"floor":5,"key":"GhostInAJar"}],"is_trial":false,"path_per_floor":["M","M","M","?","M","R","E","R","T","M","?","E"],"character_chosen":"THE_SILENT","items_purchased":[],"campfire_rested":0,"item_purchase_floors":[],"current_hp_per_floor":[59,59,59,59,46,46,15,15,15,9,9,0],"gold":129,"neow_bonus":"THREE_ENEMY_KILL","is_prod":false,"is_daily":false,"chose_seed":false,"campfire_upgraded":2,"win_rate":0,"timestamp":1564251016,"path_taken":["M","M","M","?","?","R","E","R","T","M","?","E"],"build_version":"2019-07-17","purchased_purges":0,"victory":false,"max_hp_per_floor":[66,66,66,66,66,66,66,66,66,66,66,66],"card_choices":[{"not_picked":["Skewer","Dodge and Roll"],"picked":"Well Laid Plans","floor":1},{"not_picked":["Backflip","Well Laid Plans"],"picked":"Tactician","floor":2},{"not_picked":["PiercingWail","Catalyst"],"picked":"Blur","floor":3},{"not_picked":["Footwork","Well Laid Plans"],"picked":"Quick Slash","floor":5},{"not_picked":["Sucker Punch","Flying Knee"],"picked":"Dagger Spray","floor":7},{"not_picked":["Deadly Poison","Quick Slash"],"picked":"Grand Finale","floor":10}],"player_experience":680243,"relics_obtained":[{"floor":7,"key":"Happy Flower"},{"floor":9,"key":"Art of War"}],"event_choices":[{"cards_removed":["Strike_G"],"damage_healed":0,"gold_gain":0,"player_choice":"Offered Basic","damage_taken":0,"max_hp_gain":0,"max_hp_loss":0,"event_name":"Bonfire Elementals","floor":4,"gold_loss":0},{"damage_healed":0,"gold_gain":0,"player_choice":"Left Gold","damage_taken":0,"max_hp_gain":0,"max_hp_loss":0,"event_name":"World of Goop","floor":11,"gold_loss":75}],"is_beta":false,"boss_relics":[],"items_purged_floors":[],"is_endless":false,"potions_floor_spawned":[1,3,5,7],"killed_by":"Lagavulin","ascension_level":19}