{"gold_per_floor":[110,122,122,135,11,11,26,26,26,53,71,71,81,111,111,213,263,281,291,27,38,38,63,63,63],"floor_reached":25,"playtime":1801,"items_purged":[],"score":375,"play_id":"fe0d4e76-43cc-4453-b227-be0a49605c26","local_time":"20190804024326","is_ascension_mode":true,"campfire_choices":[{"data":"Neutralize","floor":6,"key":"SMITH"},{"data":"Cloak And Dagger","floor":12,"key":"SMITH"},{"floor":15,"key":"REST"},{"floor":24,"key":"REST"}],"neow_cost":"NONE","seed_source_timestamp":608051260360,"circlet_count":0,"master_deck":["AscendersBane","Strike_G","Strike_G","Strike_G","Strike_G","Strike_G","Defend_G","Defend_G+1","Defend_G","Defend_G","Defend_G","Survivor","Neutralize+1","Escape Plan","Slice","Quick Slash","Backstab","Cloak And Dagger+1","Endless Agony","Cloak And Dagger+1","Footwork+1","Footwork","Cloak And Dagger","Malaise","Deflect","Noxious Fumes","Catalyst","Accuracy","Apotheosis","PiercingWail","J.A.X.","PiercingWail"],"relics":["Ring of the Snake","CultistMask","Ornamental Fan","Nunchaku","Bag of Marbles","Tiny House","War Paint"],"potions_floor_usage":[7,10,16,17,23],"damage_taken":[{"damage":9,"enemies":"Jaw Worm","floor":1,"turns":6},{"damage":1,"enemies":"Cultist","floor":2,"turns":5},{"damage":0,"enemies":"2 Louse","floor":4,"turns":3},{"damage":0,"enemies":"Looter","floor":7,"turns":2},{"damage":24,"enemies":"Gremlin Nob","floor":10,"turns":4},{"damage":0,"enemies":"2 Fungi Beasts","floor":11,"turns":3},{"damage":3,"enemies":"Large Slime","floor":13,"turns":6},{"damage":19,"enemies":"Lagavulin","floor":14,"turns":9},{"damage":29,"enemies":"Hexaghost","floor":16,"turns":16},{"damage":2,"enemies":"Shell Parasite","floor":18,"turns":8},{"damage":0,"enemies":"3 Byrds","floor":19,"turns":8},{"damage":40,"enemies":"Snecko","floor":21,"turns":8},{"damage":31,"enemies":"Book of Stabbing","floor":23,"turns":8},{"damage":29,"enemies":"Gremlin Leader","floor":25,"turns":2}],"seed_played":"-3882065372988102673","potions_obtained":[{"floor":1,"key":"AttackPotion"},{"floor":4,"key":"GamblersBrew"},{"floor":7,"key":"Strength Potion"},{"floor":13,"key":"Dexterity Potion"},{"floor":17,"key":"Fruit Juice"},{"floor":21,"key":"Fire Potion"}],"is_trial":false,"path_per_floor":["M","M","?","M","$","R","M","?","T","E","M","R","M","E","R","B",null,"M","M","$","M","?","E","R","E"],"character_chosen":"THE_SILENT","items_purchased":["Backstab","Cloak And Dagger","Accuracy","Apotheosis"],"campfire_rested":2,"item_purchase_floors":[5,5,20,20],"current_hp_per_floor":[61,60,60,60,60,60,60,65,65,41,41,41,38,19,43,14,75,73,73,73,33,33,2,29,0],"gold":63,"neow_bonus":"TEN_PERCENT_HP_BONUS","is_prod":false,"is_daily":false,"chose_seed":false,"campfire_upgraded":2,"win_rate":0,"timestamp":1564879406,"path_taken":["M","M","?","M","?","R","M","?","T","E","M","R","M","E","R","BOSS","M","M","$","M","?","E","R","E"],"build_version":"2019-07-17","purchased_purges":0,"victory":false,"max_hp_per_floor":[77,77,77,77,77,77,77,82,82,82,82,82,82,82,82,82,92,92,92,92,92,92,92,92,92],"card_choices":[{"not_picked":["Masterful Stab","Tactician"],"picked":"Escape Plan","floor":1},{"not_picked":["Quick Slash","Poisoned Stab"],"picked":"Slice","floor":2},{"not_picked":["Underhanded Strike","PiercingWail"],"picked":"Quick Slash","floor":4},{"not_picked":["Phantasmal Killer","Calculated Gamble"],"picked":"Endless Agony","floor":7},{"not_picked":["Sucker Punch","Storm of Steel"],"picked":"Cloak And Dagger","floor":10},{"not_picked":["Dodge and Roll","Finisher"],"picked":"Footwork","floor":11},{"not_picked":["Deadly Poison","Well Laid Plans"],"picked":"Footwork","floor":13},{"not_picked":["Setup","Bane"],"picked":"Cloak And Dagger","floor":14},{"not_picked":["Grand Finale","Night Terror"],"picked":"Malaise","floor":16},{"not_picked":["Dagger Throw","Poisoned Stab"],"picked":"Deflect","floor":17},{"not_picked":["Bane","PiercingWail"],"picked":"Noxious Fumes","floor":18},{"not_picked":["Bane","Quick Slash"],"picked":"Catalyst","floor":19},{"not_picked":["Dodge and Roll","Deflect+1"],"picked":"PiercingWail","floor":21},{"not_picked":["Tactician","Bouncing Flask"],"picked":"PiercingWail","floor":23}],"player_experience":709241,"relics_obtained":[{"floor":9,"key":"Ornamental Fan"},{"floor":10,"key":"Nunchaku"},{"floor":14,"key":"Bag of Marbles"},{"floor":23,"key":"War Paint"}],"event_choices":[{"damage_healed":0,"gold_gain":0,"player_choice":"Trade","damage_taken":0,"relics_obtained":["CultistMask"],"max_hp_gain":0,"max_hp_loss":0,"event_name":"FaceTrader","floor":3,"gold_loss":0},{"damage_healed":0,"gold_gain":0,"player_choice":"Donut","damage_taken":0,"max_hp_gain":5,"max_hp_loss":0,"event_name":"Big Fish","floor":8,"gold_loss":0},{"damage_healed":0,"gold_gain":0,"player_choice":"Obtain J.A.X.","damage_taken":0,"max_hp_gain":0,"max_hp_loss":0,"event_name":"Drug Dealer","floor":22,"gold_loss":0,"cards_obtained":["J.A.X."]}],"is_beta":false,"boss_relics":[{"not_picked":["Velvet Choker","White Beast Statue"],"picked":"Tiny House"}],"items_purged_floors":[],"is_endless":false,"potions_floor_spawned":[1,4,7,13,21],"killed_by":"Gremlin Leader","ascension_level":10}