{"gold_per_floor":[116,126,139,139,68,68,85,99,153,172,206,50,64,96,96,191,191,207,8,28,45,60,94,94,94,94,21,55,55,70,88,88,183,183,197,197,212,137,137,137,148,175,175,175,87,116,116,127,127,127],"floor_reached":50,"playtime":3982,"items_purged":["Strike_B"],"score":741,"play_id":"13161a41-5ad1-48bb-af3b-ab56ee971ae1","local_time":"20190804162202","is_ascension_mode":true,"campfire_choices":[{"data":"Dualcast","floor":6.0,"key":"SMITH"},{"floor":15.0,"key":"REST"},{"data":"Echo Form","floor":24,"key":"SMITH"},{"data":"Coolheaded","floor":29,"key":"SMITH"},{"data":"Defend_B","floor":32,"key":"SMITH"},{"floor":40,"key":"RECALL"},{"data":"Strike_B","floor":44,"key":"PURGE"},{"data":"Heatsinks","floor":49,"key":"SMITH"}],"neow_cost":"NONE","seed_source_timestamp":0,"circlet_count":0,"master_deck":["Strike_B","Defend_B","Defend_B","Defend_B","Defend_B+1","Zap","Dualcast+1","Gash","Ball Lightning","Leap","Self Repair","Reinforced Body","Coolheaded+1","Undo","Loop","Sunder","Echo Form+1","Cold Snap","BootSequence+1","Chill","Leap+1","Genetic Algorithm","Seek","Redo+1","Electrodynamics","White Noise+1","Finesse","Heatsinks+1","Hologram+1","Glacier"],"special_seed":0,"relics":["FrozenCore","Tiny Chest","Blood Vial","PreservedInsect","Bag of Marbles","Coffee Dripper","Bronze Scales","Orichalcum","FaceOfCleric","Shuriken","Symbiotic Virus","Peace Pipe","Potion Belt"],"potions_floor_usage":[23,28,28,30,33,46,50,50],"damage_taken":[{"damage":1.0,"enemies":"Cultist","floor":1.0,"turns":3.0},{"damage":2.0,"enemies":"Jaw Worm","floor":2.0,"turns":3.0},{"damage":0.0,"enemies":"Small Slimes","floor":3.0,"turns":2.0},{"damage":16.0,"enemies":"Exordium Wildlife","floor":7.0,"turns":5.0},{"damage":0.0,"enemies":"Large Slime","floor":8.0,"turns":4.0},{"damage":18.0,"enemies":"3 Louse","floor":10.0,"turns":5.0},{"damage":27.0,"enemies":"Gremlin Nob","floor":11.0,"turns":4.0},{"damage":7.0,"enemies":"Exordium Wildlife","floor":13.0,"turns":3.0},{"damage":13.0,"enemies":"Lagavulin","floor":14.0,"turns":6.0},{"damage":24.0,"enemies":"Hexaghost","floor":16.0,"turns":13.0},{"damage":16,"enemies":"Chosen","floor":18,"turns":5},{"damage":29,"enemies":"2 Thieves","floor":20,"turns":3},{"damage":29,"enemies":"Sentry and Sphere","floor":21,"turns":6},{"damage":20,"enemies":"Snake Plant","floor":22,"turns":4},{"damage":0,"enemies":"Book of Stabbing","floor":23,"turns":5},{"damage":18,"enemies":"Slavers","floor":28,"turns":4},{"damage":0,"enemies":"Snecko","floor":30,"turns":5},{"damage":27,"enemies":"Centurion and Healer","floor":31,"turns":5},{"damage":14,"enemies":"Collector","floor":33,"turns":12},{"damage":0,"enemies":"Orb Walker","floor":35,"turns":4},{"damage":34,"enemies":"3 Darklings","floor":37,"turns":6},{"damage":20,"enemies":"Spire Growth","floor":41,"turns":7},{"damage":21,"enemies":"Nemesis","floor":46,"turns":13},{"damage":11,"enemies":"Sphere and 2 Shapes","floor":48,"turns":9},{"damage":62,"enemies":"Donu and Deca","floor":50,"turns":11}],"seed_played":"8766715405713348540","potions_obtained":[{"floor":3.0,"key":"SneckoOil"},{"floor":4.0,"key":"Fruit Juice"},{"floor":4.0,"key":"EssenceOfSteel"},{"floor":4.0,"key":"Fire Potion"},{"floor":7.0,"key":"Dexterity Potion"},{"floor":14.0,"key":"Weak Potion"},{"floor":21,"key":"Poison Potion"},{"floor":23,"key":"SkillPotion"},{"floor":28,"key":"Poison Potion"},{"floor":31,"key":"SpeedPotion"},{"floor":33,"key":"SpeedPotion"},{"floor":37,"key":"EssenceOfSteel"},{"floor":41,"key":"Poison Potion"},{"floor":46,"key":"SteroidPotion"}],"is_trial":false,"path_per_floor":["M","M","M","?","$","R","M","M","T","M","E","$","M","E","R","B",null,"M","$","M","M","M","E","R","?","T","$","E","R","M","M","R","B",null,"M","$","M","$","?","R","M","T","T","R","$","E","?","M","R","B"],"character_chosen":"DEFECT","items_purchased":["Self Repair","PreservedInsect","Bronze Scales","Cold Snap","Regen Potion","Heatsinks","SpeedPotion"],"campfire_rested":1,"item_purchase_floors":[5,12,19,19,27,45,45],"current_hp_per_floor":[67,65,65,65,65,65,61,68,68,57,37,37,39,35,59,44,71,71,71,51,31,20,29,29,29,29,29,33,33,36,26,26,22,69,85,85,59,59,59,59,49,49,49,49,49,45,45,51,51,0],"gold":127,"neow_bonus":"THREE_CARDS","is_prod":false,"is_daily":false,"chose_seed":false,"campfire_upgraded":5,"win_rate":0,"timestamp":1564953722,"path_taken":["M","?","M","?","$","R","?","M","T","M","E","$","M","E","R","BOSS","M","$","M","M","M","E","R","?","T","?","E","R","M","?","R","BOSS","M","$","M","$","?","R","M","?","T","R","$","E","?","M","R","BOSS"],"build_version":"2019-07-17","purchased_purges":1,"victory":false,"max_hp_per_floor":[75,75,75,75,75,75,80,80,80,80,80,80,80,80,80,80,80,80,80,80,80,80,80,80,80,80,80,81,81,82,83,83,84,84,85,85,86,86,86,86,87,87,87,87,87,88,88,89,89,89],"card_choices":[{"not_picked":["Blizzard","Redo"],"picked":"Gash","floor":0.0},{"not_picked":["FTL","Static Discharge"],"picked":"Ball Lightning","floor":1.0},{"not_picked":["Aggregate","Conserve Battery"],"picked":"Leap","floor":2.0},{"not_picked":["Turbo","Coolheaded","Hologram"],"picked":"SKIP","floor":3.0},{"not_picked":["Stack","Sunder"],"picked":"Reinforced Body","floor":7.0},{"not_picked":["Aggregate","FTL"],"picked":"Coolheaded","floor":8.0},{"not_picked":["Redo","Hologram","Fusion"],"picked":"SKIP","floor":10.0},{"not_picked":["Turbo","Beam Cell"],"picked":"Undo","floor":11.0},{"not_picked":["Coolheaded","Scrape"],"picked":"Loop","floor":13.0},{"not_picked":["Streamline","Redo"],"picked":"Sunder","floor":14.0},{"not_picked":["Machine Learning","Seek"],"picked":"Echo Form","floor":16.0},{"not_picked":["Stack+1","Gash","Conserve Battery"],"picked":"SKIP","floor":18},{"not_picked":["Lockon","Sunder","Hologram"],"picked":"SKIP","floor":20},{"not_picked":["Rebound","Beam Cell"],"picked":"BootSequence+1","floor":21},{"not_picked":["Gash","Sunder"],"picked":"Chill","floor":22},{"not_picked":["Scrape","Streamline+1"],"picked":"Leap+1","floor":23},{"not_picked":["Stack","Sunder+1"],"picked":"Genetic Algorithm","floor":28},{"not_picked":["BootSequence","Aggregate+1"],"picked":"Seek","floor":30},{"not_picked":["BootSequence+1","Beam Cell+1"],"picked":"Redo+1","floor":31},{"not_picked":["Fission","Rainbow"],"picked":"Electrodynamics","floor":33},{"not_picked":["Streamline+1","Rebound","Stack+1"],"picked":"SKIP","floor":35},{"not_picked":["Compile Driver","Cold Snap"],"picked":"White Noise+1","floor":37},{"not_picked":["Forethought","PanicButton"],"picked":"Finesse","floor":39},{"not_picked":["Consume+1","Conserve Battery","Beam Cell"],"picked":"SKIP","floor":41},{"not_picked":["Rebound","Tempest"],"picked":"Hologram+1","floor":46},{"not_picked":["Conserve Battery","Gash"],"picked":"Glacier","floor":48}],"player_experience":613540,"relics_obtained":[{"floor":9.0,"key":"Tiny Chest"},{"floor":11.0,"key":"Blood Vial"},{"floor":14.0,"key":"Bag of Marbles"},{"floor":23,"key":"Orichalcum"},{"floor":26,"key":"Shuriken"},{"floor":28,"key":"Symbiotic Virus"},{"floor":43,"key":"Peace Pipe"},{"floor":46,"key":"Potion Belt"}],"event_choices":[{"damage_healed":0.0,"max_hp_gain":0.0,"max_hp_loss":0.0,"gold_gain":0.0,"event_name":"Lab","player_choice":"Got Potions","floor":4.0,"gold_loss":0.0,"damage_taken":0.0},{"damage_healed":0,"gold_gain":0,"player_choice":"Trade","damage_taken":0,"relics_obtained":["FaceOfCleric"],"max_hp_gain":0,"max_hp_loss":0,"event_name":"FaceTrader","floor":25,"gold_loss":0},{"damage_healed":0,"gold_gain":0,"player_choice":"Memory 1","damage_taken":0,"max_hp_gain":0,"max_hp_loss":0,"event_name":"SensoryStone","floor":39,"gold_loss":0},{"cards_removed":["Strike_B"],"damage_healed":0,"gold_gain":0,"player_choice":"Removed Attack","damage_taken":0,"max_hp_gain":0,"max_hp_loss":0,"event_name":"Falling","floor":47,"gold_loss":0}],"is_beta":false,"boss_relics":[{"not_picked":["Nuclear Battery","Orrery"],"picked":"Coffee Dripper"},{"not_picked":["Runic Dome","Lizard Tail"],"picked":"FrozenCore"}],"items_purged_floors":[38],"is_endless":false,"potions_floor_spawned":[3,7,10,14,21,23,28,31,33,37,41,46],"killed_by":"Donu and Deca","ascension_level":7}