{"gold_per_floor":[99,99,99,99,99,99,99,99,99,99,99,99,99,99,99,99,99,99,99,24,24,24,24],"floor_reached":23,"playtime":7285,"items_purged":[],"score":191,"play_id":"fa63b93c-15b7-4b33-8888-4d713df434f3","local_time":"20181014000931","is_ascension_mode":false,"campfire_choices":[{"floor":7.0,"key":"REST"},{"data":"Neutralize","floor":11.0,"key":"SMITH"},{"data":"Noxious Fumes","floor":15.0,"key":"SMITH"}],"neow_cost":"NONE","seed_source_timestamp":0,"circlet_count":0,"master_deck":["Defend_G","Defend_G","Defend_G","Defend_G","Strike_G","Strike_G","Strike_G","Strike_G","Survivor","Neutralize+1","Noxious Fumes+1","Decay"],"special_seed":0,"relics":["Ectoplasm","Golden Idol","Ornamental Fan","Sundial","Mango","Busted Crown"],"potions_floor_usage":[],"damage_taken":[{"damage":0.0,"enemies":"Jaw Worm","floor":1.0,"turns":6.0},{"damage":0.0,"enemies":"Small Slimes","floor":4.0,"turns":3.0},{"damage":0.0,"enemies":"2 Louse","floor":5.0,"turns":3.0},{"damage":17.0,"enemies":"3 Sentries","floor":6.0,"turns":11.0},{"damage":0.0,"enemies":"Exordium Wildlife","floor":8.0,"turns":3.0},{"damage":6.0,"enemies":"Gremlin Gang","floor":10.0,"turns":5.0},{"damage":6.0,"enemies":"Exordium Thugs","floor":12.0,"turns":7.0},{"damage":19.0,"enemies":"The Guardian","floor":16.0,"turns":10.0},{"damage":0.0,"enemies":"3 Byrds","floor":18.0,"turns":5.0},{"damage":11.0,"enemies":"Colosseum Slavers","floor":19.0,"turns":6.0},{"damage":7.0,"enemies":"2 Thieves","floor":20.0,"turns":5.0},{"damage":66,"enemies":"Gremlin Leader","floor":23,"turns":6}],"seed_played":"3414968103566282090","potions_obtained":[{"floor":5.0,"key":"FearPotion"},{"floor":8.0,"key":"LiquidBronze"},{"floor":10.0,"key":"Poison Potion"},{"floor":16.0,"key":"SkillPotion"},{"floor":18.0,"key":"Poison Potion"}],"is_trial":false,"path_per_floor":["M","?","?","M","M","E","R","M","T","M","R","M","T","?","R","B",null,"M","?","M","?","?"],"character_chosen":"THE_SILENT","items_purchased":[],"campfire_rested":1,"item_purchase_floors":[],"current_hp_per_floor":[70,53,46,46,46,29,50,50,50,44,44,38,52,52,52,33,84,84,73,66,66,66,0],"gold":24,"neow_bonus":"BOSS_RELIC","is_prod":false,"is_daily":false,"chose_seed":false,"campfire_upgraded":2,"win_rate":0,"timestamp":1539500971,"path_taken":["M","?","?","M","M","E","R","M","T","?","R","M","?","?","R","BOSS","M","?","M","?","?","E"],"build_version":"2018-10-11","purchased_purges":0,"victory":false,"max_hp_per_floor":[70,70,70,70,70,70,70,70,70,70,70,70,84,84,84,84,84,84,84,84,84,84,84],"card_choices":[{"not_picked":["Prepared","Calculated Gamble","Outmaneuver"],"picked":"SKIP","floor":1.0},{"not_picked":["Dagger Throw","Skewer","Calculated Gamble"],"picked":"SKIP","floor":4.0},{"not_picked":["Setup","Crippling Poison","All Out Attack"],"picked":"SKIP","floor":5.0},{"not_picked":["Slice","Finisher","Dagger Spray"],"picked":"SKIP","floor":6.0},{"not_picked":["Sucker Punch","Finisher","Bane"],"picked":"SKIP","floor":8.0},{"not_picked":["Eviscerate","Backstab","Flechettes"],"picked":"SKIP","floor":10.0},{"not_picked":["Cloak And Dagger","Bane"],"picked":"Noxious Fumes","floor":12.0},{"not_picked":["Deadly Poison"],"picked":"SKIP","floor":18.0},{"not_picked":["Dagger Spray"],"picked":"SKIP","floor":20.0}],"player_experience":375489,"relics_obtained":[{"floor":6.0,"key":"Ornamental Fan"},{"floor":9.0,"key":"Sundial"},{"floor":13.0,"key":"Mango"}],"event_choices":[{"event_name":"Golden Idol","player_choice":"Take Damage","floor":2.0,"damage_taken":0.0},{"event_name":"Golden Wing","player_choice":"Card Removal","floor":3.0,"damage_taken":0.0},{"event_name":"Living Wall","player_choice":"Forget","floor":14.0,"damage_taken":0.0},{"event_name":"Colosseum","player_choice":"Fight","floor":19.0,"damage_taken":0.0},{"event_name":"Colosseum","player_choice":"Fled From Nobs","floor":19.0,"damage_taken":0.0},{"event_name":"Wheel of Change","player_choice":"Curse","floor":21,"damage_taken":0},{"event_name":"WeMeetAgain","player_choice":"Attack","floor":22,"damage_taken":0}],"is_beta":false,"boss_relics":[{"not_picked":["Runic Pyramid","Lizard Tail"],"picked":"Busted Crown"}],"items_purged_floors":[],"is_endless":false,"potions_floor_spawned":[5,8,10,16,18,19],"killed_by":"Gremlin Leader","ascension_level":0}