{"gold_per_floor":[19,19,19,40,59,59,30,30,80,80,144,69,69,124,124,124],"floor_reached":16,"playtime":753,"items_purged":["Strike_R"],"score":187,"play_id":"a1f35a7b-eab4-48b0-a8f7-a8d39e2a75cc","local_time":"20190709000215","is_ascension_mode":true,"campfire_choices":[{"data":"Bash","floor":6.0,"key":"SMITH"},{"data":"Spot Weakness","floor":8.0,"key":"SMITH"},{"floor":13,"key":"REST"},{"data":"Pommel Strike","floor":15,"key":"SMITH"}],"neow_cost":"NO_GOLD","seed_source_timestamp":355332048362607,"circlet_count":0,"master_deck":["AscendersBane","Strike_R","Strike_R","Strike_R","Strike_R","Defend_R","Defend_R","Defend_R","Defend_R","Bash+1","Spot Weakness+1","Pommel Strike+1"],"special_seed":0,"relics":["Burning Blood","WingedGreaves","Golden Idol","Centennial Puzzle","Tiny Chest"],"potions_floor_usage":[16,16],"damage_taken":[{"damage":1.0,"enemies":"Small Slimes","floor":1.0,"turns":5.0},{"damage":8.0,"enemies":"Cultist","floor":4.0,"turns":5.0},{"damage":9.0,"enemies":"Jaw Worm","floor":5.0,"turns":4.0},{"damage":55,"enemies":"3 Sentries","floor":11,"turns":11},{"damage":60,"enemies":"Slime Boss","floor":16,"turns":7}],"seed_played":"-9071582575962594773","potions_obtained":[{"floor":1.0,"key":"SpeedPotion"},{"floor":5.0,"key":"Swift Potion"}],"is_trial":false,"path_per_floor":["M","?","?","M","M","R","$","R","T","?","E","$","R","T","R","B"],"character_chosen":"IRONCLAD","items_purchased":["Pommel Strike"],"campfire_rested":1,"item_purchase_floors":[7],"current_hp_per_floor":[73,47,75,73,70,70,70,70,70,75,26,26,50,50,50,0],"gold":124,"neow_bonus":"ONE_RARE_RELIC","is_prod":false,"is_daily":false,"chose_seed":false,"campfire_upgraded":3,"win_rate":0,"timestamp":1562644935,"path_taken":["M","?","?","M","?","R","?","R","T","?","E","$","R","?","R","BOSS"],"build_version":"2019-07-05","purchased_purges":1,"victory":false,"max_hp_per_floor":[75,75,75,75,75,75,75,75,75,80,80,80,80,80,80,80],"card_choices":[{"not_picked":["Rupture","Headbutt"],"picked":"Spot Weakness","floor":1.0},{"not_picked":["Clash","Bloodletting","Heavy Blade"],"picked":"SKIP","floor":4.0},{"not_picked":["Havoc","Bloodletting","Burning Pact"],"picked":"SKIP","floor":5.0},{"not_picked":["Reckless Charge","Uppercut","Havoc"],"picked":"SKIP","floor":11}],"player_experience":2421837,"relics_obtained":[{"floor":9.0,"key":"Centennial Puzzle"},{"floor":11,"key":"Tiny Chest"}],"event_choices":[{"damage_healed":0.0,"max_hp_gain":0.0,"max_hp_loss":0.0,"gold_gain":0.0,"event_name":"Golden Idol","player_choice":"Take Damage","floor":2.0,"gold_loss":0.0,"damage_taken":26.0,"relics_obtained":["Golden Idol"]},{"damage_healed":28.0,"max_hp_gain":0.0,"max_hp_loss":0.0,"gold_gain":0.0,"event_name":"Wheel of Change","player_choice":"Full Heal","floor":3.0,"gold_loss":0.0,"damage_taken":0.0},{"damage_healed":0.0,"max_hp_gain":5.0,"max_hp_loss":0.0,"gold_gain":0.0,"event_name":"Big Fish","player_choice":"Donut","floor":10.0,"gold_loss":0.0,"damage_taken":0.0}],"is_beta":false,"boss_relics":[],"items_purged_floors":[12],"is_endless":false,"potions_floor_spawned":[1,5],"killed_by":"Slime Boss","ascension_level":19}