{"gold_per_floor":[116,116,135,135,148,174,194,194,220,220,232,265,265,285,285,383,383,401,418,444,444,444,444,454,256,256,256,288,306,306,331,331,426,426,438,438,438,660,673,704,22,51,51,51,61,61,89,103,103,103,103,103,3,36,36],"floor_reached":55,"playtime":2435,"items_purged":["Strike_G","Writhe"],"score":843,"play_id":"f2c40aef-94b7-4125-8679-27ec451d59da","local_time":"20190715100209","is_ascension_mode":true,"campfire_choices":[{"data":"Envenom","floor":8,"key":"SMITH"},{"data":"Neutralize","floor":10,"key":"SMITH"},{"data":"Bane","floor":15,"key":"SMITH"},{"data":"Unload","floor":23,"key":"SMITH"},{"data":"Well Laid Plans","floor":30,"key":"SMITH"},{"data":"Cloak And Dagger","floor":32,"key":"SMITH"},{"data":"Catalyst","floor":46,"key":"SMITH"},{"floor":49,"key":"RECALL"},{"data":"Panacea","floor":52,"key":"SMITH"}],"neow_cost":"NONE","seed_source_timestamp":3621145303318,"circlet_count":0,"master_deck":["Strike_G+1","Defend_G+1","Defend_G","Defend_G","Survivor+1","Neutralize+1","Backstab","Poisoned Stab","PiercingWail","Envenom+1","Bane+1","Poisoned Stab+1","Backstab","Adrenaline","Deadly Poison+1","PiercingWail","All Out Attack","Unload+1","Well Laid Plans+1","Cloak And Dagger+1","Envenom+1","Riddle With Holes+1","Bouncing Flask+1","Deadly Poison+1","Slice+1","Finesse","Panacea+1","Crippling Poison","Catalyst+1","Well Laid Plans"],"relics":["Ring of the Snake","Centennial Puzzle","Blue Candle","Boot","Bag of Preparation","Regal Pillow","Busted Crown","Red Mask","Oddly Smooth Stone","Whetstone","Bottled Tornado","Astrolabe","Du-Vu Doll","Lee\u0027s Waffle","Thread and Needle","Bag of Marbles","Mummified Hand","Ninja Scroll","Letter Opener"],"potions_floor_usage":[12,13,16,16,55,55,55],"damage_taken":[{"damage":0,"enemies":"2 Louse","floor":1,"turns":3},{"damage":0,"enemies":"Jaw Worm","floor":3,"turns":3},{"damage":0,"enemies":"Small Slimes","floor":5,"turns":3},{"damage":7,"enemies":"Gremlin Nob","floor":6,"turns":4},{"damage":4,"enemies":"Gremlin Gang","floor":7,"turns":4},{"damage":0,"enemies":"Large Slime","floor":11,"turns":5},{"damage":30,"enemies":"3 Sentries","floor":12,"turns":6},{"damage":0,"enemies":"Blue Slaver","floor":14,"turns":3},{"damage":27,"enemies":"Slime Boss","floor":16,"turns":11},{"damage":0,"enemies":"Spheric Guardian","floor":18,"turns":3},{"damage":2,"enemies":"Shell Parasite","floor":19,"turns":3},{"damage":1,"enemies":"Masked Bandits","floor":20,"turns":4},{"damage":0,"enemies":"Cultist and Chosen","floor":24,"turns":4},{"damage":1,"enemies":"Book of Stabbing","floor":28,"turns":4},{"damage":5,"enemies":"Snecko","floor":29,"turns":3},{"damage":7,"enemies":"Slavers","floor":31,"turns":4},{"damage":17,"enemies":"Automaton","floor":33,"turns":9},{"damage":0,"enemies":"3 Darklings","floor":35,"turns":7},{"damage":0,"enemies":"3 Shapes","floor":39,"turns":3},{"damage":22,"enemies":"Giant Head","floor":40,"turns":7},{"damage":9,"enemies":"Reptomancer","floor":42,"turns":5},{"damage":1,"enemies":"3 Darklings","floor":45,"turns":4},{"damage":0,"enemies":"Nemesis","floor":47,"turns":5},{"damage":0,"enemies":"Transient","floor":48,"turns":5},{"damage":36,"enemies":"Donu and Deca","floor":50,"turns":8},{"damage":28,"enemies":"Shield and Spear","floor":54,"turns":5},{"damage":51,"enemies":"The Heart","floor":55,"turns":5}],"seed_played":"8979531816355909407","potions_obtained":[{"floor":3,"key":"Fire Potion"},{"floor":5,"key":"SkillPotion"},{"floor":7,"key":"Weak Potion"},{"floor":13,"key":"Fruit Juice"},{"floor":13,"key":"Regen Potion"},{"floor":18,"key":"LiquidBronze"},{"floor":24,"key":"PowerPotion"}],"is_trial":false,"path_per_floor":["M","?","M","T","M","E","M","R","T","R","M","E","?","M","R","B",null,"M","M","?","?","?","R","M","$","T","?","E","M","R","E","R","B",null,"M","?","?","?","M","E","$","E","T","?","M","R","E","M","R","B",null,"R","$","E","B"],"character_chosen":"THE_SILENT","items_purchased":["Well Laid Plans","Cloak And Dagger","Crippling Poison","Catalyst","Lee\u0027s Waffle","Thread and Needle","Well Laid Plans"],"campfire_rested":0,"item_purchase_floors":[25,25,41,41,41,41,41],"current_hp_per_floor":[70,56,56,56,56,49,45,45,45,45,45,15,20,20,20,8,75,75,73,72,72,72,72,72,72,72,72,71,66,66,59,59,42,75,75,65,65,65,65,43,78,69,69,69,68,68,68,68,68,32,78,78,78,50,0],"gold":36,"neow_bonus":"RANDOM_COMMON_RELIC","is_prod":false,"is_daily":false,"chose_seed":false,"campfire_upgraded":8,"win_rate":0,"timestamp":1563174129,"path_taken":["M","?","M","?","M","E","M","R","T","R","M","E","?","?","R","BOSS","M","M","?","?","?","R","M","$","T","?","E","M","R","E","R","BOSS","M","?","?","?","M","E","$","E","T","?","?","R","E","M","R","BOSS","R","$","E","BOSS"],"build_version":"2019-07-05","purchased_purges":2,"victory":false,"max_hp_per_floor":[70,70,70,70,70,70,70,70,70,70,70,70,75,75,75,75,75,75,75,75,75,75,75,75,75,75,75,75,75,75,75,75,75,75,75,75,71,71,71,71,78,78,78,78,78,78,78,78,78,78,78,78,78,78,78],"card_choices":[{"not_picked":["Dagger Throw","Acrobatics"],"picked":"Backstab","floor":1},{"not_picked":["Cloak And Dagger","Eviscerate"],"picked":"Poisoned Stab","floor":3},{"not_picked":["Quick Slash","Heel Hook"],"picked":"PiercingWail","floor":5},{"not_picked":["Concentrate","PiercingWail","Reflex"],"picked":"SKIP","floor":6},{"not_picked":["Prepared","Underhanded Strike"],"picked":"Envenom","floor":7},{"not_picked":["Tactician","Dagger Spray"],"picked":"Bane","floor":11},{"not_picked":["Underhanded Strike","Accuracy"],"picked":"Poisoned Stab","floor":12},{"not_picked":["Bane","Underhanded Strike"],"picked":"Backstab","floor":14},{"not_picked":["Unload","Doppelganger"],"picked":"Adrenaline","floor":16},{"not_picked":[],"picked":"Deadly Poison+1","floor":18},{"not_picked":["Poisoned Stab"],"picked":"SKIP","floor":19},{"not_picked":[],"picked":"PiercingWail","floor":20},{"not_picked":["Endless Agony"],"picked":"SKIP","floor":24},{"not_picked":["Concentrate+1"],"picked":"SKIP","floor":28},{"not_picked":[],"picked":"Riddle With Holes+1","floor":29},{"not_picked":["Acrobatics"],"picked":"SKIP","floor":31},{"not_picked":[],"picked":"Doppelganger","floor":33},{"not_picked":["Bouncing Flask+1"],"picked":"SKIP","floor":35},{"not_picked":[],"picked":"Finesse","floor":36},{"not_picked":[],"picked":"Panacea","floor":36},{"not_picked":["Deflect"],"picked":"SKIP","floor":39},{"not_picked":["Accuracy"],"picked":"SKIP","floor":40},{"not_picked":["Prepared+1"],"picked":"SKIP","floor":42},{"not_picked":["Blade Dance+1"],"picked":"SKIP","floor":45},{"not_picked":["Dagger Spray"],"picked":"SKIP","floor":47},{"not_picked":["Riddle With Holes"],"picked":"SKIP","floor":48},{"not_picked":["Setup+1"],"picked":"SKIP","floor":54},{"not_picked":["Setup+1"],"picked":"SKIP","floor":54}],"player_experience":1061273,"relics_obtained":[{"floor":4,"key":"Blue Candle"},{"floor":6,"key":"Boot"},{"floor":9,"key":"Bag of Preparation"},{"floor":12,"key":"Regal Pillow"},{"floor":20,"key":"Red Mask"},{"floor":28,"key":"Whetstone"},{"floor":31,"key":"Bottled Tornado"},{"floor":40,"key":"Du-Vu Doll"},{"floor":42,"key":"Bag of Marbles"},{"floor":43,"key":"Mummified Hand"},{"floor":47,"key":"Ninja Scroll"},{"floor":54,"key":"Letter Opener"}],"event_choices":[{"damage_healed":0,"gold_gain":0,"player_choice":"Entered Light","damage_taken":14,"max_hp_gain":0,"max_hp_loss":0,"event_name":"Shining Light","floor":2,"gold_loss":0,"cards_upgraded":["Survivor","Defend_G"]},{"damage_healed":0,"gold_gain":0,"player_choice":"Got Potions","damage_taken":0,"max_hp_gain":0,"max_hp_loss":0,"event_name":"Lab","floor":13,"gold_loss":0},{"damage_healed":0,"gold_gain":0,"player_choice":"Fought Bandits","damage_taken":0,"max_hp_gain":0,"max_hp_loss":0,"event_name":"Masked Bandits","floor":20,"gold_loss":0},{"damage_healed":0,"gold_gain":0,"player_choice":"Opened","damage_taken":0,"relics_obtained":["Oddly Smooth Stone"],"max_hp_gain":0,"max_hp_loss":0,"event_name":"The Mausoleum","floor":21,"gold_loss":0,"cards_obtained":["Writhe"]},{"damage_healed":0,"gold_gain":0,"cards_transformed":["Strike_G","Strike_G"],"player_choice":"Became Test Subject","damage_taken":0,"max_hp_gain":0,"max_hp_loss":0,"event_name":"Drug Dealer","floor":22,"gold_loss":0,"cards_obtained":["All Out Attack","Unload"]},{"damage_healed":0,"gold_gain":0,"player_choice":"Copied","damage_taken":0,"max_hp_gain":0,"max_hp_loss":0,"event_name":"Duplicator","floor":27,"gold_loss":0,"cards_obtained":["Envenom"]},{"damage_healed":0,"gold_gain":0,"player_choice":"Memory 3","damage_taken":10,"max_hp_gain":0,"max_hp_loss":0,"event_name":"SensoryStone","floor":36,"gold_loss":0},{"damage_healed":0,"gold_gain":0,"player_choice":"Max HP","damage_taken":0,"max_hp_gain":0,"max_hp_loss":4,"event_name":"Winding Halls","floor":37,"gold_loss":0},{"damage_healed":0,"gold_gain":222,"player_choice":"Wore Mask","damage_taken":0,"max_hp_gain":0,"max_hp_loss":0,"event_name":"Tomb of Lord Red Mask","floor":38,"gold_loss":0},{"cards_removed":["Doppelganger"],"damage_healed":0,"gold_gain":0,"player_choice":"Removed Skill","damage_taken":0,"max_hp_gain":0,"max_hp_loss":0,"event_name":"Falling","floor":44,"gold_loss":0}],"is_beta":false,"boss_relics":[{"not_picked":["Runic Dome","Runic Pyramid"],"picked":"Busted Crown"},{"not_picked":["HoveringKite","Snecko Eye"],"picked":"Astrolabe"}],"items_purged_floors":[25,53],"is_endless":false,"potions_floor_spawned":[3,5,7,11,14,18,24,29,35,47,48,54],"killed_by":"The Heart","ascension_level":1}