{"gold_per_floor":[116,116,116,1,17,45,45,45,68,78,95,170,201,217,217,294,294,306,325,336,349,349,378,378,303,329,6,6,19,19,19,19,19],"floor_reached":33,"playtime":1355,"items_purged":["Strike_G"],"score":634,"play_id":"4821c570-b94d-419c-a8ef-db1440b964f2","local_time":"20190723234003","is_ascension_mode":true,"campfire_choices":[{"data":"Noxious Fumes","floor":8.0,"key":"SMITH"},{"floor":15.0,"key":"REST"},{"data":"Malaise","floor":24.0,"key":"SMITH"},{"data":"Wraith Form v2","floor":32.0,"key":"SMITH"}],"neow_cost":"NONE","seed_source_timestamp":7039035978990,"circlet_count":0,"master_deck":["AscendersBane","Strike_G+1","Defend_G","Defend_G","Defend_G","Survivor","Neutralize","Dash","Noxious Fumes+1","Crippling Poison","Caltrops","Blur","Heel Hook","Masterful Stab+1","Bane","Malaise+1","Dagger Spray","Prepared","Wraith Form v2+1","Corpse Explosion","Blur","Acrobatics","Unload"],"special_seed":0,"relics":["Ring of the Snake","NeowsBlessing","Pen Nib","PreservedInsect","Whetstone","Coffee Dripper","Ice Cream","MawBank"],"potions_floor_usage":[33,33],"damage_taken":[{"damage":0.0,"enemies":"Small Slimes","floor":1.0,"turns":1.0},{"damage":0.0,"enemies":"2 Louse","floor":5.0,"turns":1.0},{"damage":0.0,"enemies":"Lagavulin","floor":6.0,"turns":1.0},{"damage":1.0,"enemies":"Jaw Worm","floor":10.0,"turns":4.0},{"damage":12.0,"enemies":"Gremlin Gang","floor":11.0,"turns":4.0},{"damage":0.0,"enemies":"3 Sentries","floor":13.0,"turns":5.0},{"damage":14.0,"enemies":"Lots of Slimes","floor":14.0,"turns":4.0},{"damage":13.0,"enemies":"Slime Boss","floor":16.0,"turns":8.0},{"damage":13.0,"enemies":"Chosen","floor":18.0,"turns":6.0},{"damage":17.0,"enemies":"2 Thieves","floor":19.0,"turns":4.0},{"damage":13.0,"enemies":"Chosen and Byrds","floor":20.0,"turns":4.0},{"damage":12.0,"enemies":"Sentry and Sphere","floor":21.0,"turns":5.0},{"damage":12.0,"enemies":"Book of Stabbing","floor":23.0,"turns":5.0},{"damage":0.0,"enemies":"3 Cultists","floor":29.0,"turns":4.0},{"damage":10,"enemies":"Champ","floor":33,"turns":13}],"seed_played":"-1981246291062493230","potions_obtained":[{"floor":5.0,"key":"Explosive Potion"},{"floor":6.0,"key":"Swift Potion"},{"floor":14.0,"key":"Explosive Potion"},{"floor":20.0,"key":"SpeedPotion"},{"floor":21.0,"key":"Energy Potion"},{"floor":23.0,"key":"PowerPotion"}],"is_trial":false,"path_per_floor":["M","?","?","$","M","E","?","R","T","M","M","?","E","M","R","B",null,"M","M","M","M","?","E","R","?","T","$","?","M","$","?","R","B"],"character_chosen":"THE_SILENT","items_purchased":["Noxious Fumes","Wraith Form v2","Corpse Explosion"],"campfire_rested":1,"item_purchase_floors":[4,27,27],"current_hp_per_floor":[59,52,52,52,52,52,57,57,57,56,44,33,33,19,40,27,60,47,30,17,5,19,7,7,7,7,7,7,7,7,7,7,0],"gold":19,"neow_bonus":"THREE_ENEMY_KILL","is_prod":false,"is_daily":false,"chose_seed":false,"campfire_upgraded":3,"win_rate":0,"timestamp":1563950403,"path_taken":["M","?","?","$","M","E","?","R","T","M","M","?","E","?","R","BOSS","M","?","?","M","?","E","R","?","T","$","?","?","?","?","R","BOSS"],"build_version":"2019-07-17","purchased_purges":1,"victory":false,"max_hp_per_floor":[66,66,66,66,66,66,71,71,71,71,71,71,71,71,71,71,71,71,71,71,71,71,71,71,71,71,71,71,71,71,71,71,71],"card_choices":[{"not_picked":["Dodge and Roll","Skewer"],"picked":"Dash","floor":1.0},{"not_picked":["Flying Knee","Prepared"],"picked":"Crippling Poison","floor":5.0},{"not_picked":["Prepared","All Out Attack"],"picked":"Caltrops","floor":6.0},{"not_picked":["Crippling Poison","Escape Plan"],"picked":"Blur","floor":10.0},{"not_picked":["Poisoned Stab","Leg Sweep"],"picked":"Heel Hook","floor":11.0},{"not_picked":["Cloak And Dagger","Backflip"],"picked":"Masterful Stab","floor":13.0},{"not_picked":["Slice","Poisoned Stab"],"picked":"Bane","floor":14.0},{"not_picked":["Adrenaline","Die Die Die"],"picked":"Malaise","floor":16.0},{"not_picked":["Underhanded Strike","Reflex"],"picked":"Dagger Spray","floor":18.0},{"not_picked":["Dagger Spray","Underhanded Strike","Eviscerate"],"picked":"SKIP","floor":19.0},{"not_picked":["Footwork","Underhanded Strike","Sucker Punch+1"],"picked":"SKIP","floor":20.0},{"not_picked":["Predator","Expertise","PiercingWail"],"picked":"SKIP","floor":21.0},{"not_picked":["Dodge and Roll","Tactician"],"picked":"Prepared","floor":23.0},{"not_picked":["Escape Plan","Outmaneuver"],"picked":"Blur","floor":29.0}],"player_experience":674080,"relics_obtained":[{"floor":6.0,"key":"Pen Nib"},{"floor":9.0,"key":"PreservedInsect"},{"floor":13.0,"key":"Whetstone"},{"floor":23.0,"key":"Ice Cream"},{"floor":26.0,"key":"MawBank"}],"event_choices":[{"cards_removed":["Strike_G"],"damage_healed":0.0,"max_hp_gain":0.0,"max_hp_loss":0.0,"gold_gain":0.0,"event_name":"Golden Wing","player_choice":"Card Removal","floor":2.0,"gold_loss":0.0,"damage_taken":7.0},{"cards_removed":["Defend_G"],"damage_healed":0.0,"max_hp_gain":0.0,"max_hp_loss":0.0,"gold_gain":0.0,"event_name":"Living Wall","player_choice":"Forget","floor":3.0,"gold_loss":0.0,"damage_taken":0.0},{"damage_healed":0.0,"max_hp_gain":5.0,"max_hp_loss":0.0,"gold_gain":0.0,"event_name":"Big Fish","player_choice":"Donut","floor":7.0,"gold_loss":0.0,"damage_taken":0.0},{"damage_healed":0.0,"max_hp_gain":0.0,"max_hp_loss":0.0,"gold_gain":75.0,"event_name":"World of Goop","player_choice":"Gather Gold","floor":12.0,"gold_loss":0.0,"damage_taken":11.0},{"damage_healed":14.0,"max_hp_gain":0.0,"max_hp_loss":0.0,"gold_gain":0.0,"event_name":"The Library","player_choice":"Heal","floor":22.0,"gold_loss":0.0,"damage_taken":0.0},{"cards_removed":["Strike_G"],"damage_healed":0.0,"max_hp_gain":0.0,"max_hp_loss":0.0,"gold_gain":0.0,"event_name":"Beggar","player_choice":"Gave Gold","floor":25.0,"gold_loss":75.0,"damage_taken":0.0},{"damage_healed":0.0,"max_hp_gain":0.0,"max_hp_loss":0.0,"gold_gain":0.0,"event_name":"N\u0027loth","player_choice":"Ignored","floor":28.0,"gold_loss":0.0,"damage_taken":0.0},{"damage_healed":0.0,"max_hp_gain":0.0,"max_hp_loss":0.0,"gold_gain":0.0,"cards_transformed":["Strike_G","Defend_G"],"event_name":"Drug Dealer","player_choice":"Became Test Subject","floor":31.0,"gold_loss":0.0,"damage_taken":0.0,"cards_obtained":["Acrobatics","Unload"]}],"is_beta":false,"boss_relics":[{"not_picked":["Sozu","WristBlade"],"picked":"Coffee Dripper"}],"items_purged_floors":[4],"is_endless":false,"potions_floor_spawned":[5,6,14,20,21,23],"killed_by":"Champ","ascension_level":19}