{"gold_per_floor":[214,289,289,299,375,375,401,401,427,427,427,234,275,294,294,383,383,398,417,99,99,126,160,160,188,211,223,203,203,214,227,227,302,302,322,54,67,67,83,83,97,122,122,140,140,154,30,46,46,46],"floor_reached":51,"playtime":2258,"items_purged":["Strike_G","Strike_G","Parasite","Strike_G"],"score":1366,"play_id":"980e9561-2704-4eba-a816-3b0bf419f515","local_time":"20190129205333","is_ascension_mode":true,"campfire_choices":[{"data":"Dash","floor":6.0,"key":"SMITH"},{"floor":8.0,"key":"REST"},{"data":"Catalyst","floor":15.0,"key":"SMITH"},{"data":"Noxious Fumes","floor":24.0,"key":"SMITH"},{"data":"Footwork","floor":29.0,"key":"SMITH"},{"floor":32.0,"key":"REST"},{"data":"Catalyst","floor":40.0,"key":"SMITH"},{"data":"Well Laid Plans","floor":45,"key":"SMITH"},{"floor":49,"key":"REST"}],"neow_cost":"NONE","seed_source_timestamp":29130789305026,"circlet_count":0,"master_deck":["AscendersBane","Defend_G+1","Defend_G+1","Defend_G","Defend_G","Defend_G","Survivor","Neutralize","Dash+1","Deflect","Noxious Fumes+1","Deadly Poison","Footwork+1","Backflip","Catalyst+1","Quick Slash","Corpse Explosion","Bane","Leg Sweep","Footwork","Catalyst+1","PiercingWail+1","Dodge and Roll","After Image","Well Laid Plans+1","Dash+1","Footwork","Acrobatics","PiercingWail","Well Laid Plans"],"special_seed":0,"relics":["Ring of the Snake","Bottled Flame","War Paint","Bloody Idol","PreservedInsect","Sozu","Lee\u0027s Waffle","Oddly Smooth Stone","Smiling Mask","Pen Nib","Ancient Tea Set","Velvet Choker","DollysMirror","Ninja Scroll","Mango"],"potions_floor_usage":[],"damage_taken":[{"damage":6.0,"enemies":"2 Louse","floor":1.0,"turns":4.0},{"damage":2.0,"enemies":"Jaw Worm","floor":4.0,"turns":5.0},{"damage":32.0,"enemies":"Gremlin Nob","floor":7.0,"turns":5.0},{"damage":8.0,"enemies":"3 Sentries","floor":13.0,"turns":9.0},{"damage":1.0,"enemies":"Cultist","floor":14.0,"turns":4.0},{"damage":28.0,"enemies":"The Guardian","floor":16.0,"turns":10.0},{"damage":15.0,"enemies":"Chosen","floor":18.0,"turns":6.0},{"damage":13.0,"enemies":"3 Byrds","floor":19.0,"turns":3.0},{"damage":29.0,"enemies":"Slavers","floor":23.0,"turns":4.0},{"damage":10.0,"enemies":"Book of Stabbing","floor":25.0,"turns":4.0},{"damage":14.0,"enemies":"Shelled Parasite and Fungi","floor":27.0,"turns":7.0},{"damage":0.0,"enemies":"3 Cultists","floor":30.0,"turns":3.0},{"damage":10.0,"enemies":"Snake Plant","floor":31.0,"turns":5.0},{"damage":41.0,"enemies":"Collector","floor":33.0,"turns":9.0},{"damage":13.0,"enemies":"Orb Walker","floor":35.0,"turns":4.0},{"damage":10.0,"enemies":"3 Darklings","floor":37.0,"turns":4.0},{"damage":0.0,"enemies":"Writhing Mass","floor":39.0,"turns":7.0},{"damage":17,"enemies":"Sphere and 2 Shapes","floor":41,"turns":7},{"damage":7,"enemies":"Giant Head","floor":42,"turns":8},{"damage":4,"enemies":"Jaw Worm Horde","floor":44,"turns":4},{"damage":5,"enemies":"Spire Growth","floor":46,"turns":7},{"damage":4,"enemies":"3 Darklings","floor":48,"turns":7},{"damage":39,"enemies":"Time Eater","floor":50,"turns":16}],"seed_played":"43078327749889575","potions_obtained":[{"floor":1.0,"key":"GamblersBrew"},{"floor":7.0,"key":"Swift Potion"}],"is_trial":false,"path_per_floor":["M","?","?","M","?","R","E","R","T","?","?","$","E","M","R","B",null,"M","M","$","?","T","E","R","E","T","M","?","R","M","M","R","B",null,"M","$","M","?","M","R","M","E","T","M","R","M","$","M","R","B",null],"character_chosen":"THE_SILENT","items_purchased":["Footwork","Backflip","Lee\u0027s Waffle","DollysMirror","Well Laid Plans"],"campfire_rested":3,"item_purchase_floors":[12,12,20,36,47],"current_hp_per_floor":[53,42,42,40,40,40,8,27,27,43,43,43,35,34,34,6,47,32,19,67,67,67,43,43,38,43,34,34,34,39,34,54,18,55,47,47,42,42,47,47,35,33,47,48,48,48,48,49,72,33],"gold":46,"neow_bonus":"HUNDRED_GOLD","is_prod":false,"is_daily":false,"chose_seed":false,"campfire_upgraded":6,"win_rate":0,"timestamp":1548784413,"path_taken":["M","?","?","?","?","R","E","R","T","?","?","$","E","M","R","BOSS","M","M","$","?","?","E","R","E","T","M","?","R","?","M","R","BOSS","M","$","M","?","M","R","M","E","T","M","R","M","$","?","R","BOSS"],"build_version":"2019-01-23","purchased_purges":4,"victory":true,"max_hp_per_floor":[66,66,66,66,66,66,66,66,66,66,60,60,60,60,60,60,60,60,60,67,67,67,67,67,67,67,67,67,67,67,67,67,67,67,67,64,64,64,64,64,64,64,78,78,78,78,78,78,78,78],"card_choices":[{"not_picked":["Finisher","Accuracy"],"picked":"Dash","floor":1.0},{"not_picked":["Flying Knee","Finisher"],"picked":"Noxious Fumes","floor":4.0},{"not_picked":["Deflect","Poisoned Stab"],"picked":"Deadly Poison","floor":7.0},{"not_picked":["Dash","Eviscerate"],"picked":"Catalyst","floor":13.0},{"not_picked":["Deflect","Escape Plan"],"picked":"Quick Slash","floor":14.0},{"not_picked":["After Image","Grand Finale"],"picked":"Corpse Explosion","floor":16.0},{"not_picked":["Poisoned Stab","Heel Hook"],"picked":"Bane","floor":18.0},{"not_picked":["Backflip","Prepared","Flying Knee"],"picked":"SKIP","floor":19.0},{"not_picked":["Concentrate","Blade Dance+1"],"picked":"Leg Sweep","floor":23.0},{"not_picked":["Well Laid Plans","Slice"],"picked":"Footwork","floor":25.0},{"not_picked":["Sucker Punch","Poisoned Stab"],"picked":"Catalyst","floor":27.0},{"not_picked":["Deadly Poison","Deflect+1"],"picked":"PiercingWail+1","floor":30.0},{"not_picked":["Quick Slash","Bouncing Flask"],"picked":"Dodge and Roll","floor":31.0},{"not_picked":["Grand Finale","Unload"],"picked":"After Image","floor":33.0},{"not_picked":["Deflect","Distraction+1"],"picked":"Well Laid Plans","floor":35.0},{"not_picked":["Slice","Infinite Blades"],"picked":"Footwork","floor":37.0},{"not_picked":["Underhanded Strike","Poisoned Stab"],"picked":"Acrobatics","floor":39.0},{"not_picked":["Bane","Slice+1","Setup"],"picked":"SKIP","floor":41},{"not_picked":["Prepared","Flying Knee","Corpse Explosion"],"picked":"SKIP","floor":42},{"not_picked":["Quick Slash","Blade Dance","Tactician"],"picked":"SKIP","floor":44},{"not_picked":["Dagger Throw","Dagger Spray"],"picked":"PiercingWail","floor":46},{"not_picked":["Reflex","Expertise","Deadly Poison"],"picked":"SKIP","floor":48}],"player_experience":722095,"relics_obtained":[{"floor":7.0,"key":"Bottled Flame"},{"floor":9.0,"key":"War Paint"},{"floor":13.0,"key":"PreservedInsect"},{"floor":22.0,"key":"Oddly Smooth Stone"},{"floor":23.0,"key":"Smiling Mask"},{"floor":25.0,"key":"Pen Nib"},{"floor":26.0,"key":"Ancient Tea Set"},{"floor":42,"key":"Ninja Scroll"},{"floor":43,"key":"Mango"}],"event_choices":[{"damage_healed":0.0,"max_hp_gain":0.0,"max_hp_loss":0.0,"gold_gain":75.0,"event_name":"World of Goop","player_choice":"Gather Gold","floor":2.0,"gold_loss":0.0,"damage_taken":11.0},{"damage_healed":0.0,"max_hp_gain":0.0,"max_hp_loss":0.0,"gold_gain":0.0,"cards_transformed":["Strike_G"],"event_name":"Transmorgrifier","player_choice":"Transformed","floor":3.0,"gold_loss":0.0,"damage_taken":0.0,"cards_obtained":["Deflect"]},{"damage_healed":0.0,"max_hp_gain":0.0,"max_hp_loss":0.0,"gold_gain":76.0,"event_name":"Golden Wing","player_choice":"Gained Gold","floor":5.0,"gold_loss":0.0,"damage_taken":0.0},{"damage_healed":16.0,"max_hp_gain":0.0,"max_hp_loss":0.0,"gold_gain":0.0,"event_name":"Mushrooms","player_choice":"Healed and dodged fight","floor":10.0,"gold_loss":0.0,"damage_taken":0.0,"cards_obtained":["Parasite"]},{"damage_healed":0.0,"max_hp_gain":0.0,"max_hp_loss":6.0,"gold_gain":0.0,"event_name":"Golden Idol","player_choice":"Lose Max HP","floor":11.0,"gold_loss":0.0,"damage_taken":0.0,"relics_obtained":["Golden Idol"]},{"damage_healed":0.0,"max_hp_gain":0.0,"max_hp_loss":0.0,"gold_gain":0.0,"event_name":"Forgotten Altar","player_choice":"Gave Idol","floor":21.0,"relics_lost":["Golden Idol"],"gold_loss":0.0,"damage_taken":0.0,"relics_obtained":["Bloody Idol"]},{"damage_healed":0.0,"max_hp_gain":0.0,"max_hp_loss":0.0,"gold_gain":0.0,"event_name":"The Woman in Blue","player_choice":"Bought 1 Potion","floor":28.0,"gold_loss":0.0,"damage_taken":0.0},{"cards_removed":["Strike_G"],"damage_healed":0.0,"max_hp_gain":0.0,"max_hp_loss":0.0,"gold_gain":0.0,"event_name":"Bonfire Elementals","player_choice":"Offered Basic","floor":38.0,"gold_loss":0.0,"damage_taken":0.0}],"is_beta":false,"boss_relics":[{"not_picked":["Tiny House","Pandora\u0027s Box"],"picked":"Sozu"},{"not_picked":["Runic Dome","Snecko Eye"],"picked":"Velvet Choker"}],"items_purged_floors":[12,20,36,47],"is_endless":false,"potions_floor_spawned":[1,7,19,25,30,31,37,39,46],"ascension_level":19}