{"gold_per_floor":[114,114,64,75,4,31,31,42,66,66,100,120,139,174,174,279,279,290,290,300,210,37,37,48,48,73,88,88,119,119,130,130,130],"floor_reached":33,"playtime":2256,"items_purged":["Strike_R"],"score":285,"play_id":"012586ba-f27b-437a-82d7-ac36b3919736","local_time":"20190715163425","is_ascension_mode":false,"campfire_choices":[{"data":"Armaments","floor":7,"key":"SMITH"},{"data":"Clothesline","floor":10,"key":"SMITH"},{"floor":15,"key":"REST"},{"data":"Inflame","floor":23,"key":"SMITH"},{"floor":25,"key":"RECALL"},{"data":"Heavy Blade","floor":28,"key":"SMITH"},{"floor":30,"key":"REST"},{"floor":32,"key":"REST"}],"neow_cost":"NONE","seed_source_timestamp":19118282663432,"circlet_count":0,"master_deck":["Strike_R","Strike_R","Strike_R","Strike_R","Defend_R+1","Defend_R","Defend_R","Defend_R+1","Bash+1","Impervious","Hemokinesis","Clothesline+1","Inflame+1","Armaments+1","Twin Strike","Flame Barrier","Feed","Immolate","Spot Weakness","Dark Shackles","Heavy Blade+1","Flame Barrier","Burning Pact"],"relics":["Burning Blood","War Paint","Pen Nib","Bottled Lightning","Boot","Mark of Pain","Enchiridion","Darkstone Periapt"],"potions_floor_usage":[11,12,16,20,29,33],"damage_taken":[{"damage":5,"enemies":"2 Louse","floor":1,"turns":3},{"damage":4,"enemies":"Cultist","floor":4,"turns":3},{"damage":31,"enemies":"Lagavulin","floor":6,"turns":6},{"damage":2,"enemies":"Small Slimes","floor":8,"turns":3},{"damage":8,"enemies":"Gremlin Nob","floor":11,"turns":5},{"damage":8,"enemies":"Blue Slaver","floor":12,"turns":3},{"damage":10,"enemies":"Lots of Slimes","floor":13,"turns":5},{"damage":28,"enemies":"3 Sentries","floor":14,"turns":8},{"damage":45,"enemies":"The Guardian","floor":16,"turns":12},{"damage":0,"enemies":"Chosen","floor":18,"turns":4},{"damage":3,"enemies":"Shell Parasite","floor":20,"turns":2},{"damage":8,"enemies":"Centurion and Healer","floor":24,"turns":5},{"damage":20,"enemies":"Snecko","floor":27,"turns":7},{"damage":31,"enemies":"Slavers","floor":29,"turns":3},{"damage":39,"enemies":"Sentry and Sphere","floor":31,"turns":6},{"damage":60,"enemies":"Collector","floor":33,"turns":9}],"seed_played":"-3109560130330869284","potions_obtained":[{"floor":1,"key":"SteroidPotion"},{"floor":6,"key":"Block Potion"},{"floor":12,"key":"Fruit Juice"},{"floor":14,"key":"Fire Potion"},{"floor":20,"key":"SteroidPotion"},{"floor":24,"key":"SkillPotion"}],"is_trial":false,"path_per_floor":["M","?","$","M","$","E","R","M","T","R","E","M","M","E","R","B",null,"M","?","M","?","$","R","M","R","T","M","R","E","R","M","R","B"],"character_chosen":"IRONCLAD","items_purchased":["Clothesline","Inflame","Dark Shackles"],"campfire_rested":3,"item_purchase_floors":[3,5,22],"current_hp_per_floor":[80,80,80,80,80,55,55,59,59,59,57,60,60,38,64,25,89,89,73,76,76,76,76,74,74,74,60,60,38,65,32,59,0],"gold":130,"neow_bonus":"ONE_RANDOM_RARE_CARD","is_prod":false,"is_daily":false,"chose_seed":false,"campfire_upgraded":4,"win_rate":0,"timestamp":1563201265,"path_taken":["M","?","$","M","$","E","R","M","T","R","E","?","M","E","R","BOSS","M","?","M","?","$","R","M","R","T","?","R","E","R","M","R","BOSS"],"build_version":"2019-07-05","purchased_purges":1,"victory":false,"max_hp_per_floor":[80,80,80,80,80,80,80,80,80,80,80,85,89,89,89,89,89,89,89,89,89,89,89,89,89,89,89,89,92,92,92,92,92],"card_choices":[{"not_picked":["Pommel Strike","Clash"],"picked":"Hemokinesis","floor":1},{"not_picked":["Blood for Blood","Corruption","Anger"],"picked":"SKIP","floor":4},{"not_picked":["Intimidate","Dropkick"],"picked":"Armaments","floor":6},{"not_picked":["Dropkick","Pommel Strike"],"picked":"Twin Strike","floor":8},{"not_picked":["Clash","Second Wind"],"picked":"Flame Barrier","floor":11},{"not_picked":["Havoc","Blood for Blood"],"picked":"Feed","floor":12},{"not_picked":["Pommel Strike","Anger","Havoc"],"picked":"SKIP","floor":13},{"not_picked":["Armaments","Wild Strike","Havoc"],"picked":"SKIP","floor":14},{"not_picked":["Feed","Offering"],"picked":"Immolate","floor":16},{"not_picked":["Rage","Body Slam","Whirlwind"],"picked":"SKIP","floor":18},{"not_picked":["Wild Strike","Body Slam"],"picked":"Spot Weakness","floor":20},{"not_picked":["Flame Barrier","Double Tap"],"picked":"Heavy Blade","floor":24},{"not_picked":["Searing Blow+1","Pummel","Armaments"],"picked":"SKIP","floor":27},{"not_picked":["Pommel Strike","Iron Wave"],"picked":"Flame Barrier","floor":29},{"not_picked":["Thunderclap+1","Evolve"],"picked":"Burning Pact","floor":31}],"player_experience":481270,"relics_obtained":[{"floor":6,"key":"War Paint"},{"floor":9,"key":"Pen Nib"},{"floor":11,"key":"Bottled Lightning"},{"floor":14,"key":"Boot"},{"floor":19,"key":"Enchiridion"},{"floor":29,"key":"Darkstone Periapt"}],"event_choices":[{"damage_healed":0,"gold_gain":0,"player_choice":"Cursed","damage_taken":0,"max_hp_gain":0,"max_hp_loss":0,"event_name":"Wheel of Change","floor":2,"gold_loss":0,"cards_obtained":["Decay"]},{"damage_healed":0,"gold_gain":0,"player_choice":"Obtained Book","damage_taken":16,"max_hp_gain":0,"max_hp_loss":0,"event_name":"Cursed Tome","floor":19,"gold_loss":0},{"cards_removed":["Decay"],"damage_healed":0,"gold_gain":0,"player_choice":"Upgrade and Remove","damage_taken":0,"max_hp_gain":0,"max_hp_loss":0,"event_name":"Designer","floor":21,"gold_loss":90,"cards_upgraded":["Bash"]}],"is_beta":false,"boss_relics":[{"not_picked":["Cursed Key","Calling Bell"],"picked":"Mark of Pain"}],"items_purged_floors":[22],"is_endless":false,"potions_floor_spawned":[1,6,12,14,20,24],"killed_by":"Collector","ascension_level":0}