{"gold_per_floor":[111,36,53,53,53,96,96,134,164,164,164,185,185,199,199,295,295,318,318,362,383,408,451,451,474,474,474,454,189,203,222,222,222],"floor_reached":33,"playtime":1383,"items_purged":["Strike_B"],"score":495,"play_id":"42607973-85c2-4525-ae47-826554804055","local_time":"20190101030646","is_ascension_mode":true,"campfire_choices":[{"data":"Zap","floor":7.0,"key":"SMITH"},{"data":"Ball Lightning","floor":10.0,"key":"SMITH"},{"data":"Hello World","floor":13.0,"key":"SMITH"},{"data":"Conserve Battery","floor":15.0,"key":"SMITH"},{"floor":24,"key":"REST"},{"floor":27,"key":"REST"},{"data":"Hologram","floor":32,"key":"SMITH"}],"neow_cost":"NONE","seed_source_timestamp":45838485456583,"circlet_count":0,"master_deck":["AscendersBane","Zap+1","Dualcast","FTL","Coolheaded","Glacier","Ball Lightning+1","Hello World+1","Conserve Battery+1","Biased Cognition","Tempest","Blizzard","Turbo","Tempest","Beam Cell","Static Discharge","Hologram+1","BootSequence","Coolheaded","Seek","Rainbow","Chill"],"special_seed":0,"relics":["Cracked Core","NeowsBlessing","Golden Idol","Question Card","Oddly Smooth Stone","Tiny Chest","Pandora\u0027s Box","Bottled Flame","Red Mask","Sundial","Bag of Preparation","Potion Belt"],"potions_floor_usage":[23,23,33],"damage_taken":[{"damage":0.0,"enemies":"2 Louse","floor":1.0,"turns":1.0},{"damage":0.0,"enemies":"Small Slimes","floor":3.0,"turns":1.0},{"damage":0.0,"enemies":"Gremlin Nob","floor":6.0,"turns":1.0},{"damage":10.0,"enemies":"Lagavulin","floor":8.0,"turns":11.0},{"damage":0.0,"enemies":"Cultist","floor":12.0,"turns":2.0},{"damage":4.0,"enemies":"3 Louse","floor":14.0,"turns":3.0},{"damage":5.0,"enemies":"Slime Boss","floor":16.0,"turns":10.0},{"damage":9.0,"enemies":"3 Byrds","floor":18.0,"turns":2.0},{"damage":22.0,"enemies":"Masked Bandits","floor":20.0,"turns":4.0},{"damage":19.0,"enemies":"2 Thieves","floor":21.0,"turns":3.0},{"damage":0.0,"enemies":"Shelled Parasite and Fungi","floor":22.0,"turns":6.0},{"damage":4,"enemies":"Gremlin Leader","floor":23,"turns":8},{"damage":0,"enemies":"Sentry and Sphere","floor":25,"turns":4},{"damage":5,"enemies":"Snake Plant","floor":30,"turns":4},{"damage":2,"enemies":"Centurion and Healer","floor":31,"turns":7},{"damage":67,"enemies":"Automaton","floor":33,"turns":12}],"seed_played":"6738847628884269405","potions_obtained":[{"floor":1.0,"key":"SpeedPotion"},{"floor":6.0,"key":"Swift Potion"},{"floor":12.0,"key":"Dexterity Potion"},{"floor":23,"key":"Swift Potion"},{"floor":28,"key":"SkillPotion"},{"floor":30,"key":"Swift Potion"}],"is_trial":false,"path_per_floor":["M","$","M","?","?","E","R","E","T","R","?","M","R","M","R","B",null,"M","T","?","M","M","E","R","M","T","R","?","$","M","M","R","B"],"character_chosen":"DEFECT","items_purchased":["Potion Belt","Coolheaded","Seek"],"campfire_rested":2,"item_purchase_floors":[29,29,29],"current_hp_per_floor":[68,68,68,73,53,53,53,43,43,43,43,43,43,39,39,34,69,60,60,38,19,19,15,39,39,39,63,63,63,58,56,56,0],"gold":222,"neow_bonus":"THREE_ENEMY_KILL","is_prod":false,"is_daily":false,"chose_seed":false,"campfire_upgraded":5,"win_rate":0,"timestamp":1546301206,"path_taken":["M","$","M","?","?","E","R","E","T","R","?","M","R","M","R","BOSS","M","?","?","?","M","E","R","M","T","R","?","$","M","M","R","BOSS"],"build_version":"2018-12-20","purchased_purges":1,"victory":false,"max_hp_per_floor":[75,75,75,80,80,80,80,80,80,80,80,80,80,80,80,80,80,80,80,80,80,80,80,80,80,80,80,80,80,80,80,80,80],"card_choices":[{"not_picked":["Consume","Chill"],"picked":"FTL","floor":1.0},{"not_picked":["Compile Driver","Auto Shields"],"picked":"Coolheaded","floor":3.0},{"not_picked":["Chaos","Double Energy"],"picked":"Glacier","floor":6.0},{"not_picked":["Double Energy","Gash","Stack"],"picked":"Ball Lightning","floor":8.0},{"not_picked":["Melter","Rebound","Stack"],"picked":"Conserve Battery","floor":12.0},{"not_picked":["Rebound","Meteor Strike","Skim","Chaos"],"picked":"SKIP","floor":14.0},{"not_picked":["Buffer","Fission","Seek"],"picked":"Biased Cognition","floor":16.0},{"not_picked":["Barrage","Ball Lightning","Compile Driver"],"picked":"Hologram","floor":18.0},{"not_picked":["Redo+1","Streamline","Turbo","Gash"],"picked":"SKIP","floor":21.0},{"not_picked":["Reboot","Streamline","Redo"],"picked":"BootSequence","floor":22.0},{"not_picked":["Rip and Tear","Gash","Beam Cell","Turbo"],"picked":"SKIP","floor":23},{"not_picked":["Redo","Barrage","Heatsinks","Stack"],"picked":"SKIP","floor":25},{"not_picked":["Compile Driver","Leap","Self Repair"],"picked":"Rainbow","floor":30},{"not_picked":["Gash","Glacier","Lockon"],"picked":"Chill","floor":31}],"player_experience":631257,"relics_obtained":[{"floor":6.0,"key":"Question Card"},{"floor":8.0,"key":"Oddly Smooth Stone"},{"floor":9.0,"key":"Tiny Chest"},{"floor":19.0,"key":"Bottled Flame"},{"floor":20.0,"key":"Red Mask"},{"floor":23,"key":"Sundial"},{"floor":26,"key":"Bag of Preparation"}],"event_choices":[{"damage_healed":0.0,"max_hp_gain":5.0,"max_hp_loss":0.0,"gold_gain":0.0,"event_name":"Big Fish","player_choice":"Donut","floor":4.0,"gold_loss":0.0,"damage_taken":0.0},{"damage_healed":0.0,"max_hp_gain":0.0,"max_hp_loss":0.0,"gold_gain":0.0,"event_name":"Golden Idol","player_choice":"Take Damage","floor":5.0,"gold_loss":0.0,"damage_taken":20.0,"relics_obtained":["Golden Idol"]},{"damage_healed":0.0,"max_hp_gain":0.0,"max_hp_loss":0.0,"gold_gain":0.0,"cards_transformed":["Strike_B"],"event_name":"Transmorgrifier","player_choice":"Transformed","floor":11.0,"gold_loss":0.0,"damage_taken":0.0,"cards_obtained":["Hello World"]},{"damage_healed":0.0,"max_hp_gain":0.0,"max_hp_loss":0.0,"gold_gain":0.0,"event_name":"Masked Bandits","player_choice":"Fought Bandits","floor":20.0,"gold_loss":0.0,"damage_taken":0.0},{"damage_healed":0,"gold_gain":0,"player_choice":"Bought 1 Potion","damage_taken":0,"max_hp_gain":0,"max_hp_loss":0,"event_name":"The Woman in Blue","floor":28,"gold_loss":0}],"is_beta":false,"boss_relics":[{"not_picked":["Lizard Tail","Fusion Hammer"],"picked":"Pandora\u0027s Box"}],"items_purged_floors":[2],"is_endless":false,"potions_floor_spawned":[1,6,12,20,22,23,30],"killed_by":"Automaton","ascension_level":13}