{"gold_per_floor":[119,69,81,100,110,143,153,173,173,206,10,89,89,100,100,100],"floor_reached":16,"playtime":1873,"items_purged":["Strike_G"],"score":148,"play_id":"b57fad04-d8bc-423a-b84c-e4141d736210","local_time":"20190629171711","is_ascension_mode":true,"campfire_choices":[{"data":"Glass Knife","floor":13,"key":"SMITH"},{"data":"Neutralize","floor":15,"key":"SMITH"}],"neow_cost":"NONE","seed_source_timestamp":0,"circlet_count":0,"master_deck":["Defend_G","Defend_G","Defend_G","Defend_G","Defend_G","Strike_G","Strike_G","Strike_G","Survivor","Neutralize+1","Bouncing Flask","Poisoned Stab","Dodge and Roll","Calculated Gamble","Glass Knife+1","Dagger Spray","Dodge and Roll","Well Laid Plans","Bouncing Flask","Dash","Deadly Poison"],"special_seed":0,"relics":["Ring of the Snake","Sundial","Ice Cream","Incense Burner"],"potions_floor_usage":[10,10],"damage_taken":[{"damage":0.0,"enemies":"Small Slimes","floor":1.0,"turns":3.0},{"damage":2.0,"enemies":"2 Louse","floor":3.0,"turns":2.0},{"damage":0,"enemies":"Jaw Worm","floor":4,"turns":3},{"damage":10,"enemies":"2 Fungi Beasts","floor":5,"turns":5},{"damage":24,"enemies":"Gremlin Nob","floor":6,"turns":4},{"damage":1,"enemies":"Large Slime","floor":7,"turns":7},{"damage":0,"enemies":"Blue Slaver","floor":8,"turns":3},{"damage":23,"enemies":"3 Sentries","floor":10,"turns":9},{"damage":6,"enemies":"Gremlin Gang","floor":14,"turns":4},{"damage":22,"enemies":"The Guardian","floor":16,"turns":7}],"seed_played":"-7359131115310765697","potions_obtained":[{"floor":1.0,"key":"Regen Potion"},{"floor":5,"key":"Block Potion"},{"floor":14,"key":"Weak Potion"}],"is_trial":false,"path_per_floor":["M","?","M","M","M","E","M","M","T","E","$","?","R","M","R","B"],"character_chosen":"THE_SILENT","items_purchased":["Bouncing Flask","Dash"],"campfire_rested":0,"item_purchase_floors":[11,11],"current_hp_per_floor":[70,70,68,68,58,34,33,33,33,25,25,25,25,19,19,0],"gold":100,"neow_bonus":"TEN_PERCENT_HP_BONUS","is_prod":false,"is_daily":false,"chose_seed":false,"campfire_upgraded":2,"win_rate":0,"timestamp":1561843031,"path_taken":["M","?","M","M","M","E","M","M","T","E","$","?","R","M","R","BOSS"],"build_version":"2019-01-23","purchased_purges":1,"victory":false,"max_hp_per_floor":[77,77,77,77,77,77,77,77,77,77,77,77,77,77,77,77],"card_choices":[{"not_picked":["Skewer","Flying Knee"],"picked":"Bouncing Flask","floor":1.0},{"not_picked":["Deadly Poison","Cloak And Dagger"],"picked":"Poisoned Stab","floor":3},{"not_picked":["Dagger Throw","Prepared"],"picked":"Dodge and Roll","floor":4},{"not_picked":["Outmaneuver","Dagger Throw"],"picked":"Calculated Gamble","floor":5},{"not_picked":["Dagger Throw","Infinite Blades"],"picked":"Glass Knife","floor":6},{"not_picked":["Setup","Predator"],"picked":"Dagger Spray","floor":7},{"not_picked":["Finisher","Outmaneuver"],"picked":"Dodge and Roll","floor":8},{"not_picked":["Cloak And Dagger","Riddle With Holes"],"picked":"Well Laid Plans","floor":10},{"not_picked":["Masterful Stab","Bane"],"picked":"Deadly Poison","floor":14}],"player_experience":434055,"relics_obtained":[{"floor":6,"key":"Sundial"},{"floor":9,"key":"Ice Cream"},{"floor":10,"key":"Incense Burner"}],"event_choices":[{"cards_removed":["Strike_G"],"damage_healed":0.0,"max_hp_gain":0.0,"max_hp_loss":0.0,"gold_gain":0.0,"event_name":"The Cleric","player_choice":"Card Removal","floor":2.0,"gold_loss":50.0,"damage_taken":0.0},{"damage_healed":0,"gold_gain":79,"player_choice":"Gained Gold","damage_taken":0,"max_hp_gain":0,"max_hp_loss":0,"event_name":"Golden Wing","floor":12,"gold_loss":0}],"is_beta":false,"boss_relics":[],"items_purged_floors":[11],"is_endless":false,"potions_floor_spawned":[1,5,14],"killed_by":"The Guardian","ascension_level":6}