{"gold_per_floor":[118,129,129,129,143,174,174,174,174,209,229,229,263,280,280,378,378,391,415,429,59,104,182,222,303,383,439,439,439,497,565,565,693,693,734,734,799,799,892,943,943,985,1008,1008,1059,594,594,594,594,619,619,619,34,87,112],"floor_reached":56,"playtime":2268,"items_purged":["Strike_R","Defend_R","Defend_R"],"score":1381,"play_id":"22bc2b0c-5c81-4dfd-a3e9-8d4f465c0819","local_time":"20190610010925","is_ascension_mode":true,"campfire_choices":[{"data":"True Grit","floor":7,"key":"SMITH"},{"data":"Disarm","floor":12,"key":"SMITH"},{"data":"Spot Weakness","floor":15,"key":"SMITH"},{"data":"Corruption","floor":28,"key":"SMITH"},{"data":"Shockwave","floor":32,"key":"SMITH"},{"data":"Double Tap","floor":41,"key":"SMITH"},{"data":"Shrug It Off","floor":44,"key":"SMITH"},{"floor":49,"key":"RECALL"},{"data":"Thinking Ahead","floor":52,"key":"SMITH"}],"neow_cost":"NONE","seed_source_timestamp":54496439720970,"circlet_count":0,"master_deck":["Strike_R","Defend_R","Defend_R","Bash+1","Corruption+1","Spot Weakness+1","True Grit+1","Disarm+1","Cleave+1","Sword Boomerang+1","Dropkick+1","Reaper+1","HandOfGreed+1","Shrug It Off+1","Shockwave+1","Flame Barrier+1","Double Tap+1","Flame Barrier+1","Shrug It Off","Violence","Thinking Ahead+1","Secret Weapon","Master of Strategy"],"relics":["Burning Blood","Sundial","Torii","Shuriken","Molten Egg 2","Paper Frog","Happy Flower","Sozu","Smiling Mask","Anchor","Strawberry","Red Mask","Singing Bowl","Bag of Preparation","Pear","Empty Cage","Ice Cream","Potion Belt","Dream Catcher","Letter Opener","FaceOfCleric","Bag of Marbles","TheAbacus","Lantern"],"potions_floor_usage":[10,11,13,55],"damage_taken":[{"damage":0,"enemies":"2 Louse","floor":1,"turns":3},{"damage":6,"enemies":"Jaw Worm","floor":2,"turns":3},{"damage":6,"enemies":"Cultist","floor":5,"turns":3},{"damage":14,"enemies":"Lagavulin","floor":6,"turns":6},{"damage":46,"enemies":"Gremlin Nob","floor":10,"turns":5},{"damage":1,"enemies":"Gremlin Gang","floor":11,"turns":3},{"damage":18,"enemies":"3 Sentries","floor":13,"turns":5},{"damage":1,"enemies":"Exordium Thugs","floor":14,"turns":4},{"damage":3,"enemies":"Hexaghost","floor":16,"turns":6},{"damage":18,"enemies":"Spheric Guardian","floor":18,"turns":5},{"damage":1,"enemies":"Chosen","floor":20,"turns":3},{"damage":7,"enemies":"Snake Plant","floor":22,"turns":6},{"damage":36,"enemies":"Slavers","floor":23,"turns":6},{"damage":9,"enemies":"Shelled Parasite and Fungi","floor":24,"turns":4},{"damage":18,"enemies":"Masked Bandits","floor":25,"turns":7},{"damage":16,"enemies":"Book of Stabbing","floor":27,"turns":5},{"damage":25,"enemies":"Slavers","floor":30,"turns":5},{"damage":14,"enemies":"Centurion and Healer","floor":31,"turns":8},{"damage":38,"enemies":"Automaton","floor":33,"turns":9},{"damage":13,"enemies":"3 Darklings","floor":35,"turns":6},{"damage":9,"enemies":"3 Shapes","floor":37,"turns":6},{"damage":14,"enemies":"Jaw Worm Horde","floor":39,"turns":9},{"damage":46,"enemies":"Nemesis","floor":40,"turns":15},{"damage":1,"enemies":"Writhing Mass","floor":42,"turns":7},{"damage":37,"enemies":"Reptomancer","floor":45,"turns":11},{"damage":40,"enemies":"Awakened One","floor":50,"turns":12},{"damage":52,"enemies":"Shield and Spear","floor":54,"turns":5},{"damage":110,"enemies":"The Heart","floor":55,"turns":11}],"seed_played":"2797151849789472450","potions_obtained":[{"floor":1,"key":"Fruit Juice"},{"floor":2,"key":"Explosive Potion"},{"floor":10,"key":"SkillPotion"},{"floor":13,"key":"SkillPotion"}],"is_trial":false,"path_per_floor":["M","M","?","T","M","E","R","?","T","E","M","R","E","M","R","B",null,"M","T","M","$","M","E","M","?","T","E","R","?","E","M","R","B",null,"M","?","M","?","M","E","R","M","T","R","E","$","?","?","R","B",null,"R","$","E","B",null],"character_chosen":"IRONCLAD","items_purchased":["HandOfGreed+1","Anchor","Letter Opener","Violence","Bag of Marbles","TheAbacus","Master of Strategy"],"campfire_rested":0,"item_purchase_floors":[21,21,46,46,53,53,53],"current_hp_per_floor":[80,80,68,68,68,60,60,65,65,30,35,35,23,28,28,31,90,84,84,89,89,90,75,94,97,97,89,89,89,105,105,105,73,113,106,106,105,105,115,75,75,82,82,82,83,83,75,75,75,73,124,124,124,109,18],"gold":112,"neow_bonus":"UPGRADE_CARD","is_prod":false,"is_daily":false,"chose_seed":false,"campfire_upgraded":8,"win_rate":0,"timestamp":1560118165,"path_taken":["M","M","?","?","M","E","R","?","T","E","?","R","E","M","R","BOSS","M","?","?","$","M","E","M","?","T","E","R","?","E","M","R","BOSS","M","?","?","?","M","E","R","M","T","R","E","$","?","?","R","BOSS","R","$","E","BOSS"],"build_version":"2019-01-23","purchased_purges":3,"victory":true,"max_hp_per_floor":[80,80,80,80,80,80,80,85,85,90,90,90,90,90,90,90,90,90,90,90,90,90,97,97,97,97,99,99,99,111,113,113,113,113,113,113,115,115,117,117,117,119,119,119,121,121,123,123,123,124,124,124,124,127,128],"card_choices":[{"not_picked":["Entrench","Armaments"],"picked":"Corruption","floor":1},{"not_picked":["Thunderclap","Havoc"],"picked":"Spot Weakness","floor":2},{"not_picked":["Dropkick","True Grit","Iron Wave"],"picked":"SKIP","floor":5},{"not_picked":["Dropkick","Iron Wave"],"picked":"True Grit","floor":5},{"not_picked":["Thunderclap","Clash"],"picked":"Disarm","floor":6},{"not_picked":["Body Slam+1","Second Wind"],"picked":"Cleave+1","floor":10},{"not_picked":["Infernal Blade","Exhume","Flex"],"picked":"SKIP","floor":11},{"not_picked":["Cleave+1","Thunderclap+1"],"picked":"Sword Boomerang+1","floor":13},{"not_picked":["Whirlwind+1","Dropkick+1","Berserk"],"picked":"SKIP","floor":14},{"not_picked":["Whirlwind+1","Berserk"],"picked":"Dropkick+1","floor":14},{"not_picked":["Double Tap","Demon Form"],"picked":"Reaper+1","floor":16},{"not_picked":["Feel No Pain","Evolve+1","Clothesline+1"],"picked":"SKIP","floor":18},{"not_picked":["Anger+1","Twin Strike+1","Cleave+1"],"picked":"SKIP","floor":20},{"not_picked":["Twin Strike+1","Wild Strike+1","Clash+1"],"picked":"SKIP","floor":22},{"not_picked":["Whirlwind+1","Warcry+1"],"picked":"Shrug It Off","floor":23},{"not_picked":["Flex","Infernal Blade"],"picked":"Shockwave","floor":24},{"not_picked":["Pommel Strike+1","Entrench+1"],"picked":"Flame Barrier+1","floor":25},{"not_picked":["Clash+1","Iron Wave+1","Havoc+1"],"picked":"Singing Bowl","floor":27},{"not_picked":["Hemokinesis+1","Bludgeon+1","Body Slam+1"],"picked":"Singing Bowl","floor":30},{"not_picked":["Clash+1","Fire Breathing","Searing Blow+1"],"picked":"Singing Bowl","floor":31},{"not_picked":["Juggernaut","Demon Form"],"picked":"Double Tap","floor":33},{"not_picked":["Corruption+1","Headbutt+1"],"picked":"Flame Barrier+1","floor":35},{"not_picked":["Armaments+1","Fire Breathing","Wild Strike+1"],"picked":"Singing Bowl","floor":37},{"not_picked":["Headbutt+1","Twin Strike+1","Cleave+1"],"picked":"Singing Bowl","floor":39},{"not_picked":["Sever Soul+1","Inflame+1"],"picked":"Shrug It Off","floor":40},{"not_picked":["Perfected Strike+1","Clothesline+1","True Grit+1"],"picked":"Singing Bowl","floor":42},{"not_picked":["Heavy Blade+1","Wild Strike+1","Hemokinesis+1"],"picked":"Singing Bowl","floor":45},{"not_picked":["Good Instincts","Trip","Chrysalis"],"picked":"Singing Bowl","floor":47},{"not_picked":["HandOfGreed+1","Flash of Steel+1"],"picked":"Thinking Ahead","floor":47},{"not_picked":["Mind Blast+1","Purity"],"picked":"Secret Weapon","floor":47},{"not_picked":["Bloodletting+1","Body Slam+1","Fire Breathing+1"],"picked":"Singing Bowl","floor":54}],"player_experience":946091,"relics_obtained":[{"floor":4,"key":"Torii"},{"floor":6,"key":"Shuriken"},{"floor":9,"key":"Molten Egg 2"},{"floor":10,"key":"Paper Frog"},{"floor":13,"key":"Happy Flower"},{"floor":19,"key":"Smiling Mask"},{"floor":23,"key":"Strawberry"},{"floor":25,"key":"Red Mask"},{"floor":26,"key":"Singing Bowl"},{"floor":27,"key":"Bag of Preparation"},{"floor":30,"key":"Pear"},{"floor":36,"key":"Ice Cream"},{"floor":40,"key":"Potion Belt"},{"floor":45,"key":"Dream Catcher"},{"floor":54,"key":"Lantern"}],"event_choices":[{"damage_healed":0,"gold_gain":0,"player_choice":"Success","damage_taken":12,"relics_obtained":["Sundial"],"max_hp_gain":0,"max_hp_loss":0,"event_name":"Scrap Ooze","floor":3,"gold_loss":0},{"damage_healed":0,"gold_gain":0,"player_choice":"Donut","damage_taken":0,"max_hp_gain":5,"max_hp_loss":0,"event_name":"Big Fish","floor":8,"gold_loss":0},{"damage_healed":0,"gold_gain":0,"player_choice":"Fought Bandits","damage_taken":0,"max_hp_gain":0,"max_hp_loss":0,"event_name":"Masked Bandits","floor":25,"gold_loss":0},{"damage_healed":0,"gold_gain":0,"player_choice":"Ignored","damage_taken":0,"max_hp_gain":0,"max_hp_loss":0,"event_name":"Vampires","floor":29,"gold_loss":0},{"damage_healed":0,"gold_gain":0,"player_choice":"Relic","damage_taken":0,"max_hp_gain":0,"max_hp_loss":0,"event_name":"Wheel of Change","floor":36,"gold_loss":0},{"cards_removed":["Strike_R"],"damage_healed":0,"gold_gain":0,"player_choice":"Removed Attack","damage_taken":0,"max_hp_gain":0,"max_hp_loss":0,"event_name":"Falling","floor":38,"gold_loss":0},{"damage_healed":0,"gold_gain":0,"player_choice":"Memory 3","damage_taken":10,"max_hp_gain":0,"max_hp_loss":0,"event_name":"SensoryStone","floor":47,"gold_loss":0},{"damage_healed":0,"gold_gain":0,"player_choice":"Trade","damage_taken":0,"relics_obtained":["FaceOfCleric"],"max_hp_gain":0,"max_hp_loss":0,"event_name":"FaceTrader","floor":48,"gold_loss":0}],"is_beta":false,"boss_relics":[{"not_picked":["Astrolabe","Orrery"],"picked":"Sozu"},{"not_picked":["Coffee Dripper","Velvet Choker"],"picked":"Empty Cage"}],"items_purged_floors":[21,46,53],"is_endless":false,"potions_floor_spawned":[1,2,10,13,18,22,27,30,33,35,39],"ascension_level":1}