{"gold_per_floor":[110,129,129,129,141,141,176,191,191,218,232,17,29,29,29,150,150,173,173,98,114,114,133,173,173,196,196,32,86,104,104,104,235,235,249,249,272,272,293,336,8,8,8,8,48,21,44,380,380,380],"floor_reached":51,"playtime":14504,"items_purged":[],"score":924,"play_id":"e558f6b2-358d-4875-a73c-d488d581ab4a","local_time":"20180825140002","is_ascension_mode":true,"campfire_choices":[{"data":"White Noise","floor":6.0,"key":"SMITH"},{"data":"Loop","floor":15.0,"key":"SMITH"},{"data":"Defragment","floor":25.0,"key":"SMITH"},{"data":"Self Repair","floor":27.0,"key":"SMITH"},{"data":"Biased Cognition","floor":32.0,"key":"SMITH"},{"data":"Aggregate","floor":49,"key":"SMITH"}],"neow_cost":"CURSE","seed_source_timestamp":0,"circlet_count":0,"master_deck":["Strike_B+1","Strike_B+1","Strike_B+1","Strike_B+1","Defend_B+1","Defend_B+1","Defend_B+1","Defend_B+1","Zap+1","Dualcast+1","Biased Cognition+1","Loop+1","Defragment+1","White Noise+1","Aggregate+1","Auto Shields","Tempest+1","Cold Snap","Chill+1","Darkness+1","Injury","Amplify+1","Self Repair+1","Necronomicurse","Reprogram+1","Conserve Battery+1","Steam+1","Thunder Strike","Chaos+1","Force Field+1","Echo Form","Turbo+1","Conserve Battery+1","Stack+1","White Noise+1","Hello World+1","Discovery+1","Madness+1","Madness+1","All For One","Heatsinks","Genetic Algorithm+1","Heatsinks+1"],"special_seed":0,"relics":["Cracked Core","Anchor","Bird Faced Urn","Toxic Egg 2","Meat on the Bone","Happy Flower","Golden Idol","Nuclear Battery","Necronomicon","Juzu Bracelet","Art of War","War Paint","Black Star","Ancient Tea Set","Peace Pipe","Unceasing Top","Chemical X","Torii","MawBank","Vajra","Old Coin","Ice Cream"],"potions_floor_usage":[45,50],"damage_taken":[{"damage":3.0,"enemies":"2 Louse","floor":1.0,"turns":2.0},{"damage":6.0,"enemies":"Cultist","floor":2.0,"turns":3.0},{"damage":2.0,"enemies":"Jaw Worm","floor":5.0,"turns":2.0},{"damage":25.0,"enemies":"3 Sentries","floor":7.0,"turns":5.0},{"damage":9.0,"enemies":"Exordium Thugs","floor":8.0,"turns":4.0},{"damage":25.0,"enemies":"Gremlin Nob","floor":10.0,"turns":4.0},{"damage":0.0,"enemies":"Lots of Slimes","floor":11.0,"turns":1.0},{"damage":0.0,"enemies":"Looter","floor":13.0,"turns":3.0},{"damage":13.0,"enemies":"Hexaghost","floor":16.0,"turns":7.0},{"damage":0.0,"enemies":"Spheric Guardian","floor":18.0,"turns":3.0},{"damage":0.0,"enemies":"Chosen","floor":21.0,"turns":2.0},{"damage":33.0,"enemies":"3 Cultists","floor":23.0,"turns":5.0},{"damage":36.0,"enemies":"Book of Stabbing","floor":24.0,"turns":5.0},{"damage":0.0,"enemies":"Snecko","floor":30.0,"turns":9.0},{"damage":70.0,"enemies":"Automaton","floor":33.0,"turns":11.0},{"damage":24.0,"enemies":"Flame Bruiser 1 Orb","floor":35.0,"turns":4.0},{"damage":29.0,"enemies":"3 Darklings","floor":37.0,"turns":4.0},{"damage":13.0,"enemies":"4 Shapes","floor":39.0,"turns":7.0},{"damage":64.0,"enemies":"Giant Head","floor":40.0,"turns":7.0},{"damage":46,"enemies":"2 Orb Walkers","floor":45,"turns":5},{"damage":0,"enemies":"Sphere and 2 Shapes","floor":47,"turns":5},{"damage":23,"enemies":"Giant Head","floor":48,"turns":6},{"damage":35,"enemies":"Donu and Deca","floor":50,"turns":6}],"seed_played":"7284761270889837905","potions_obtained":[{"floor":2.0,"key":"Swift Potion"},{"floor":5.0,"key":"PowerPotion"},{"floor":8.0,"key":"Explosive Potion"},{"floor":10.0,"key":"SmokeBomb"},{"floor":21.0,"key":"Poison Potion"},{"floor":23.0,"key":"Energy Potion"},{"floor":33.0,"key":"Explosive Potion"},{"floor":39.0,"key":"Energy Potion"},{"floor":40.0,"key":"SpeedPotion"},{"floor":48,"key":"Explosive Potion"}],"is_trial":false,"path_per_floor":["M","M","?","?","M","R","E","M","T","E","M","$","M","?","R","B",null,"M","?","?","M","?","M","E","R","T","R","$","T","M","?","R","B",null,"M","?","M","?","M","E","$","?","T","?","E","$","M","E","R","B"],"character_chosen":"DEFECT","items_purchased":["Chill+1","Happy Flower","Steam+1","Thunder Strike","Chemical X","Hello World","Discovery+1","Heatsinks"],"campfire_rested":0,"item_purchase_floors":[12,12,28,28,41,41,41,46],"current_hp_per_floor":[72,66,51,48,46,46,21,22,22,5,17,17,33,33,33,40,75,75,75,75,75,59,53,53,53,53,53,53,53,75,75,75,35,75,55,55,58,58,67,47,47,38,38,38,30,30,60,62,62,75],"gold":380,"neow_bonus":"THREE_RARE_CARDS","is_prod":false,"is_daily":false,"chose_seed":false,"campfire_upgraded":6,"win_rate":0,"timestamp":1535230802,"path_taken":["M","M","?","?","M","R","E","?","T","E","M","$","M","?","R","BOSS","M","?","?","?","?","M","E","R","T","R","$","?","M","?","R","BOSS","M","?","M","?","M","E","$","?","T","?","E","?","M","E","R","BOSS"],"build_version":"2018-08-23v2","purchased_purges":0,"victory":true,"max_hp_per_floor":[75,75,75,75,75,75,75,75,75,75,75,75,75,75,75,75,75,75,75,75,75,75,75,75,75,75,75,75,75,75,75,75,75,75,75,75,75,75,75,75,75,75,75,75,75,75,75,75,75,75],"card_choices":[{"not_picked":["Thunder Strike","Hyperbeam"],"picked":"Biased Cognition","floor":0.0},{"not_picked":["Fusion","Steam"],"picked":"Loop","floor":1.0},{"not_picked":["Sweeping Beam","Reinforced Body"],"picked":"Defragment","floor":2.0},{"not_picked":["Conserve Battery","Rebound"],"picked":"White Noise","floor":5.0},{"not_picked":["Streamline","Skim"],"picked":"Aggregate","floor":7.0},{"not_picked":["Scrape","Ball Lightning"],"picked":"Auto Shields","floor":8.0},{"not_picked":["Reinforced Body+1","Gash"],"picked":"Tempest+1","floor":10.0},{"not_picked":["Blizzard","Gash"],"picked":"Cold Snap","floor":11.0},{"not_picked":["Aggregate+1","Turbo+1"],"picked":"Darkness+1","floor":13.0},{"not_picked":["Hyperbeam","Multi-Cast+1"],"picked":"Amplify+1","floor":16.0},{"not_picked":["Rebound+1","BootSequence+1"],"picked":"Self Repair","floor":18.0},{"not_picked":["Gash","Rebound","Ball Lightning"],"picked":"SKIP","floor":21.0},{"not_picked":["Beam Cell+1","Hologram+1"],"picked":"Reprogram+1","floor":23.0},{"not_picked":["Rebound+1","Scrape"],"picked":"Conserve Battery+1","floor":24.0},{"not_picked":["Auto Shields+1","Blizzard+1"],"picked":"Chaos+1","floor":30.0},{"not_picked":["Amplify+1","Multi-Cast+1"],"picked":"Echo Form","floor":33.0},{"not_picked":["Steam Power+1","Compile Driver"],"picked":"Turbo+1","floor":35.0},{"not_picked":["Leap+1","Compile Driver"],"picked":"Conserve Battery+1","floor":37.0},{"not_picked":["FTL","Go for the Eyes+1"],"picked":"Stack+1","floor":39.0},{"not_picked":["Redo+1","Gash+1"],"picked":"White Noise+1","floor":40.0},{"not_picked":["Stack+1","Cold Snap+1"],"picked":"All For One","floor":45},{"not_picked":["Go for the Eyes","Hologram+1"],"picked":"Genetic Algorithm+1","floor":47},{"not_picked":["Gash+1","Stack+1"],"picked":"Heatsinks+1","floor":48}],"player_experience":175970,"relics_obtained":[{"floor":7.0,"key":"Bird Faced Urn"},{"floor":9.0,"key":"Toxic Egg 2"},{"floor":10.0,"key":"Meat on the Bone"},{"floor":22.0,"key":"Necronomicon"},{"floor":24.0,"key":"Juzu Bracelet"},{"floor":26.0,"key":"Art of War"},{"floor":29.0,"key":"War Paint"},{"floor":40.0,"key":"Peace Pipe"},{"floor":40.0,"key":"Unceasing Top"},{"floor":43.0,"key":"Torii"},{"floor":45,"key":"MawBank"},{"floor":45,"key":"Vajra"},{"floor":48,"key":"Old Coin"},{"floor":48,"key":"Ice Cream"}],"event_choices":[{"event_name":"Shining Light","player_choice":"Entered Light","floor":3.0,"damage_taken":0.0},{"event_name":"Scrap Ooze","player_choice":"success","floor":4.0,"damage_taken":3.0},{"event_name":"Golden Idol","player_choice":"Take Wound","floor":14.0,"damage_taken":0.0},{"event_name":"Back to Basics","player_choice":"Simplicity","floor":19.0,"damage_taken":0.0},{"event_name":"Beggar","player_choice":"Gave Gold","floor":20.0,"damage_taken":0.0},{"event_name":"Cursed Tome","player_choice":"Obtained Book","floor":22.0,"damage_taken":0.0},{"event_name":"The Library","player_choice":"Read","floor":31.0,"damage_taken":0.0},{"event_name":"Tomb of Lord Red Mask","player_choice":"Ignored","floor":36.0,"damage_taken":0.0},{"event_name":"WeMeetAgain","player_choice":"Potion","floor":38.0,"damage_taken":0.0},{"event_name":"Winding Halls","player_choice":"Embrace Madness","floor":42.0,"damage_taken":0.0},{"event_name":"Accursed Blacksmith","player_choice":"Forge","floor":44.0,"damage_taken":0.0}],"is_beta":false,"boss_relics":[{"not_picked":["Busted Crown","Runic Pyramid"],"picked":"Nuclear Battery"},{"not_picked":["Coffee Dripper","Cursed Key"],"picked":"Black Star"}],"items_purged_floors":[],"is_endless":false,"potions_floor_spawned":[2,5,8,10,21,23,33,39,40,48],"ascension_level":3}