{"gold_per_floor":[118,118,132,46,59,59,59,90,90,11,11,11,11,28,28,129,179,190,203,203,215,140,140,155,155,155,174,174,205,205,216,216,216],"floor_reached":33,"playtime":1183,"items_purged":["Defend_R"],"score":265,"play_id":"6d2c116b-a7ac-4c75-9677-3ed4ba4c96ad","local_time":"20180805043225","is_ascension_mode":false,"campfire_choices":[{"data":"Dual Wield","floor":6.0,"key":"SMITH"},{"data":"Metallicize","floor":11.0,"key":"SMITH"},{"data":"Battle Trance","floor":13.0,"key":"SMITH"},{"data":"Perfected Strike","floor":15.0,"key":"SMITH"},{"data":"Immolate","floor":23.0,"key":"SMITH"},{"floor":25.0,"key":"REST"},{"floor":28.0,"key":"REST"},{"floor":30.0,"key":"REST"},{"floor":32.0,"key":"REST"}],"neow_cost":"","seed_source_timestamp":43120938928870,"circlet_count":0,"master_deck":["Strike_R","Strike_R","Strike_R","Strike_R","Strike_R","Defend_R","Defend_R","Defend_R+1","Bash","Thunderclap","Disarm","Metallicize+1","Flex","Dual Wield+1","Perfected Strike+1","Battle Trance+1","Shrug It Off","Immolate+1","Seeing Red","Wild Strike+1"],"special_seed":0,"relics":["Burning Blood","Paper Frog","Vajra","Tiny House","Oddly Smooth Stone","Bottled Lightning"],"potions_floor_usage":[33,33,33],"damage_taken":[{"damage":6.0,"enemies":"Cultist","floor":1.0,"turns":3.0},{"damage":10.0,"enemies":"Small Slimes","floor":3.0,"turns":4.0},{"damage":0.0,"enemies":"2 Louse","floor":5.0,"turns":4.0},{"damage":35.0,"enemies":"Lagavulin","floor":8.0,"turns":12.0},{"damage":8.0,"enemies":"Lots of Slimes","floor":14.0,"turns":3.0},{"damage":18.0,"enemies":"The Guardian","floor":16.0,"turns":24.0},{"damage":25.0,"enemies":"3 Byrds","floor":18.0,"turns":3.0},{"damage":22.0,"enemies":"Shell Parasite","floor":19.0,"turns":8.0},{"damage":32.0,"enemies":"Centurion and Healer","floor":21.0,"turns":8.0},{"damage":14.0,"enemies":"Snake Plant","floor":24.0,"turns":4.0},{"damage":17.0,"enemies":"Sentry and Sphere","floor":27.0,"turns":7.0},{"damage":52.0,"enemies":"Gremlin Leader","floor":29.0,"turns":5.0},{"damage":5.0,"enemies":"3 Cultists","floor":31.0,"turns":4.0},{"damage":74,"enemies":"Automaton","floor":33,"turns":12}],"seed_played":"-4526122027257582803","potions_obtained":[{"floor":1.0,"key":"Weak Potion"},{"floor":14.0,"key":"SteroidPotion"},{"floor":17.0,"key":"Fruit Juice"},{"floor":27.0,"key":"SkillPotion"}],"is_trial":false,"path_per_floor":["M","$","M","$","M","R","$","E","T","$","R","?","R","M","R","B",null,"M","M","?","M","$","R","M","R","T","M","R","E","R","M","R"],"character_chosen":"IRONCLAD","items_purchased":["Metallicize","Flex","Battle Trance","Shrug It Off"],"campfire_rested":4,"item_purchase_floors":[4,4,10,10],"current_hp_per_floor":[80,80,76,76,80,80,80,51,51,51,51,51,51,49,49,37,85,66,55,55,29,29,29,21,48,48,37,64,18,45,46,73,0],"gold":216,"neow_bonus":"","is_prod":false,"is_daily":false,"chose_seed":false,"campfire_upgraded":5,"win_rate":0,"timestamp":1533432745,"path_taken":["M","$","M","$","M","R","$","E","T","?","R","?","R","?","R","BOSS","M","?","?","M","$","R","M","R","T","M","R","E","R","M","R","BOSS"],"build_version":"2018-08-02","purchased_purges":1,"victory":false,"max_hp_per_floor":[80,80,80,80,80,80,80,80,80,80,80,80,80,80,80,80,85,85,90,90,90,90,90,90,90,90,90,90,90,90,90,90,90],"card_choices":[{"not_picked":["Seeing Red","Corruption"],"picked":"Thunderclap","floor":1.0},{"not_picked":["Sever Soul","Infernal Blade"],"picked":"Disarm","floor":3.0},{"not_picked":["Warcry","Clash"],"picked":"Dual Wield","floor":5.0},{"not_picked":["Intimidate","Clash"],"picked":"Perfected Strike","floor":8.0},{"not_picked":["Corruption","Warcry","Sword Boomerang"],"picked":"SKIP","floor":14.0},{"not_picked":["Reaper","Impervious"],"picked":"Immolate","floor":16.0},{"not_picked":["Armaments+1","Iron Wave","Sword Boomerang+1"],"picked":"SKIP","floor":18.0},{"not_picked":["Warcry","Uppercut","Sword Boomerang+1"],"picked":"SKIP","floor":19.0},{"not_picked":["Flex","Twin Strike"],"picked":"Seeing Red","floor":21.0},{"not_picked":["Clothesline","Shrug It Off+1","Thunderclap"],"picked":"SKIP","floor":24.0},{"not_picked":["Twin Strike","Pommel Strike","Flex+1"],"picked":"SKIP","floor":27.0},{"not_picked":["Exhume","Havoc+1"],"picked":"Wild Strike+1","floor":29.0},{"not_picked":["Thunderclap","Entrench","Heavy Blade"],"picked":"SKIP","floor":31.0}],"player_experience":407751,"relics_obtained":[{"floor":8.0,"key":"Paper Frog"},{"floor":9.0,"key":"Vajra"},{"floor":26.0,"key":"Oddly Smooth Stone"},{"floor":29.0,"key":"Bottled Lightning"}],"event_choices":[{"event_name":"Liars Game","player_choice":"disagreed","floor":12.0,"damage_taken":0.0},{"event_name":"Ghosts","player_choice":"Ignored","floor":20.0,"damage_taken":0.0}],"is_beta":false,"boss_relics":[{"not_picked":["Eternal Feather","Calling Bell"],"picked":"Tiny House"}],"items_purged_floors":[22],"is_endless":false,"potions_floor_spawned":[1,14,18,27,29,31],"killed_by":"Automaton","ascension_level":0}