{"gold_per_floor":[109,59,59,22,40,40,115,115,164,190,69,101,112,132,132,132],"floor_reached":16,"playtime":676,"items_purged":[],"score":151,"play_id":"8388f6e7-376f-4e36-972d-094d4fd0874e","local_time":"20190807015518","is_ascension_mode":true,"campfire_choices":[{"data":"Bash","floor":6,"key":"SMITH"},{"data":"Flame Barrier","floor":8,"key":"SMITH"},{"floor":15,"key":"REST"}],"neow_cost":"NONE","seed_source_timestamp":114070038365485,"circlet_count":0,"master_deck":["Strike_R","Strike_R","Strike_R","Strike_R","Defend_R","Defend_R","Defend_R","Defend_R","Bash+1","Metallicize","Flame Barrier+1","Body Slam","Feel No Pain","Cleave","Shrug It Off","Metallicize"],"relics":["Burning Blood","Anchor","Bag of Marbles","The Courier","Tiny Chest","Matryoshka"],"potions_floor_usage":[12,12,16],"damage_taken":[{"damage":3,"enemies":"Jaw Worm","floor":1,"turns":5},{"damage":9,"enemies":"Small Slimes","floor":5,"turns":6},{"damage":18,"enemies":"Gremlin Nob","floor":10,"turns":4},{"damage":24,"enemies":"Lagavulin","floor":12,"turns":7},{"damage":2,"enemies":"Cultist","floor":13,"turns":4},{"damage":0,"enemies":"Blue Slaver","floor":14,"turns":2},{"damage":64,"enemies":"Hexaghost","floor":16,"turns":14}],"seed_played":"2322907913046392551","potions_obtained":[{"floor":1,"key":"Block Potion"},{"floor":5,"key":"Block Potion"},{"floor":12,"key":"Energy Potion"}],"is_trial":false,"path_per_floor":["M","?","?","$","M","R","?","R","T","E","$","E","M","M","R","B"],"character_chosen":"IRONCLAD","items_purchased":["Metallicize","Tiny Chest","Feel No Pain"],"campfire_rested":1,"item_purchase_floors":[4,11,11],"current_hp_per_floor":[83,83,71,71,68,68,57,57,57,45,45,27,31,37,63,0],"gold":132,"neow_bonus":"TEN_PERCENT_HP_BONUS","is_prod":false,"is_daily":false,"chose_seed":false,"campfire_upgraded":2,"win_rate":0,"timestamp":1565160918,"path_taken":["M","?","?","?","?","R","?","R","T","E","$","E","M","M","R","BOSS"],"build_version":"2019-07-17","purchased_purges":0,"victory":false,"max_hp_per_floor":[88,88,88,88,88,88,88,88,88,88,88,88,88,88,88,88],"card_choices":[{"not_picked":["Perfected Strike","Warcry","Thunderclap"],"picked":"SKIP","floor":1},{"not_picked":["Dual Wield","Body Slam"],"picked":"Flame Barrier","floor":5},{"not_picked":["Cleave","Intimidate"],"picked":"Body Slam","floor":10},{"not_picked":["Flame Barrier","Rampage"],"picked":"Cleave","floor":12},{"not_picked":["Heavy Blade","Sentinel"],"picked":"Shrug It Off","floor":13},{"not_picked":["Perfected Strike","Sword Boomerang"],"picked":"Metallicize","floor":14}],"player_experience":650300,"relics_obtained":[{"floor":9,"key":"Bag of Marbles"},{"floor":10,"key":"The Courier"},{"floor":12,"key":"Matryoshka"}],"event_choices":[{"cards_removed":["Strike_R"],"damage_healed":0,"gold_gain":0,"player_choice":"Card Removal","damage_taken":0,"max_hp_gain":0,"max_hp_loss":0,"event_name":"The Cleric","floor":2,"gold_loss":50},{"damage_healed":0,"gold_gain":0,"player_choice":"Success","damage_taken":12,"relics_obtained":["Anchor"],"max_hp_gain":0,"max_hp_loss":0,"event_name":"Scrap Ooze","floor":3,"gold_loss":0},{"damage_healed":0,"gold_gain":75,"player_choice":"Gather Gold","damage_taken":11,"max_hp_gain":0,"max_hp_loss":0,"event_name":"World of Goop","floor":7,"gold_loss":0}],"is_beta":false,"boss_relics":[],"items_purged_floors":[],"is_endless":false,"potions_floor_spawned":[1,5,12],"killed_by":"Hexaghost","ascension_level":8}