{"gold_per_floor":[109,109,109,121,137,165,178,103,127,140,90,124,124,135,135,237,237,249,249,261,87,116,148,165,177,177,52,52,52,52,64,64,168,168,187,187,37,50,50,83,83,98,98,98,98,116,116,338,338,338,338,338,130,158,158],"floor_reached":55,"playtime":2219,"items_purged":["Defend_G","Defend_G","Defend_G","Strike_G+1","Defend_G"],"score":725,"play_id":"69db4c4b-6a80-4b98-9b25-f7b46b68a36b","local_time":"20190711171603","is_ascension_mode":false,"campfire_choices":[{"floor":13.0,"key":"RECALL"},{"data":"Noxious Fumes","floor":15.0,"key":"SMITH"},{"data":"Blur","floor":30.0,"key":"SMITH"},{"data":"Heel Hook","floor":32.0,"key":"SMITH"},{"data":"Phantasmal Killer","floor":41.0,"key":"SMITH"},{"data":"Grand Finale","floor":47.0,"key":"SMITH"},{"data":"Heel Hook","floor":49.0,"key":"SMITH"},{"data":"Survivor","floor":52,"key":"SMITH"}],"neow_cost":"NONE","seed_source_timestamp":3122812896954,"circlet_count":0,"master_deck":["Strike_G+1","Defend_G","Survivor+1","Neutralize+1","Grand Finale+1","Blur+1","Heel Hook+1","Heel Hook+1","Phantasmal Killer+1","Caltrops+1","Tactician+1"],"special_seed":0,"relics":["Ring of the Snake","NeowsBlessing","Whetstone","Bag of Preparation","Busted Crown","Red Mask","Happy Flower","Lantern","Runic Pyramid","Frozen Egg 2","Letter Opener","Bottled Lightning"],"potions_floor_usage":[55,55],"damage_taken":[{"damage":0.0,"enemies":"Jaw Worm","floor":1.0,"turns":1.0},{"damage":0.0,"enemies":"Small Slimes","floor":4.0,"turns":1.0},{"damage":0.0,"enemies":"Cultist","floor":5.0,"turns":1.0},{"damage":23.0,"enemies":"Lagavulin","floor":6.0,"turns":8.0},{"damage":4.0,"enemies":"Large Slime","floor":7.0,"turns":6.0},{"damage":8.0,"enemies":"2 Fungi Beasts","floor":10.0,"turns":3.0},{"damage":1.0,"enemies":"3 Sentries","floor":12.0,"turns":2.0},{"damage":6.0,"enemies":"Exordium Thugs","floor":14.0,"turns":3.0},{"damage":4.0,"enemies":"Hexaghost","floor":16.0,"turns":11.0},{"damage":0.0,"enemies":"Chosen","floor":18.0,"turns":6.0},{"damage":2.0,"enemies":"Spheric Guardian","floor":20.0,"turns":7.0},{"damage":8.0,"enemies":"Masked Bandits","floor":22.0,"turns":3.0},{"damage":36.0,"enemies":"Slavers","floor":23.0,"turns":7.0},{"damage":12.0,"enemies":"Snecko","floor":24.0,"turns":4.0},{"damage":0.0,"enemies":"Chosen and Byrds","floor":25.0,"turns":4.0},{"damage":0.0,"enemies":"Centurion and Healer","floor":31.0,"turns":2.0},{"damage":8.0,"enemies":"Champ","floor":33.0,"turns":10.0},{"damage":2.0,"enemies":"3 Shapes","floor":35.0,"turns":3.0},{"damage":0.0,"enemies":"3 Darklings","floor":38.0,"turns":1.0},{"damage":0.0,"enemies":"Reptomancer","floor":40.0,"turns":3.0},{"damage":0.0,"enemies":"4 Shapes","floor":42.0,"turns":1.0},{"damage":19.0,"enemies":"Transient","floor":46.0,"turns":5.0},{"damage":53,"enemies":"Donu and Deca","floor":50,"turns":9},{"damage":2,"enemies":"Shield and Spear","floor":54,"turns":3},{"damage":107,"enemies":"The Heart","floor":55,"turns":6}],"seed_played":"-8155064052726129918","potions_obtained":[{"floor":1.0,"key":"Fruit Juice"},{"floor":4.0,"key":"Strength Potion"},{"floor":7.0,"key":"AttackPotion"},{"floor":12.0,"key":"Block Potion"},{"floor":23.0,"key":"SteroidPotion"},{"floor":24.0,"key":"Block Potion"},{"floor":25.0,"key":"AttackPotion"},{"floor":33.0,"key":"Energy Potion"},{"floor":35.0,"key":"Regen Potion"},{"floor":36.0,"key":"AttackPotion"},{"floor":40.0,"key":"Regen Potion"}],"is_trial":false,"path_per_floor":["M","?","?","M","M","E","M","$","T","M","?","E","R","M","R","B",null,"M","?","M","$","?","E","M","M","T","$","?","$","R","M","R","B",null,"M","?","$","M","$","E","R","M","T","?","?","M","R","?","R","B",null,"R","$","E","B"],"character_chosen":"THE_SILENT","items_purchased":["Heel Hook","Caltrops+1"],"campfire_rested":0,"item_purchase_floors":[21,53],"current_hp_per_floor":[70,56,56,56,56,38,34,34,34,26,26,25,25,19,19,15,75,75,75,73,73,65,29,17,17,17,17,17,17,17,17,17,9,75,73,73,73,73,73,73,73,73,73,73,73,54,54,54,54,1,75,75,75,73,0],"gold":158,"neow_bonus":"THREE_ENEMY_KILL","is_prod":false,"is_daily":false,"chose_seed":false,"campfire_upgraded":7,"win_rate":0,"timestamp":1562890563,"path_taken":["M","?","?","M","?","E","M","$","T","M","?","E","R","M","R","BOSS","M","?","M","?","?","E","M","?","T","$","?","$","R","M","R","BOSS","M","?","$","M","?","E","R","M","T","?","?","M","R","?","R","BOSS","R","$","E","BOSS"],"build_version":"2019-07-05","purchased_purges":5,"victory":false,"max_hp_per_floor":[70,70,70,70,70,75,75,75,75,75,75,75,75,75,75,75,75,75,75,75,75,75,75,75,75,75,75,75,75,75,75,75,75,75,75,75,75,75,75,75,75,75,75,75,75,75,75,75,75,75,75,75,75,75,75],"card_choices":[{"not_picked":["Escape Plan","Slice","Underhanded Strike"],"picked":"SKIP","floor":1.0},{"not_picked":["Calculated Gamble","Cloak And Dagger"],"picked":"Noxious Fumes","floor":4.0},{"not_picked":["Choke","Cloak And Dagger","Underhanded Strike"],"picked":"SKIP","floor":5.0},{"not_picked":["PiercingWail","Accuracy","Expertise"],"picked":"SKIP","floor":6.0},{"not_picked":["Cloak And Dagger","Bane","Backflip"],"picked":"SKIP","floor":7.0},{"not_picked":["Blade Dance","Calculated Gamble"],"picked":"Grand Finale","floor":10.0},{"not_picked":["Dagger Throw","PiercingWail","Acrobatics"],"picked":"SKIP","floor":12.0},{"not_picked":["All Out Attack","Bouncing Flask","Infinite Blades"],"picked":"SKIP","floor":14.0},{"not_picked":["Acrobatics"],"picked":"SKIP","floor":18.0},{"not_picked":["Blade Dance"],"picked":"SKIP","floor":20.0},{"not_picked":["Finisher"],"picked":"SKIP","floor":23.0},{"not_picked":[],"picked":"Heel Hook","floor":24.0},{"not_picked":["Choke"],"picked":"SKIP","floor":25.0},{"not_picked":["Caltrops"],"picked":"SKIP","floor":31.0},{"not_picked":[],"picked":"Phantasmal Killer","floor":33.0},{"not_picked":["Sucker Punch"],"picked":"SKIP","floor":35.0},{"not_picked":["Slice"],"picked":"SKIP","floor":38.0},{"not_picked":["Dagger Spray+1"],"picked":"SKIP","floor":40.0},{"not_picked":["Infinite Blades+1"],"picked":"SKIP","floor":42.0},{"not_picked":["Footwork+1"],"picked":"SKIP","floor":46.0},{"not_picked":[],"picked":"Tactician+1","floor":54}],"player_experience":556397,"relics_obtained":[{"floor":6.0,"key":"Whetstone"},{"floor":12.0,"key":"Bag of Preparation"},{"floor":22.0,"key":"Red Mask"},{"floor":23.0,"key":"Happy Flower"},{"floor":26.0,"key":"Lantern"},{"floor":40.0,"key":"Frozen Egg 2"},{"floor":43.0,"key":"Letter Opener"},{"floor":54,"key":"Bottled Lightning"}],"event_choices":[{"damage_healed":0.0,"max_hp_gain":0.0,"max_hp_loss":0.0,"gold_gain":0.0,"event_name":"Shining Light","player_choice":"Entered Light","floor":2.0,"gold_loss":0.0,"damage_taken":14.0,"cards_upgraded":["Strike_G","Neutralize"]},{"damage_healed":0.0,"max_hp_gain":0.0,"max_hp_loss":0.0,"gold_gain":0.0,"event_name":"Match and Keep!","player_choice":"0 cards matched","floor":3.0,"gold_loss":0.0,"damage_taken":0.0,"cards_obtained":[]},{"cards_removed":["Strike_G"],"damage_healed":0.0,"max_hp_gain":0.0,"max_hp_loss":0.0,"gold_gain":0.0,"event_name":"The Cleric","player_choice":"Card Removal","floor":11.0,"gold_loss":50.0,"damage_taken":0.0},{"damage_healed":0.0,"max_hp_gain":0.0,"max_hp_loss":0.0,"gold_gain":0.0,"cards_transformed":["Strike_G"],"event_name":"Transmorgrifier","player_choice":"Transformed","floor":19.0,"gold_loss":0.0,"damage_taken":0.0,"cards_obtained":["Blur"]},{"damage_healed":0.0,"max_hp_gain":0.0,"max_hp_loss":0.0,"gold_gain":0.0,"event_name":"Masked Bandits","player_choice":"Fought Bandits","floor":22.0,"gold_loss":0.0,"damage_taken":0.0},{"cards_removed":["Strike_G"],"damage_healed":0.0,"max_hp_gain":0.0,"max_hp_loss":0.0,"gold_gain":0.0,"event_name":"Back to Basics","player_choice":"Elegance","floor":28.0,"gold_loss":0.0,"damage_taken":0.0},{"damage_healed":0.0,"max_hp_gain":0.0,"max_hp_loss":0.0,"gold_gain":0.0,"event_name":"Lab","player_choice":"Got Potions","floor":36.0,"gold_loss":0.0,"damage_taken":0.0},{"damage_healed":0.0,"max_hp_gain":0.0,"max_hp_loss":0.0,"gold_gain":0.0,"event_name":"SensoryStone","player_choice":"Memory 1","floor":44.0,"gold_loss":0.0,"damage_taken":0.0},{"cards_removed":["Noxious Fumes"],"damage_healed":0.0,"max_hp_gain":0.0,"max_hp_loss":0.0,"gold_gain":0.0,"event_name":"Falling","player_choice":"Removed Power","floor":45.0,"gold_loss":0.0,"damage_taken":0.0},{"damage_healed":0.0,"max_hp_gain":0.0,"max_hp_loss":0.0,"gold_gain":222.0,"event_name":"Tomb of Lord Red Mask","player_choice":"Wore Mask","floor":48.0,"gold_loss":0.0,"damage_taken":0.0}],"is_beta":false,"boss_relics":[{"not_picked":["Orrery","Ectoplasm"],"picked":"Busted Crown"},{"not_picked":["Velvet Choker","Cursed Key"],"picked":"Runic Pyramid"}],"items_purged_floors":[8,21,27,37,53],"is_endless":false,"potions_floor_spawned":[1,4,7,12,23,24,25,31,33,35,40],"killed_by":"The Heart","ascension_level":0}