{"gold_per_floor":[14,14,26,43,55,71,71,85,85,85,85,85,114,22,22,99,149,164,364,381,381,381,381,381,381,407,407,426,406,406,331,331,410,410,423,423,423,423,348,348,360,360,360,373,384,384,396,17,17,17],"floor_reached":51,"playtime":1780,"items_purged":["Defend_B+1","Defend_B+1"],"score":1318,"play_id":"9e074a07-7ec8-4933-9020-8a2fd8d0a050","local_time":"20181024215021","is_ascension_mode":true,"campfire_choices":[{"data":"Sunder","floor":7.0,"key":"SMITH"},{"data":"Zap","floor":10.0,"key":"SMITH"},{"data":"Glacier","floor":12.0,"key":"SMITH"},{"data":"Conserve Battery","floor":15.0,"key":"SMITH"},{"floor":23,"key":"REST"},{"data":"Buffer","floor":25,"key":"SMITH"},{"data":"Capacitor","floor":27,"key":"SMITH"},{"data":"Leap","floor":30,"key":"SMITH"},{"floor":32,"key":"REST"},{"data":"Biased Cognition","floor":40,"key":"SMITH"},{"floor":42,"key":"REST"},{"data":"Dramatic Entrance","floor":46,"key":"SMITH"},{"floor":49,"key":"REST"}],"neow_cost":"NO_GOLD","seed_source_timestamp":35018629339162,"circlet_count":0,"master_deck":["Strike_B+1","Strike_B+1","Strike_B+1","Strike_B+1","Defend_B+1","Zap+1","Dualcast+1","AscendersBane","Conserve Battery+1","Glacier+1","Leap+1","BootSequence","Sunder+1","Dramatic Entrance+1","Buffer+1","Capacitor+1","Biased Cognition+1","Thinking Ahead","Magnetism","Jack Of All Trades"],"special_seed":0,"relics":["Cracked Core","Bird Faced Urn","Symbiotic Virus","FaceOfCleric","Mercury Hourglass","Tiny House","Juzu Bracelet","Velvet Choker","Du-Vu Doll","Singing Bowl"],"potions_floor_usage":[33,33,50,50],"damage_taken":[{"damage":1.0,"enemies":"Cultist","floor":1.0,"turns":3.0},{"damage":2.0,"enemies":"Jaw Worm","floor":3.0,"turns":4.0},{"damage":4.0,"enemies":"2 Louse","floor":4.0,"turns":3.0},{"damage":0.0,"enemies":"Looter","floor":5.0,"turns":4.0},{"damage":0.0,"enemies":"Exordium Wildlife","floor":6.0,"turns":3.0},{"damage":5.0,"enemies":"Red Slaver","floor":8.0,"turns":3.0},{"damage":16.0,"enemies":"Lagavulin","floor":13.0,"turns":7.0},{"damage":24.0,"enemies":"Slime Boss","floor":16.0,"turns":9.0},{"damage":24,"enemies":"Spheric Guardian","floor":18,"turns":6},{"damage":0,"enemies":"Chosen","floor":20,"turns":5},{"damage":24,"enemies":"Colosseum Slavers","floor":21,"turns":4},{"damage":0,"enemies":"Centurion and Healer","floor":28,"turns":9},{"damage":51,"enemies":"Champ","floor":33,"turns":16},{"damage":37,"enemies":"3 Darklings","floor":35,"turns":6},{"damage":0,"enemies":"Mind Bloom Boss Battle","floor":37,"turns":7},{"damage":6,"enemies":"Orb Walker","floor":41,"turns":3},{"damage":22,"enemies":"Writhing Mass","floor":44,"turns":5},{"damage":7,"enemies":"Spire Growth","floor":45,"turns":6},{"damage":1,"enemies":"4 Shapes","floor":47,"turns":3},{"damage":96,"enemies":"Awakened One","floor":50,"turns":22}],"seed_played":"3372849521973571052","potions_obtained":[{"floor":3.0,"key":"SpeedPotion"},{"floor":6.0,"key":"SneckoOil"},{"floor":17,"key":"FocusPotion"},{"floor":28,"key":"Block Potion"},{"floor":33,"key":"PowerPotion"},{"floor":36,"key":"SteroidPotion"},{"floor":36,"key":"Weak Potion"}],"is_trial":false,"path_per_floor":["M","?","M","M","M","M","R","M","T","R","?","R","E","$","R","B",null,"M","?","M","?","?","R","?","R","T","R","M","?","R","?","R","B",null,"M","?","?","?","$","R","M","R","T","M","M","R","M","$","R","B"],"character_chosen":"DEFECT","items_purchased":["Dramatic Entrance","Magnetism","Jack Of All Trades"],"campfire_rested":4,"item_purchase_floors":[14,48,48],"current_hp_per_floor":[63,63,61,57,57,57,57,52,52,52,52,52,37,37,37,14,63,40,40,43,22,22,46,46,46,46,46,51,51,51,51,75,29,70,40,40,47,47,47,47,44,69,69,56,58,58,64,64,92,13],"gold":17,"neow_bonus":"ONE_RARE_RELIC","is_prod":false,"is_daily":false,"chose_seed":false,"campfire_upgraded":9,"win_rate":0,"timestamp":1540407021,"path_taken":["M","?","M","M","M","M","R","M","T","R","?","R","E","?","R","BOSS","M","?","?","?","?","R","?","R","T","R","M","?","R","?","R","BOSS","M","?","?","?","?","R","M","R","T","M","M","R","M","$","R","BOSS"],"build_version":"2018-10-18","purchased_purges":2,"victory":true,"max_hp_per_floor":[71,71,71,71,71,71,71,71,71,71,71,71,72,72,72,73,78,79,79,80,81,81,81,81,81,81,81,82,82,82,82,82,83,83,84,84,85,85,85,85,86,86,86,89,92,92,95,95,95,96],"card_choices":[{"not_picked":["Barrage","Skim"],"picked":"Conserve Battery","floor":1.0},{"not_picked":["White Noise","Rebound"],"picked":"Glacier","floor":3.0},{"not_picked":["Compile Driver","Gash"],"picked":"Leap","floor":4.0},{"not_picked":["Beam Cell","Turbo"],"picked":"BootSequence","floor":5.0},{"not_picked":["Cold Snap","Rebound"],"picked":"Sunder","floor":6.0},{"not_picked":["Leap","Chill","Static Discharge"],"picked":"SKIP","floor":8.0},{"not_picked":["Fusion","Reinforced Body","Beam Cell"],"picked":"SKIP","floor":13.0},{"not_picked":["Machine Learning","Multi-Cast"],"picked":"Buffer","floor":16.0},{"not_picked":["Barrage","Gash+1","Sweeping Beam"],"picked":"SKIP","floor":18},{"not_picked":["Compile Driver","Streamline"],"picked":"Capacitor","floor":20},{"not_picked":["Rebound","Stack","Redo"],"picked":"SKIP","floor":28},{"not_picked":["Fission","Machine Learning"],"picked":"Biased Cognition","floor":33},{"not_picked":["Coolheaded","Redo","Gash"],"picked":"SKIP","floor":35},{"not_picked":["Deep Breath","Mind Blast"],"picked":"Thinking Ahead","floor":38},{"not_picked":["Go for the Eyes+1","Hologram","Gash+1"],"picked":"SKIP","floor":41},{"not_picked":["Ball Lightning","Gash","Rebound"],"picked":"Singing Bowl","floor":44},{"not_picked":["Conserve Battery","Double Energy","Recycle"],"picked":"Singing Bowl","floor":45},{"not_picked":["Force Field","Core Surge","Conserve Battery+1"],"picked":"Singing Bowl","floor":47}],"player_experience":484965,"relics_obtained":[{"floor":9.0,"key":"Symbiotic Virus"},{"floor":13.0,"key":"Mercury Hourglass"},{"floor":26,"key":"Juzu Bracelet"},{"floor":37,"key":"Du-Vu Doll"},{"floor":43,"key":"Singing Bowl"}],"event_choices":[{"damage_healed":0.0,"max_hp_gain":0.0,"max_hp_loss":0.0,"gold_gain":0.0,"event_name":"Golden Wing","player_choice":"Ignored","floor":2.0,"gold_loss":0.0,"damage_taken":0.0},{"damage_healed":0.0,"max_hp_gain":0.0,"max_hp_loss":0.0,"gold_gain":0.0,"event_name":"FaceTrader","player_choice":"Trade","floor":11.0,"gold_loss":0.0,"damage_taken":0.0,"relics_obtained":["FaceOfCleric"]},{"damage_healed":0,"gold_gain":200,"player_choice":"Gold","damage_taken":0,"max_hp_gain":0,"max_hp_loss":0,"event_name":"Wheel of Change","floor":19,"gold_loss":0},{"damage_healed":0,"gold_gain":0,"player_choice":"Fight","damage_taken":0,"max_hp_gain":0,"max_hp_loss":0,"event_name":"Colosseum","floor":21,"gold_loss":0},{"damage_healed":0,"gold_gain":0,"player_choice":"Fled From Nobs","damage_taken":0,"max_hp_gain":0,"max_hp_loss":0,"event_name":"Colosseum","floor":21,"gold_loss":0},{"damage_healed":0,"gold_gain":0,"player_choice":"Ignored","damage_taken":0,"max_hp_gain":0,"max_hp_loss":0,"event_name":"Ghosts","floor":22,"gold_loss":0},{"damage_healed":0,"gold_gain":0,"player_choice":"Simplicity","damage_taken":0,"max_hp_gain":0,"max_hp_loss":0,"event_name":"Back to Basics","floor":24,"gold_loss":0,"cards_upgraded":["Strike_B","Strike_B","Strike_B","Strike_B","Defend_B","Defend_B","Defend_B","Defend_B"]},{"damage_healed":0,"gold_gain":0,"player_choice":"Bought 1 Potion","damage_taken":0,"max_hp_gain":0,"max_hp_loss":0,"event_name":"The Woman in Blue","floor":29,"gold_loss":0},{"cards_removed":["Defend_B"],"damage_healed":0,"gold_gain":0,"player_choice":"Gave Gold","damage_taken":0,"max_hp_gain":0,"max_hp_loss":0,"event_name":"Beggar","floor":31,"gold_loss":75},{"damage_healed":0,"gold_gain":0,"player_choice":"Got Potions","damage_taken":0,"max_hp_gain":0,"max_hp_loss":0,"event_name":"The Lab","floor":36,"gold_loss":0},{"damage_healed":0,"gold_gain":0,"player_choice":"Fight","damage_taken":0,"max_hp_gain":0,"max_hp_loss":0,"event_name":"MindBloom","floor":37,"gold_loss":0},{"damage_healed":0,"gold_gain":0,"player_choice":"Memory 1","damage_taken":0,"max_hp_gain":0,"max_hp_loss":0,"event_name":"SensoryStone","floor":38,"gold_loss":0}],"is_beta":false,"boss_relics":[{"not_picked":["Orrery","Black Star"],"picked":"Tiny House"},{"not_picked":["Eternal Feather","Inserter"],"picked":"Velvet Choker"}],"items_purged_floors":[39,48],"is_endless":false,"potions_floor_spawned":[3,6,8,20,28,33,41,44,47],"ascension_level":17}