{"gold_per_floor":[114,114,35,54,68,99,24,85,85,8,80,80],"floor_reached":12,"playtime":356,"items_purged":["Strike_G"],"score":148,"play_id":"9c59e9db-6529-4d2e-bbe4-c0ec6c638f70","local_time":"20190723231129","is_ascension_mode":true,"campfire_choices":[],"neow_cost":"NONE","seed_source_timestamp":6658501763632,"circlet_count":0,"master_deck":["AscendersBane","Strike_G","Strike_G","Strike_G","Defend_G","Defend_G","Defend_G","Defend_G","Defend_G","Survivor","Neutralize","Caltrops","Grand Finale","Dash","Leg Sweep","Dagger Spray","Terror","Backstab"],"special_seed":0,"relics":["Ring of the Snake","NeowsBlessing","Vajra","Happy Flower","Frozen Egg 2"],"potions_floor_usage":[6],"damage_taken":[{"damage":0.0,"enemies":"Jaw Worm","floor":1.0,"turns":1.0},{"damage":0,"enemies":"Cultist","floor":4,"turns":1},{"damage":0,"enemies":"Small Slimes","floor":5,"turns":1},{"damage":25,"enemies":"3 Sentries","floor":6,"turns":10},{"damage":32,"enemies":"3 Sentries","floor":8,"turns":8},{"damage":5,"enemies":"Gremlin Gang","floor":12,"turns":1}],"seed_played":"9038372653469916109","potions_obtained":[{"floor":4,"key":"Explosive Potion"},{"floor":5,"key":"Ancient Potion"}],"is_trial":false,"path_per_floor":["M","?","$","M","M","E","$","?","T","$","?","M"],"character_chosen":"THE_SILENT","items_purchased":["Grand Finale","Backstab"],"campfire_rested":0,"item_purchase_floors":[3,10],"current_hp_per_floor":[59,59,59,59,59,34,34,2,2,2,2,0],"gold":80,"neow_bonus":"THREE_ENEMY_KILL","is_prod":false,"is_daily":false,"chose_seed":false,"campfire_upgraded":0,"win_rate":0,"timestamp":1563948689,"path_taken":["M","?","$","M","?","E","$","?","T","$","?","M"],"build_version":"2019-07-17","purchased_purges":1,"victory":false,"max_hp_per_floor":[66,66,66,66,66,66,66,66,66,66,66,66],"card_choices":[{"not_picked":["Dagger Throw","Cloak And Dagger"],"picked":"Caltrops","floor":1.0},{"not_picked":["Sucker Punch","Flying Knee"],"picked":"Dash","floor":4},{"not_picked":["Tactician","Flying Knee"],"picked":"Leg Sweep","floor":5},{"not_picked":["Poisoned Stab","Slice"],"picked":"Dagger Spray","floor":6},{"not_picked":["Outmaneuver","Slice"],"picked":"Terror","floor":8}],"player_experience":673724,"relics_obtained":[{"floor":6,"key":"Vajra"},{"floor":8,"key":"Happy Flower"},{"floor":9,"key":"Frozen Egg 2"}],"event_choices":[{"cards_removed":["Strike_G"],"damage_healed":0,"gold_gain":0,"player_choice":"Offered Basic","damage_taken":0,"max_hp_gain":0,"max_hp_loss":0,"event_name":"Bonfire Elementals","floor":2,"gold_loss":0},{"damage_healed":0,"gold_gain":0,"player_choice":"Searched \u00271\u0027 times","damage_taken":0,"max_hp_gain":0,"max_hp_loss":0,"event_name":"Dead Adventurer","floor":8,"gold_loss":0},{"damage_healed":0,"gold_gain":72,"player_choice":"Gained Gold","damage_taken":0,"max_hp_gain":0,"max_hp_loss":0,"event_name":"Golden Wing","floor":11,"gold_loss":0}],"is_beta":false,"boss_relics":[],"items_purged_floors":[7],"is_endless":false,"potions_floor_spawned":[4,5],"killed_by":"Gremlin Gang","ascension_level":19}