{"gold_per_floor":[116,116,127,127,52,52,52,52,52,52,82,1,19,53,53,154,154,167,183,199,60,60,60,88,88,141,141,241,268,286,286,286,387,387,399,399,417,39,51,81,81,97,97,97,110,139,139,151,151,151],"floor_reached":51,"playtime":2218,"items_purged":["Strike_G","Injury"],"score":1139,"play_id":"9e7f007c-2b1b-4b86-a42d-f7140fba6e7e","local_time":"20181110210820","is_ascension_mode":true,"campfire_choices":[{"data":"Neutralize","floor":6.0,"key":"SMITH"},{"data":"Quick Slash","floor":8.0,"key":"SMITH"},{"data":"Survivor","floor":10.0,"key":"SMITH"},{"data":"Crippling Poison","floor":15.0,"key":"SMITH"},{"floor":23.0,"key":"REST"},{"data":"Footwork","floor":25.0,"key":"SMITH"},{"data":"Backflip","floor":27.0,"key":"SMITH"},{"floor":32.0,"key":"REST"},{"floor":41.0,"key":"REST"},{"floor":44.0,"key":"REST"},{"data":"Blur","floor":47,"key":"SMITH"},{"floor":49,"key":"REST"}],"neow_cost":"NONE","seed_source_timestamp":25710862080264,"circlet_count":0,"master_deck":["AscendersBane","Defend_G","Defend_G","Defend_G","Strike_G","Strike_G","Strike_G","Strike_G","Survivor+1","Neutralize+1","Poisoned Stab","Quick Slash+1","Acrobatics","Dodge and Roll","Cloak And Dagger","Noxious Fumes+1","Backflip+1","Crippling Poison+1","Adrenaline","Die Die Die+1","All Out Attack+1","Terror+1","Crippling Poison","Footwork+1","Dash+1","Deadly Poison","Noxious Fumes+1","Blur+1","Noxious Fumes","Backstab+1","Caltrops","Blur+1","Deadly Poison","Backstab+1"],"special_seed":0,"relics":["Orrery","Regal Pillow","PreservedInsect","Molten Egg 2","Cursed Key","MutagenicStrength","Incense Burner","Oddly Smooth Stone","Lantern","WristBlade","ClockworkSouvenir","Bag of Marbles","Dream Catcher"],"potions_floor_usage":[50,50,50],"damage_taken":[{"damage":2.0,"enemies":"Cultist","floor":1.0,"turns":5.0},{"damage":3.0,"enemies":"Jaw Worm","floor":3.0,"turns":4.0},{"damage":9.0,"enemies":"Lagavulin","floor":11.0,"turns":7.0},{"damage":7.0,"enemies":"Small Slimes","floor":13.0,"turns":4.0},{"damage":1.0,"enemies":"Gremlin Nob","floor":14.0,"turns":4.0},{"damage":6.0,"enemies":"Hexaghost","floor":16.0,"turns":9.0},{"damage":11.0,"enemies":"2 Thieves","floor":18.0,"turns":3.0},{"damage":0.0,"enemies":"Spheric Guardian","floor":19.0,"turns":3.0},{"damage":9.0,"enemies":"Snake Plant","floor":20.0,"turns":4.0},{"damage":14.0,"enemies":"Slavers","floor":24.0,"turns":4.0},{"damage":20.0,"enemies":"Gremlin Leader","floor":29.0,"turns":6.0},{"damage":10.0,"enemies":"Sentry and Sphere","floor":30.0,"turns":4.0},{"damage":57.0,"enemies":"Champ","floor":33.0,"turns":15.0},{"damage":8.0,"enemies":"3 Shapes","floor":35.0,"turns":4.0},{"damage":17.0,"enemies":"Orb Walker","floor":37.0,"turns":4.0},{"damage":27.0,"enemies":"Transient","floor":39.0,"turns":5.0},{"damage":29.0,"enemies":"Giant Head","floor":40.0,"turns":7.0},{"damage":13.0,"enemies":"Writhing Mass","floor":42.0,"turns":5.0},{"damage":7.0,"enemies":"Sphere and 2 Shapes","floor":45.0,"turns":3.0},{"damage":0,"enemies":"Reptomancer","floor":46,"turns":4},{"damage":17,"enemies":"3 Darklings","floor":48,"turns":3},{"damage":62,"enemies":"Awakened One","floor":50,"turns":18}],"seed_played":"352843532764748950","potions_obtained":[{"floor":3.0,"key":"Block Potion"},{"floor":7.0,"key":"Fruit Juice"},{"floor":7.0,"key":"GamblersBrew"},{"floor":14.0,"key":"FairyPotion"},{"floor":16.0,"key":"EssenceOfSteel"},{"floor":24.0,"key":"Poison Potion"},{"floor":33.0,"key":"LiquidBronze"},{"floor":39.0,"key":"Ancient Potion"},{"floor":45.0,"key":"EssenceOfSteel"},{"floor":48,"key":"Strength Potion"}],"is_trial":false,"path_per_floor":["M","?","M","?","$","R","?","R","T","R","E","$","M","E","R","B",null,"M","M","M","$","?","R","E","R","T","R","?","E","E","M","?","R","B",null,"M","?","M","$","M","E","R","M","T","R","M","E","R","M","R","B",null],"character_chosen":"THE_SILENT","items_purchased":["Crippling Poison","Footwork","Dash+1","ClockworkSouvenir","Caltrops"],"campfire_rested":5,"item_purchase_floors":[12,21,21,38,38],"current_hp_per_floor":[61,54,51,51,51,51,51,51,51,51,47,47,40,39,39,33,65,54,54,45,45,45,75,61,61,61,61,61,41,31,31,68,11,59,51,51,34,34,7,7,44,31,31,68,61,61,61,44,75,13],"gold":151,"neow_bonus":"BOSS_RELIC","is_prod":false,"is_daily":false,"chose_seed":false,"campfire_upgraded":7,"win_rate":0,"timestamp":1541873300,"path_taken":["M","?","M","?","$","R","?","R","T","R","E","$","?","E","R","BOSS","M","M","M","$","?","R","E","R","T","R","?","E","?","?","R","BOSS","M","?","M","$","?","E","R","?","T","R","M","E","R","?","R","BOSS"],"build_version":"2018-11-08","purchased_purges":2,"victory":true,"max_hp_per_floor":[70,70,70,70,70,70,70,70,70,70,75,75,75,75,75,75,75,75,75,75,75,75,75,75,75,75,75,75,75,75,75,75,75,75,75,75,75,75,75,75,75,75,75,75,75,75,75,75,75,75],"card_choices":[{"not_picked":["Tactician","Slice"],"picked":"Poisoned Stab","floor":0.0},{"not_picked":["Choke","Infinite Blades"],"picked":"Quick Slash","floor":0.0},{"not_picked":["Dagger Throw","Tactician"],"picked":"Acrobatics","floor":0.0},{"not_picked":["Dagger Throw","PiercingWail"],"picked":"Dodge and Roll","floor":0.0},{"not_picked":["Quick Slash","Infinite Blades"],"picked":"Cloak And Dagger","floor":0.0},{"not_picked":["Dodge and Roll","Storm of Steel"],"picked":"Noxious Fumes","floor":1.0},{"not_picked":["Calculated Gamble","Outmaneuver","Bane"],"picked":"SKIP","floor":3.0},{"not_picked":["Outmaneuver","Poisoned Stab"],"picked":"Backflip","floor":11.0},{"not_picked":["Cloak And Dagger","Endless Agony","Tactician"],"picked":"SKIP","floor":13.0},{"not_picked":["Cloak And Dagger","Unload"],"picked":"Adrenaline","floor":14.0},{"not_picked":["Glass Knife+1","Storm of Steel"],"picked":"Die Die Die+1","floor":16.0},{"not_picked":["Distraction","Expertise"],"picked":"All Out Attack+1","floor":18.0},{"not_picked":["Dagger Spray+1","Infinite Blades"],"picked":"Terror+1","floor":19.0},{"not_picked":["Deadly Poison","PiercingWail"],"picked":"Crippling Poison","floor":20.0},{"not_picked":["Sucker Punch+1","Adrenaline"],"picked":"Deadly Poison","floor":24.0},{"not_picked":["Accuracy","Poisoned Stab+1","Dodge and Roll+1"],"picked":"SKIP","floor":29.0},{"not_picked":["Caltrops+1","Dodge and Roll"],"picked":"Noxious Fumes+1","floor":30.0},{"not_picked":["Blade Dance","Dagger Spray+1","Deadly Poison+1"],"picked":"SKIP","floor":35.0},{"not_picked":["Cloak And Dagger","Dagger Spray+1"],"picked":"Backstab+1","floor":37.0},{"not_picked":["Endless Agony+1","Prepared+1","PiercingWail"],"picked":"SKIP","floor":39.0},{"not_picked":["Blade Dance","All Out Attack+1"],"picked":"Blur+1","floor":40.0},{"not_picked":["Cloak And Dagger","Blade Dance+1","Storm of Steel"],"picked":"SKIP","floor":42.0},{"not_picked":["Terror","Prepared","Escape Plan+1"],"picked":"SKIP","floor":45.0},{"not_picked":["Prepared+1","Deadly Poison","Cloak And Dagger+1"],"picked":"SKIP","floor":46},{"not_picked":["Prepared+1","Cloak And Dagger+1"],"picked":"Deadly Poison","floor":46},{"not_picked":["Eviscerate+1","Acrobatics+1","Backflip"],"picked":"SKIP","floor":48},{"not_picked":["Noxious Fumes+1","Blade Dance"],"picked":"Backstab+1","floor":49}],"player_experience":505040,"relics_obtained":[{"floor":9.0,"key":"Regal Pillow"},{"floor":11.0,"key":"PreservedInsect"},{"floor":14.0,"key":"Molten Egg 2"},{"floor":24.0,"key":"Incense Burner"},{"floor":26.0,"key":"Oddly Smooth Stone"},{"floor":29.0,"key":"Lantern"},{"floor":40.0,"key":"Bag of Marbles"},{"floor":46,"key":"Dream Catcher"}],"event_choices":[{"cards_removed":["Defend_G"],"damage_healed":0.0,"max_hp_gain":0.0,"max_hp_loss":0.0,"gold_gain":0.0,"event_name":"Golden Wing","player_choice":"Card Removal","floor":2.0,"gold_loss":0.0,"damage_taken":7.0},{"damage_healed":0.0,"max_hp_gain":0.0,"max_hp_loss":0.0,"gold_gain":0.0,"event_name":"Living Wall","player_choice":"Grow","floor":4.0,"gold_loss":0.0,"damage_taken":0.0,"cards_upgraded":["Noxious Fumes"]},{"damage_healed":0.0,"max_hp_gain":0.0,"max_hp_loss":0.0,"gold_gain":0.0,"event_name":"Lab","player_choice":"Got Potions","floor":7.0,"gold_loss":0.0,"damage_taken":0.0},{"damage_healed":0.0,"max_hp_gain":0.0,"max_hp_loss":0.0,"gold_gain":0.0,"event_name":"Drug Dealer","player_choice":"Inject Mutagens","floor":22.0,"gold_loss":0.0,"damage_taken":0.0,"relics_obtained":["MutagenicStrength"]},{"damage_healed":0.0,"max_hp_gain":0.0,"max_hp_loss":0.0,"gold_gain":100.0,"event_name":"Golden Shrine","player_choice":"Pray","floor":28.0,"gold_loss":0.0,"damage_taken":0.0},{"damage_healed":0.0,"max_hp_gain":0.0,"max_hp_loss":0.0,"gold_gain":0.0,"event_name":"The Library","player_choice":"Read","floor":31.0,"gold_loss":0.0,"damage_taken":0.0,"cards_obtained":["Blur"]},{"damage_healed":0.0,"max_hp_gain":0.0,"max_hp_loss":0.0,"gold_gain":0.0,"cards_transformed":["Defend_G"],"event_name":"Transmorgrifier","player_choice":"Transformed","floor":36.0,"gold_loss":0.0,"damage_taken":0.0,"cards_obtained":["Noxious Fumes"]}],"is_beta":false,"boss_relics":[{"not_picked":["Lizard Tail","Tiny House"],"picked":"Cursed Key"},{"not_picked":["Runic Dome","Coffee Dripper"],"picked":"WristBlade"}],"items_purged_floors":[5,38],"is_endless":false,"potions_floor_spawned":[3,14,16,18,24,33,39,45,48],"ascension_level":10}