{"gold_per_floor":[218,68,243,90,102,102,117,144,144,144,62,62,80,7,7,103,103,122,122,133,147,147,147,161,196,222,222,236,37,37,54,54,54],"floor_reached":33,"playtime":860,"items_purged":["Strike_R","Doubt","Strike_R"],"score":411,"play_id":"cb736ab2-70d1-4162-bbfa-5c6c61b807af","local_time":"20181212132525","is_ascension_mode":true,"campfire_choices":[{"data":"Armaments","floor":6.0,"key":"SMITH"},{"data":"Body Slam","floor":12.0,"key":"SMITH"},{"floor":15.0,"key":"REST"},{"floor":23,"key":"REST"},{"floor":27,"key":"REST"},{"floor":30,"key":"REST"},{"data":"Limit Break","floor":32,"key":"SMITH"}],"neow_cost":"NONE","seed_source_timestamp":20217232423653,"circlet_count":0,"master_deck":["AscendersBane","Strike_R","Strike_R","Defend_R","Defend_R","Defend_R","Defend_R","Bash","Iron Wave","Sword Boomerang","Flex","Armaments+1","Twin Strike","Body Slam+1","Dropkick","Disarm","Shrug It Off","Limit Break+1","Feed"],"special_seed":0,"relics":["Burning Blood","Vajra","Matryoshka","Boot","Busted Crown","Enchiridion","Orichalcum","Art of War","Red Skull"],"potions_floor_usage":[20,25,28,33,33],"damage_taken":[{"damage":2.0,"enemies":"Small Slimes","floor":1.0,"turns":4.0},{"damage":7.0,"enemies":"Jaw Worm","floor":5.0,"turns":2.0},{"damage":1.0,"enemies":"Cultist","floor":7.0,"turns":3.0},{"damage":50.0,"enemies":"Lagavulin","floor":8.0,"turns":7.0},{"damage":3.0,"enemies":"Blue Slaver","floor":13.0,"turns":3.0},{"damage":41.0,"enemies":"Slime Boss","floor":16.0,"turns":9.0},{"damage":8,"enemies":"3 Byrds","floor":18,"turns":5},{"damage":33,"enemies":"2 Thieves","floor":20,"turns":4},{"damage":16,"enemies":"Sentry and Sphere","floor":21,"turns":5},{"damage":10,"enemies":"Chosen and Byrds","floor":24,"turns":4},{"damage":31,"enemies":"Book of Stabbing","floor":25,"turns":6},{"damage":27,"enemies":"Shelled Parasite and Fungi","floor":28,"turns":5},{"damage":21,"enemies":"Centurion and Healer","floor":31,"turns":8},{"damage":79,"enemies":"Automaton","floor":33,"turns":6}],"seed_played":"-2746071363313914433","potions_obtained":[{"floor":1.0,"key":"BloodPotion"},{"floor":13.0,"key":"Dexterity Potion"},{"floor":25,"key":"Regen Potion"},{"floor":28,"key":"Dexterity Potion"},{"floor":31,"key":"Strength Potion"}],"is_trial":false,"path_per_floor":["M","$","?","$","M","R","M","E","T","?","$","R","M","?","R","B",null,"M","?","M","M","?","R","M","E","T","R","M","$","R","M","R","B"],"character_chosen":"IRONCLAD","items_purchased":["Sword Boomerang","Flex","Armaments","Disarm","Feed"],"campfire_rested":4,"item_purchase_floors":[2,2,4,11,29],"current_hp_per_floor":[76,76,76,76,75,75,80,36,36,29,29,29,32,32,56,21,65,63,47,28,18,18,42,38,13,13,37,30,30,54,43,43,0],"gold":54,"neow_bonus":"HUNDRED_GOLD","is_prod":false,"is_daily":false,"chose_seed":false,"campfire_upgraded":3,"win_rate":0,"timestamp":1544610325,"path_taken":["M","$","?","$","M","R","M","E","T","?","?","R","M","?","R","BOSS","M","?","M","M","?","R","M","E","T","R","M","$","R","?","R","BOSS"],"build_version":"2018-12-06","purchased_purges":3,"victory":false,"max_hp_per_floor":[80,80,80,80,80,80,80,80,80,80,80,80,80,80,80,80,80,80,80,80,80,80,80,80,80,80,80,80,80,80,84,84,84],"card_choices":[{"not_picked":["Combust","Warcry"],"picked":"Iron Wave","floor":1.0},{"not_picked":["Warcry","Seeing Red"],"picked":"Twin Strike","floor":5.0},{"not_picked":["Iron Wave","Clash"],"picked":"Body Slam","floor":7.0},{"not_picked":["Twin Strike","Armaments"],"picked":"Dropkick","floor":8.0},{"not_picked":["Bloodletting","Blood for Blood"],"picked":"Shrug It Off","floor":13.0},{"not_picked":["Dark Embrace","Double Tap"],"picked":"Limit Break","floor":16.0},{"not_picked":["Dual Wield+1"],"picked":"SKIP","floor":18},{"not_picked":["Power Through"],"picked":"SKIP","floor":20},{"not_picked":["Combust+1"],"picked":"SKIP","floor":21},{"not_picked":["Carnage"],"picked":"SKIP","floor":24},{"not_picked":["Hemokinesis+1"],"picked":"SKIP","floor":25},{"not_picked":["Searing Blow"],"picked":"SKIP","floor":28},{"not_picked":["Combust"],"picked":"SKIP","floor":31}],"player_experience":582947,"relics_obtained":[{"floor":8.0,"key":"Vajra"},{"floor":9.0,"key":"Matryoshka"},{"floor":19,"key":"Enchiridion"},{"floor":25,"key":"Orichalcum"},{"floor":26,"key":"Art of War"},{"floor":26,"key":"Red Skull"}],"event_choices":[{"damage_healed":0.0,"max_hp_gain":0.0,"max_hp_loss":0.0,"gold_gain":175.0,"event_name":"Liars Game","player_choice":"AGREE","floor":3.0,"gold_loss":0.0,"damage_taken":0.0,"cards_obtained":["Doubt"]},{"cards_removed":["Strike_R"],"damage_healed":0.0,"max_hp_gain":0.0,"max_hp_loss":0.0,"gold_gain":0.0,"event_name":"Golden Wing","player_choice":"Card Removal","floor":10.0,"gold_loss":0.0,"damage_taken":7.0},{"damage_healed":0.0,"max_hp_gain":0.0,"max_hp_loss":0.0,"gold_gain":0.0,"event_name":"WeMeetAgain","player_choice":"Paid Gold","floor":14.0,"gold_loss":73.0,"damage_taken":0.0,"relics_obtained":["Boot"]},{"damage_healed":0,"gold_gain":0,"player_choice":"Obtained Book","damage_taken":16,"max_hp_gain":0,"max_hp_loss":0,"event_name":"Cursed Tome","floor":19,"gold_loss":0},{"damage_healed":0,"gold_gain":0,"player_choice":"Ignored","damage_taken":0,"max_hp_gain":0,"max_hp_loss":0,"event_name":"Ghosts","floor":22,"gold_loss":0}],"is_beta":false,"boss_relics":[{"not_picked":["Astrolabe","Orrery"],"picked":"Busted Crown"}],"items_purged_floors":[2,4,29],"is_endless":false,"potions_floor_spawned":[1,13,18,25,28,31],"killed_by":"Automaton","ascension_level":11}