{"gold_per_floor":[367,367,17,36,56,83,99,99,126,136,150,185,200,185],"floor_reached":14,"playtime":641,"items_purged":[],"score":104,"play_id":"fd7fc846-a6aa-4c61-b7c5-5c40e8da939a","local_time":"20180729072606","is_ascension_mode":false,"campfire_choices":[],"neow_cost":"TEN_PERCENT_HP_LOSS","seed_source_timestamp":0,"circlet_count":0,"master_deck":["Strike_B","Strike_B","Strike_B","Strike_B","Defend_B","Defend_B","Defend_B","Defend_B","Zap","Dualcast+1","Rebound","Lockon","Thunder Strike","Turbo","Genetic Algorithm","Storm","Sweeping Beam","Redo","Redo","Darkness","Gash","Streamline"],"special_seed":0,"relics":["Cracked Core","Tiny Chest","Omamori","Lantern","Strawberry","Letter Opener"],"potions_floor_usage":[6,11,12,14],"damage_taken":[{"damage":3,"enemies":"Jaw Worm","floor":1,"turns":3},{"damage":0,"enemies":"Cultist","floor":4,"turns":2},{"damage":5,"enemies":"Small Slimes","floor":5,"turns":3},{"damage":27,"enemies":"Lagavulin","floor":6,"turns":6},{"damage":10,"enemies":"Looter","floor":7,"turns":3},{"damage":5,"enemies":"Gremlin Gang","floor":10,"turns":2},{"damage":4,"enemies":"Exordium Thugs","floor":11,"turns":4},{"damage":19,"enemies":"3 Sentries","floor":12,"turns":5},{"damage":13,"enemies":"2 Fungi Beasts","floor":13,"turns":4},{"damage":5,"enemies":"Looter","floor":14,"turns":1}],"seed_played":"6695905273130547014","potions_obtained":[{"floor":4,"key":"Weak Potion"},{"floor":7,"key":"Ancient Potion"},{"floor":10,"key":"Regen Potion"},{"floor":11,"key":"AttackPotion"},{"floor":13,"key":"PowerPotion"}],"is_trial":false,"path_per_floor":["M","?","$","M","M","E","M","T","T","M","M","E","M"],"character_chosen":"DEFECT","items_purchased":["Tiny Chest","Lockon","Thunder Strike","Turbo"],"campfire_rested":0,"item_purchase_floors":[3,3,3,3],"current_hp_per_floor":[65,65,65,65,60,33,23,23,30,25,33,14,1,0],"gold":185,"neow_bonus":"TWO_FIFTY_GOLD","is_prod":false,"is_daily":false,"chose_seed":false,"campfire_upgraded":0,"win_rate":0.0,"timestamp":1532841966,"path_taken":["M","?","$","M","M","E","M","?","T","M","?","E","M","M"],"build_version":"2018-07-26","purchased_purges":0,"victory":false,"max_hp_per_floor":[68,68,68,68,68,68,68,68,75,75,75,75,75,75],"card_choices":[{"not_picked":["Darkness","Skim"],"picked":"Rebound","floor":1},{"not_picked":["Doom and Gloom","Barrage"],"picked":"Genetic Algorithm","floor":4},{"not_picked":["Rebound","Loop"],"picked":"Storm","floor":5},{"not_picked":["Skim","Turbo"],"picked":"Sweeping Beam","floor":6},{"not_picked":["Glacier","Barrage"],"picked":"Redo","floor":7},{"not_picked":["Leap","Hologram"],"picked":"Redo","floor":10},{"not_picked":["Conserve Battery","Barrage"],"picked":"Darkness","floor":11},{"not_picked":["Fusion","Coolheaded"],"picked":"Gash","floor":12},{"not_picked":["Undo","Sweeping Beam"],"picked":"Streamline","floor":13}],"player_experience":85996,"relics_obtained":[{"floor":6,"key":"Omamori"},{"floor":8,"key":"Lantern"},{"floor":9,"key":"Strawberry"},{"floor":12,"key":"Letter Opener"}],"event_choices":[{"event_name":"Upgrade Shrine","player_choice":"Upgraded","floor":2,"damage_taken":0}],"is_beta":false,"boss_relics":[],"items_purged_floors":[],"is_endless":false,"potions_floor_spawned":[4,7,10,11,13],"killed_by":"Looter","ascension_level":0}