{"gold_per_floor":[111,186,197,197,208,236,248,281,281,301,331,5,5,17,17,112,112,127,143,43,73,83,83,98,131,131,131,164,164,181,207,207,304,304,316,191,191,205,216,216,249,249,249,471,500,518,27,54,54,54,54,54,0,27,27],"floor_reached":55,"playtime":1576,"items_purged":["Strike_R","Strike_R","Strike_R"],"score":953,"play_id":"64682cd5-1ada-4787-a2e0-85570c7134dc","local_time":"20190606015444","is_ascension_mode":true,"campfire_choices":[{"data":"Immolate","floor":13.0,"key":"SMITH"},{"data":"Bash","floor":15.0,"key":"SMITH"},{"data":"Fiend Fire","floor":23.0,"key":"SMITH"},{"floor":29.0,"key":"REST"},{"floor":32.0,"key":"REST"},{"data":"Demon Form","floor":40.0,"key":"SMITH"},{"data":"True Grit","floor":42.0,"key":"SMITH"},{"floor":49,"key":"RECALL"},{"data":"Heavy Blade","floor":52,"key":"SMITH"}],"neow_cost":"NONE","seed_source_timestamp":4632130060295,"circlet_count":0,"master_deck":["Strike_R+1","Strike_R","Defend_R","Defend_R","Defend_R","Defend_R","Bash+1","Thunderclap+1","Immolate+1","Headbutt","Dropkick","True Grit+1","Fiend Fire+1","Demon Form+1","Shrug It Off+1","Burning Pact+1","Limit Break+1","Double Tap+1","Heavy Blade+1","Shrug It Off+1","Warcry+1","Battle Trance+1","Inflame"],"special_seed":0,"relics":["Burning Blood","Mummified Hand","Juzu Bracelet","Sundial","Whetstone","Happy Flower","Toxic Egg 2","Philosopher\u0027s Stone","Red Mask","Blue Candle","Bottled Lightning","WingedGreaves","PreservedInsect","Eternal Feather","The Courier","Mango","Centennial Puzzle","Paper Frog","Orichalcum","Red Skull","Self Forming Clay"],"potions_floor_usage":[55,55],"damage_taken":[{"damage":6.0,"enemies":"Cultist","floor":1.0,"turns":3.0},{"damage":6.0,"enemies":"2 Louse","floor":3.0,"turns":3.0},{"damage":0.0,"enemies":"Small Slimes","floor":5.0,"turns":3.0},{"damage":42.0,"enemies":"Lagavulin","floor":6.0,"turns":6.0},{"damage":5.0,"enemies":"Looter","floor":7.0,"turns":3.0},{"damage":9.0,"enemies":"3 Sentries","floor":8.0,"turns":3.0},{"damage":9.0,"enemies":"Exordium Thugs","floor":10.0,"turns":3.0},{"damage":14.0,"enemies":"Gremlin Nob","floor":11.0,"turns":3.0},{"damage":0.0,"enemies":"2 Fungi Beasts","floor":14.0,"turns":3.0},{"damage":32.0,"enemies":"Hexaghost","floor":16.0,"turns":8.0},{"damage":33.0,"enemies":"Spheric Guardian","floor":18.0,"turns":5.0},{"damage":6.0,"enemies":"Shell Parasite","floor":19.0,"turns":3.0},{"damage":10.0,"enemies":"Masked Bandits","floor":21.0,"turns":3.0},{"damage":8.0,"enemies":"Cultist and Chosen","floor":22.0,"turns":4.0},{"damage":2.0,"enemies":"Chosen and Byrds","floor":24.0,"turns":3.0},{"damage":25.0,"enemies":"Slavers","floor":25.0,"turns":2.0},{"damage":20.0,"enemies":"Gremlin Leader","floor":28.0,"turns":5.0},{"damage":11.0,"enemies":"Centurion and Healer","floor":30.0,"turns":3.0},{"damage":31.0,"enemies":"Book of Stabbing","floor":31.0,"turns":4.0},{"damage":47.0,"enemies":"Champ","floor":33.0,"turns":8.0},{"damage":13.0,"enemies":"3 Shapes","floor":35.0,"turns":3.0},{"damage":19.0,"enemies":"Orb Walker","floor":38.0,"turns":4.0},{"damage":0.0,"enemies":"Jaw Worm Horde","floor":39.0,"turns":2.0},{"damage":28.0,"enemies":"Reptomancer","floor":41.0,"turns":4.0},{"damage":0.0,"enemies":"Giant Head","floor":45.0,"turns":5.0},{"damage":27.0,"enemies":"Writhing Mass","floor":46.0,"turns":5.0},{"damage":0,"enemies":"Reptomancer","floor":48,"turns":2},{"damage":72,"enemies":"Donu and Deca","floor":50,"turns":7},{"damage":38,"enemies":"Shield and Spear","floor":54,"turns":4},{"damage":68,"enemies":"The Heart","floor":55,"turns":3}],"seed_played":"5511434345601900631","potions_obtained":[{"floor":3.0,"key":"AttackPotion"},{"floor":7.0,"key":"LiquidBronze"},{"floor":10.0,"key":"SkillPotion"},{"floor":16.0,"key":"Fire Potion"},{"floor":18.0,"key":"PowerPotion"},{"floor":22.0,"key":"Explosive Potion"},{"floor":31.0,"key":"Block Potion"},{"floor":48,"key":"EssenceOfSteel"}],"is_trial":false,"path_per_floor":["M","?","M","?","M","E","M","E","T","M","E","$","R","M","R","B",null,"M","M","$","?","M","R","M","E","T","?","E","R","M","E","R","B",null,"M","$","?","M","M","R","E","R","T","?","E","M","$","E","R","B",null,"R","$","E","B"],"character_chosen":"IRONCLAD","items_purchased":["Toxic Egg 2","Centennial Puzzle","Paper Frog","Orichalcum","Warcry+1","Inflame"],"campfire_rested":2,"item_purchase_floors":[12,47,47,47,47,53],"current_hp_per_floor":[88,77,77,74,80,44,45,42,42,39,31,31,31,37,37,11,88,61,61,61,57,55,55,59,40,40,40,26,52,47,22,48,7,88,81,81,81,68,74,83,61,70,70,70,90,69,69,75,87,21,98,98,98,66,0],"gold":27,"neow_bonus":"TEN_PERCENT_HP_BONUS","is_prod":false,"is_daily":false,"chose_seed":false,"campfire_upgraded":6,"win_rate":0,"timestamp":1559775284,"path_taken":["M","?","M","?","M","E","M","E","T","M","E","$","R","M","R","BOSS","M","M","$","?","M","R","M","E","T","?","E","R","M","E","R","BOSS","M","$","?","M","M","R","E","R","T","?","E","M","$","E","R","BOSS","R","$","E","BOSS"],"build_version":"2019-01-23","purchased_purges":3,"victory":false,"max_hp_per_floor":[88,88,88,88,88,88,88,88,88,88,88,88,88,88,88,88,88,88,88,88,88,88,88,88,88,88,88,88,88,88,88,88,88,88,88,88,84,84,84,84,84,84,84,84,98,98,98,98,98,98,98,98,98,98,98],"card_choices":[{"not_picked":["Heavy Blade","Searing Blow"],"picked":"Thunderclap","floor":1.0},{"not_picked":["Pommel Strike","Heavy Blade"],"picked":"Immolate","floor":3.0},{"not_picked":["Flex","Twin Strike","Heavy Blade"],"picked":"SKIP","floor":5.0},{"not_picked":["Twin Strike","Clothesline"],"picked":"Headbutt","floor":6.0},{"not_picked":["Headbutt","Wild Strike"],"picked":"Dropkick","floor":7.0},{"not_picked":["Havoc","Wild Strike"],"picked":"True Grit","floor":8.0},{"not_picked":["Heavy Blade","Pommel Strike","True Grit"],"picked":"SKIP","floor":10.0},{"not_picked":["Heavy Blade","Fiend Fire","Havoc"],"picked":"SKIP","floor":11.0},{"not_picked":["Heavy Blade","Havoc"],"picked":"Fiend Fire","floor":11.0},{"not_picked":["Body Slam","Cleave","Clash"],"picked":"SKIP","floor":14.0},{"not_picked":["Barricade","Brutality"],"picked":"Demon Form","floor":16.0},{"not_picked":["Perfected Strike","Sword Boomerang","Iron Wave"],"picked":"SKIP","floor":18.0},{"not_picked":["Body Slam","Pommel Strike+1","Heavy Blade"],"picked":"SKIP","floor":19.0},{"not_picked":["Armaments+1","Burning Pact+1"],"picked":"Shrug It Off+1","floor":21.0},{"not_picked":["Headbutt","Heavy Blade+1","Thunderclap"],"picked":"SKIP","floor":22.0},{"not_picked":["Inflame","Anger","Iron Wave"],"picked":"SKIP","floor":24.0},{"not_picked":["Brutality","Headbutt","Sentinel+1"],"picked":"SKIP","floor":25.0},{"not_picked":["Sword Boomerang","Twin Strike+1","Rupture"],"picked":"SKIP","floor":28.0},{"not_picked":["Rupture","Perfected Strike","Wild Strike+1"],"picked":"SKIP","floor":30.0},{"not_picked":["True Grit+1","Pommel Strike"],"picked":"Burning Pact+1","floor":31.0},{"not_picked":["Impervious+1","Double Tap+1"],"picked":"Limit Break+1","floor":33.0},{"not_picked":["Heavy Blade+1","Sword Boomerang","Body Slam+1"],"picked":"SKIP","floor":35.0},{"not_picked":["Anger+1","Headbutt+1","Thunderclap"],"picked":"SKIP","floor":38.0},{"not_picked":["Fire Breathing","Anger"],"picked":"Double Tap+1","floor":39.0},{"not_picked":["Combust","Cleave+1","Spot Weakness+1"],"picked":"SKIP","floor":41.0},{"not_picked":["Reckless Charge+1","Bludgeon"],"picked":"Heavy Blade","floor":45.0},{"not_picked":["Flex+1","Clash+1"],"picked":"Shrug It Off+1","floor":46.0},{"not_picked":["Armaments+1","Whirlwind+1"],"picked":"Battle Trance+1","floor":48},{"not_picked":["Havoc+1","Sever Soul+1","Twin Strike"],"picked":"SKIP","floor":54}],"player_experience":939163,"relics_obtained":[{"floor":6.0,"key":"Juzu Bracelet"},{"floor":8.0,"key":"Sundial"},{"floor":9.0,"key":"Whetstone"},{"floor":11.0,"key":"Happy Flower"},{"floor":21.0,"key":"Red Mask"},{"floor":25.0,"key":"Blue Candle"},{"floor":26.0,"key":"Bottled Lightning"},{"floor":28.0,"key":"WingedGreaves"},{"floor":31.0,"key":"PreservedInsect"},{"floor":41.0,"key":"The Courier"},{"floor":45.0,"key":"Mango"},{"floor":48,"key":"Red Skull"},{"floor":54,"key":"Self Forming Clay"}],"event_choices":[{"damage_healed":0.0,"max_hp_gain":0.0,"max_hp_loss":0.0,"gold_gain":75.0,"event_name":"World of Goop","player_choice":"Gather Gold","floor":2.0,"gold_loss":0.0,"damage_taken":11.0},{"damage_healed":0.0,"max_hp_gain":0.0,"max_hp_loss":0.0,"gold_gain":0.0,"event_name":"Scrap Ooze","player_choice":"Success","floor":4.0,"gold_loss":0.0,"damage_taken":3.0,"relics_obtained":["Mummified Hand"]},{"damage_healed":0.0,"max_hp_gain":0.0,"max_hp_loss":0.0,"gold_gain":0.0,"event_name":"Masked Bandits","player_choice":"Fought Bandits","floor":21.0,"gold_loss":0.0,"damage_taken":0.0},{"damage_healed":0.0,"max_hp_gain":0.0,"max_hp_loss":0.0,"gold_gain":0.0,"event_name":"The Woman in Blue","player_choice":"Bought 0 Potions","floor":27.0,"gold_loss":0.0,"damage_taken":0.0},{"damage_healed":0.0,"max_hp_gain":0.0,"max_hp_loss":4.0,"gold_gain":0.0,"event_name":"Winding Halls","player_choice":"Max HP","floor":37.0,"gold_loss":0.0,"damage_taken":0.0},{"damage_healed":0.0,"max_hp_gain":0.0,"max_hp_loss":0.0,"gold_gain":222.0,"event_name":"Tomb of Lord Red Mask","player_choice":"Wore Mask","floor":44.0,"gold_loss":0.0,"damage_taken":0.0}],"is_beta":false,"boss_relics":[{"not_picked":["Runic Pyramid","Runic Cube"],"picked":"Philosopher\u0027s Stone"},{"not_picked":["Cursed Key","White Beast Statue"],"picked":"Eternal Feather"}],"items_purged_floors":[12,20,36],"is_endless":false,"potions_floor_spawned":[3,7,10,16,18,22,24,25,31,48],"killed_by":"The Heart","ascension_level":1}