{"gold_per_floor":[117,129,145,165,165,190,190,190,217,236,236,249,306,338,338,438,438,454,481,501,135,135,135,135,168,215,245,265,364,364,364,364,364],"floor_reached":33,"playtime":3603,"items_purged":["Strike_G"],"score":381,"play_id":"afa89647-6280-45e4-8612-24023dce5be4","local_time":"20190529223925","is_ascension_mode":true,"campfire_choices":[{"floor":8,"key":"REST"},{"data":"Sucker Punch","floor":11,"key":"SMITH"},{"data":"Sucker Punch","floor":15,"key":"SMITH"},{"data":"Malaise","floor":23,"key":"SMITH"},{"data":"Backflip","floor":30,"key":"SMITH"},{"floor":32,"key":"REST"}],"neow_cost":"NONE","seed_source_timestamp":792185568274600,"circlet_count":0,"master_deck":["Defend_G","Defend_G","Defend_G","Defend_G","Defend_G","Strike_G","Strike_G","Strike_G","Strike_G","Survivor","Neutralize","Flying Knee","Sucker Punch+1","Acrobatics","Dash","Backflip+1","Unload","Sucker Punch+1","Dagger Spray","Malaise+1","Backstab+1","Blur","Sucker Punch","Skewer","Noxious Fumes+1"],"relics":["White Beast Statue","Ancient Tea Set","Regal Pillow","Orichalcum","Paper Crane","PreservedInsect","Velvet Choker","Red Mask","Ice Cream","Bag of Marbles","Oddly Smooth Stone","Gambling Chip"],"potions_floor_usage":[4,6,6,6,13,14,16,19,19,19,25,28,33,33],"damage_taken":[{"damage":2,"enemies":"Jaw Worm","floor":1,"turns":4},{"damage":0,"enemies":"Cultist","floor":2,"turns":4},{"damage":0,"enemies":"Small Slimes","floor":3,"turns":3},{"damage":4,"enemies":"Blue Slaver","floor":4,"turns":4},{"damage":37,"enemies":"Lagavulin","floor":6,"turns":10},{"damage":0,"enemies":"2 Fungi Beasts","floor":10,"turns":3},{"damage":9,"enemies":"3 Louse","floor":12,"turns":4},{"damage":2,"enemies":"3 Sentries","floor":13,"turns":8},{"damage":5,"enemies":"3 Sentries","floor":14,"turns":8},{"damage":16,"enemies":"Slime Boss","floor":16,"turns":11},{"damage":2,"enemies":"Shell Parasite","floor":18,"turns":7},{"damage":11,"enemies":"Masked Bandits","floor":19,"turns":6},{"damage":9,"enemies":"Spheric Guardian","floor":20,"turns":5},{"damage":18,"enemies":"Gremlin Leader","floor":25,"turns":8},{"damage":9,"enemies":"Slavers","floor":27,"turns":3},{"damage":0,"enemies":"Chosen and Byrds","floor":28,"turns":5},{"damage":67,"enemies":"Champ","floor":33,"turns":13}],"seed_played":"5104483614140582999","potions_obtained":[{"floor":1,"key":"GhostInAJar"},{"floor":2,"key":"Strength Potion"},{"floor":3,"key":"Poison Potion"},{"floor":4,"key":"SpeedPotion"},{"floor":6,"key":"Strength Potion"},{"floor":10,"key":"EssenceOfSteel"},{"floor":12,"key":"SteroidPotion"},{"floor":13,"key":"AttackPotion"},{"floor":14,"key":"Strength Potion"},{"floor":16,"key":"SpeedPotion"},{"floor":18,"key":"Ancient Potion"},{"floor":19,"key":"Ancient Potion"},{"floor":20,"key":"GhostInAJar"},{"floor":25,"key":"Dexterity Potion"},{"floor":27,"key":"AttackPotion"},{"floor":28,"key":"Strength Potion"}],"is_trial":false,"path_per_floor":["M","M","M","M","?","E","T","R","T","M","R","M","?","E","R","B",null,"M","?","M","$","?","R","?","E","T","E","M","?","R","?","R","B"],"character_chosen":"THE_SILENT","items_purchased":["Ice Cream"],"campfire_rested":2,"item_purchase_floors":[21],"current_hp_per_floor":[61,61,61,57,57,20,20,56,56,56,56,47,45,40,40,24,59,57,46,37,37,37,37,60,42,42,33,33,33,33,20,57,0],"gold":364,"neow_bonus":"BOSS_RELIC","is_prod":false,"is_daily":false,"chose_seed":false,"campfire_upgraded":4,"win_rate":0,"timestamp":1559183965,"path_taken":["M","M","M","M","?","E","?","R","T","?","R","M","?","E","R","BOSS","M","?","M","$","?","R","?","E","T","E","M","?","R","?","R","BOSS"],"build_version":"2019-01-23","purchased_purges":1,"victory":false,"max_hp_per_floor":[70,70,70,70,70,70,70,70,70,70,70,70,70,70,70,70,70,70,70,70,70,70,70,70,70,70,70,70,70,70,75,75,75],"card_choices":[{"not_picked":["Predator","Acrobatics"],"picked":"Flying Knee","floor":1},{"not_picked":["Slice","Cloak And Dagger"],"picked":"Sucker Punch","floor":2},{"not_picked":["Flying Knee","Bane"],"picked":"Acrobatics","floor":3},{"not_picked":["Prepared","Acrobatics","Reflex"],"picked":"SKIP","floor":4},{"not_picked":["Deadly Poison","Outmaneuver"],"picked":"Dash","floor":6},{"not_picked":["Riddle With Holes","Slice"],"picked":"Backflip","floor":10},{"not_picked":["Reflex","Dodge and Roll"],"picked":"Unload","floor":12},{"not_picked":["Blade Dance","Prepared"],"picked":"Sucker Punch","floor":13},{"not_picked":["Sucker Punch","Escape Plan"],"picked":"Dagger Spray","floor":14},{"not_picked":["Envenom","Die Die Die"],"picked":"Malaise","floor":16},{"not_picked":["Choke+1","Quick Slash"],"picked":"Backstab+1","floor":18},{"not_picked":["Dagger Throw","Distraction"],"picked":"Blur","floor":19},{"not_picked":["Poisoned Stab","Underhanded Strike"],"picked":"Sucker Punch","floor":20},{"not_picked":["Tactician+1","Poisoned Stab","Heel Hook"],"picked":"SKIP","floor":25},{"not_picked":["Accuracy","Die Die Die"],"picked":"Skewer","floor":27},{"not_picked":["Dodge and Roll","Calculated Gamble"],"picked":"Noxious Fumes+1","floor":28}],"player_experience":416505,"relics_obtained":[{"floor":6,"key":"Ancient Tea Set"},{"floor":7,"key":"Regal Pillow"},{"floor":9,"key":"Orichalcum"},{"floor":13,"key":"Paper Crane"},{"floor":14,"key":"PreservedInsect"},{"floor":19,"key":"Red Mask"},{"floor":25,"key":"Bag of Marbles"},{"floor":26,"key":"Oddly Smooth Stone"},{"floor":27,"key":"Gambling Chip"}],"event_choices":[{"damage_healed":0,"gold_gain":0,"player_choice":"Ignored","damage_taken":0,"max_hp_gain":0,"max_hp_loss":0,"event_name":"Golden Idol","floor":5,"gold_loss":0},{"damage_healed":0,"gold_gain":0,"player_choice":"Searched \u00272\u0027 times","damage_taken":0,"max_hp_gain":0,"max_hp_loss":0,"event_name":"Dead Adventurer","floor":13,"gold_loss":0},{"damage_healed":0,"gold_gain":0,"player_choice":"Fought Bandits","damage_taken":0,"max_hp_gain":0,"max_hp_loss":0,"event_name":"Masked Bandits","floor":19,"gold_loss":0},{"damage_healed":0,"gold_gain":0,"player_choice":"Ignored","damage_taken":0,"max_hp_gain":0,"max_hp_loss":0,"event_name":"Ghosts","floor":22,"gold_loss":0},{"damage_healed":23,"gold_gain":0,"player_choice":"Heal","damage_taken":0,"max_hp_gain":0,"max_hp_loss":0,"event_name":"The Library","floor":24,"gold_loss":0},{"damage_healed":0,"gold_gain":99,"player_choice":"Stole From Cult","damage_taken":0,"max_hp_gain":0,"max_hp_loss":0,"event_name":"Nest","floor":29,"gold_loss":0},{"damage_healed":0,"gold_gain":0,"player_choice":"Shed Blood","damage_taken":18,"max_hp_gain":5,"max_hp_loss":0,"event_name":"Forgotten Altar","floor":31,"gold_loss":0}],"is_beta":false,"boss_relics":[{"not_picked":["Coffee Dripper","Calling Bell"],"picked":"Velvet Choker"}],"items_purged_floors":[21],"is_endless":false,"potions_floor_spawned":[1,2,3,4,6,10,12,13,14,16,18,19,20,25,27,28],"killed_by":"Champ","ascension_level":6}