{"gold_per_floor":[119,119,131,147,147,147,217,217,240,290,301,351,411,536,536,633,633,643,657,95,155,20,20,0,0,25,25,40,54,54,116,116,219,219,235,248,20,35,35,35,108,136,136,136,198,248,248,258,258,258],"floor_reached":51,"playtime":2077,"items_purged":["Strike_G","Strike_G"],"score":877,"play_id":"8833920f-5c9f-4365-9e99-212093da8e51","local_time":"20180816081056","is_ascension_mode":true,"campfire_choices":[{"data":"Die Die Die","floor":6.0,"key":"SMITH"},{"data":"Dash","floor":8.0,"key":"SMITH"},{"data":"Deadly Poison","floor":15.0,"key":"SMITH"},{"data":"Catalyst","floor":23.0,"key":"SMITH"},{"data":"Sucker Punch","floor":25.0,"key":"SMITH"},{"data":"Survivor","floor":27.0,"key":"SMITH"},{"data":"Dagger Throw","floor":30.0,"key":"SMITH"},{"data":"Escape Plan","floor":32.0,"key":"SMITH"},{"floor":40.0,"key":"REST"},{"data":"Footwork","floor":44,"key":"SMITH"},{"floor":47,"key":"REST"},{"data":"Leg Sweep","floor":49,"key":"SMITH"}],"neow_cost":"NONE","seed_source_timestamp":53479397835060,"circlet_count":0,"master_deck":["Defend_G","Defend_G","Defend_G","Defend_G","Defend_G","Strike_G","Strike_G","Strike_G","Survivor+1","Neutralize","Dagger Throw+1","Dash+1","Die Die Die+1","Sucker Punch+1","Deadly Poison+1","Footwork+1","Escape Plan+1","Catalyst+1","Backflip+1","Blur","Caltrops+1","Footwork+1","Leg Sweep+1"],"special_seed":0,"relics":["Orrery","SsserpentHead","Odd Mushroom","Vajra","Pantograph","Eternal Feather","Singing Bowl","Incense Burner","Omamori","Cursed Key","Bronze Scales","Boot","Bag of Preparation"],"potions_floor_usage":[50,50,50],"damage_taken":[{"damage":7.0,"enemies":"Jaw Worm","floor":1.0,"turns":3.0},{"damage":1.0,"enemies":"Small Slimes","floor":3.0,"turns":3.0},{"damage":0.0,"enemies":"2 Louse","floor":4.0,"turns":1.0},{"damage":15.0,"floor":7.0,"turns":3.0},{"damage":0.0,"enemies":"Lots of Slimes","floor":11.0,"turns":2.0},{"damage":0.0,"enemies":"Gremlin Gang","floor":13.0,"turns":3.0},{"damage":14.0,"enemies":"The Guardian","floor":16.0,"turns":11.0},{"damage":14.0,"enemies":"3 Byrds","floor":18.0,"turns":5.0},{"damage":3.0,"enemies":"Chosen","floor":19.0,"turns":4.0},{"damage":18.0,"enemies":"Snake Plant","floor":21.0,"turns":5.0},{"damage":14.0,"enemies":"3 Cultists","floor":28.0,"turns":6.0},{"damage":0.0,"enemies":"Chosen and Byrds","floor":29.0,"turns":6.0},{"damage":15.0,"enemies":"Snake Plant","floor":31.0,"turns":5.0},{"damage":13.0,"enemies":"Collector","floor":33.0,"turns":8.0},{"damage":3.0,"enemies":"Orb Walker","floor":35.0,"turns":4.0},{"damage":13.0,"enemies":"3 Darklings","floor":36.0,"turns":13.0},{"damage":16.0,"enemies":"Flame Bruiser 2 Orb","floor":38.0,"turns":11.0},{"damage":27.0,"enemies":"Nemesis","floor":42.0,"turns":11.0},{"damage":33,"enemies":"Transient","floor":45,"turns":5},{"damage":22,"enemies":"3 Darklings","floor":48,"turns":6},{"damage":60,"enemies":"Time Eater","floor":50,"turns":17}],"seed_played":"8770612692268635494","potions_obtained":[{"floor":7.0,"key":"Energy Potion"},{"floor":11.0,"key":"LiquidBronze"},{"floor":13.0,"key":"Poison Potion"},{"floor":19.0,"key":"SteroidPotion"},{"floor":29.0,"key":"Weak Potion"},{"floor":36.0,"key":"SteroidPotion"},{"floor":38.0,"key":"Explosive Potion"},{"floor":42.0,"key":"SpeedPotion"}],"is_trial":false,"path_per_floor":["M","?","M","M","?","R","?","R","T","?","M","T","M","?","R","B",null,"M","M","$","M","$","R","?","R","T","R","M","M","R","M","R","B",null,"M","M","$","M","$","R","T","E","T","R","M","?","R","M","R","B"],"character_chosen":"THE_SILENT","items_purchased":["Singing Bowl","Incense Burner","Catalyst","Bronze Scales","Footwork"],"campfire_rested":2,"item_purchase_floors":[20,20,22,37,37],"current_hp_per_floor":[56,56,55,55,55,55,40,40,40,40,40,40,40,29,29,40,63,49,46,46,30,30,39,39,48,48,57,43,45,54,41,50,64,75,72,59,59,43,43,78,78,53,53,65,34,34,70,50,62,24],"gold":258,"neow_bonus":"BOSS_RELIC","is_prod":false,"is_daily":false,"chose_seed":false,"campfire_upgraded":10,"win_rate":0,"timestamp":1534396256,"path_taken":["M","?","M","M","?","R","?","R","T","?","M","?","?","?","R","BOSS","M","M","?","?","$","R","?","R","T","R","M","M","R","?","R","BOSS","M","M","$","M","$","R","?","E","T","R","?","?","R","M","R","BOSS"],"build_version":"2018-08-09","purchased_purges":2,"victory":true,"max_hp_per_floor":[70,70,70,70,70,70,70,70,70,70,70,70,70,70,70,70,70,70,70,70,72,72,72,72,72,72,72,72,74,74,76,76,78,78,78,78,78,78,78,78,78,80,80,80,82,82,82,84,84,84],"card_choices":[{"not_picked":["Slice","Finisher"],"picked":"Dagger Throw","floor":0.0},{"not_picked":["Blur","Underhanded Strike"],"picked":"Dash","floor":0.0},{"not_picked":["Outmaneuver","Prepared"],"picked":"Die Die Die","floor":0.0},{"not_picked":["Poisoned Stab","Setup"],"picked":"Sucker Punch","floor":0.0},{"not_picked":["Dagger Spray","Slice","Bouncing Flask"],"picked":"SKIP","floor":1.0},{"not_picked":["Distraction","Dash"],"picked":"Deadly Poison","floor":3.0},{"not_picked":["Deadly Poison","Venomology","Distraction"],"picked":"SKIP","floor":4.0},{"not_picked":["Sucker Punch","Escape Plan"],"picked":"Footwork","floor":7.0},{"not_picked":["Bane","Tactician","Underhanded Strike"],"picked":"SKIP","floor":11.0},{"not_picked":["Sucker Punch","Endless Agony","Dash"],"picked":"SKIP","floor":13.0},{"not_picked":["Reflex","Deflect"],"picked":"Escape Plan","floor":18.0},{"not_picked":["Finisher+1","Choke+1","Acrobatics"],"picked":"SKIP","floor":19.0},{"not_picked":["Acrobatics+1","Dagger Spray","Deflect"],"picked":"Singing Bowl","floor":21.0},{"not_picked":["Poisoned Stab","Dash+1"],"picked":"Backflip+1","floor":28.0},{"not_picked":["Tools of the Trade","Caltrops","All Out Attack+1"],"picked":"Singing Bowl","floor":29.0},{"not_picked":["PiercingWail","Dagger Throw","Cloak And Dagger+1"],"picked":"Singing Bowl","floor":31.0},{"not_picked":["Malaise","Storm of Steel","Grand Finale"],"picked":"Singing Bowl","floor":33.0},{"not_picked":["Dagger Spray","Finisher+1"],"picked":"Blur","floor":35.0},{"not_picked":["PiercingWail+1","Deflect"],"picked":"Caltrops+1","floor":36.0},{"not_picked":["Endless Agony","Caltrops"],"picked":"Leg Sweep","floor":38.0},{"not_picked":["Night Terror","Phantasmal Killer","Slice"],"picked":"Singing Bowl","floor":42.0},{"not_picked":["Setup","Dagger Throw","Flying Knee"],"picked":"Singing Bowl","floor":45},{"not_picked":["Poisoned Stab","Bane+1","Leg Sweep"],"picked":"Singing Bowl","floor":48}],"player_experience":427147,"relics_obtained":[{"floor":7.0,"key":"Odd Mushroom"},{"floor":9.0,"key":"Vajra"},{"floor":12.0,"key":"Pantograph"},{"floor":26.0,"key":"Omamori"},{"floor":41.0,"key":"Boot"},{"floor":42.0,"key":"Bag of Preparation"}],"event_choices":[{"event_name":"Scrap Ooze","player_choice":"unsuccessful","floor":2.0,"damage_taken":0.0},{"event_name":"FaceTrader","player_choice":"Trade","floor":5.0,"damage_taken":0.0},{"event_name":"Mushrooms","player_choice":"Fought Mushrooms","floor":7.0,"damage_taken":0.0},{"event_name":"Living Wall","player_choice":"Grow","floor":10.0,"damage_taken":0.0},{"event_name":"World of Goop","player_choice":"Gather Gold","floor":14.0,"damage_taken":0.0},{"event_name":"Masked Bandits","player_choice":"Paid Fearfully","floor":24.0,"damage_taken":0.0},{"event_name":"The Moai Head","player_choice":"Ignored","floor":46,"damage_taken":0}],"is_beta":false,"boss_relics":[{"not_picked":["White Beast Statue","Runic Pyramid"],"picked":"Eternal Feather"},{"not_picked":["Busted Crown","HoveringKite"],"picked":"Cursed Key"}],"items_purged_floors":[20,22],"is_endless":false,"potions_floor_spawned":[7,11,13,19,28,29,31,36,38,42,45],"ascension_level":6}