{"gold_per_floor":[19,19,19,19,42,42,42,217,243,262,278,278,278,301,301,301],"floor_reached":16,"playtime":486,"items_purged":[],"score":90,"play_id":"18b9f114-d2f9-4626-956f-26e9fd49221a","local_time":"20190711231001","is_ascension_mode":false,"campfire_choices":[{"data":"Bash","floor":6,"key":"SMITH"},{"floor":13,"key":"RECALL"},{"floor":15,"key":"REST"}],"neow_cost":"NO_GOLD","seed_source_timestamp":15369994612658,"circlet_count":0,"master_deck":["Strike_R","Strike_R","Defend_R","Defend_R","Defend_R","Bash+1","Doubt","Dropkick"],"relics":["Burning Blood","Golden Idol","Oddly Smooth Stone"],"potions_floor_usage":[16,16],"damage_taken":[{"damage":0,"enemies":"2 Louse","floor":1,"turns":3},{"damage":10,"enemies":"Jaw Worm","floor":5,"turns":4},{"damage":2,"enemies":"Small Slimes","floor":10,"turns":5},{"damage":17,"enemies":"3 Louse","floor":11,"turns":5},{"damage":19,"enemies":"Gremlin Gang","floor":14,"turns":7},{"damage":66,"enemies":"Slime Boss","floor":16,"turns":13}],"seed_played":"4655716012560888235","potions_obtained":[{"floor":1,"key":"Block Potion"},{"floor":11,"key":"Fire Potion"}],"is_trial":false,"path_per_floor":["M","$","?","?","M","R","$","?","T","M","M","?","R","M","R","B"],"character_chosen":"IRONCLAD","items_purchased":[],"campfire_rested":1,"item_purchase_floors":[],"current_hp_per_floor":[80,80,60,60,56,56,56,56,56,60,49,49,49,36,60,0],"gold":301,"neow_bonus":"REMOVE_TWO","is_prod":false,"is_daily":false,"chose_seed":false,"campfire_upgraded":1,"win_rate":0,"timestamp":1562911801,"path_taken":["M","$","?","?","M","R","?","?","T","M","M","?","R","M","R","BOSS"],"build_version":"2019-07-05","purchased_purges":0,"victory":false,"max_hp_per_floor":[80,80,80,80,80,80,80,80,80,80,80,80,80,80,80,80],"card_choices":[{"not_picked":["Dual Wield","Spot Weakness","Reckless Charge"],"picked":"SKIP","floor":1},{"not_picked":["Entrench","Heavy Blade","Sword Boomerang"],"picked":"SKIP","floor":5},{"not_picked":["Ghostly Armor","Cleave","Headbutt"],"picked":"SKIP","floor":10},{"not_picked":["Armaments","Combust","Shrug It Off"],"picked":"SKIP","floor":11},{"not_picked":["Rupture","True Grit","Havoc"],"picked":"SKIP","floor":14}],"player_experience":559192,"relics_obtained":[{"floor":9,"key":"Oddly Smooth Stone"}],"event_choices":[{"damage_healed":0,"gold_gain":0,"player_choice":"Take Damage","damage_taken":20,"relics_obtained":["Golden Idol"],"max_hp_gain":0,"max_hp_loss":0,"event_name":"Golden Idol","floor":3,"gold_loss":0},{"cards_removed":["Strike_R"],"damage_healed":0,"gold_gain":0,"player_choice":"Forget","damage_taken":0,"max_hp_gain":0,"max_hp_loss":0,"event_name":"Living Wall","floor":4,"gold_loss":0},{"damage_healed":0,"gold_gain":175,"player_choice":"AGREE","damage_taken":0,"max_hp_gain":0,"max_hp_loss":0,"event_name":"Liars Game","floor":8,"gold_loss":0,"cards_obtained":["Doubt"]},{"damage_healed":0,"gold_gain":0,"cards_transformed":["Strike_R"],"player_choice":"Transformed","damage_taken":0,"max_hp_gain":0,"max_hp_loss":0,"event_name":"Transmorgrifier","floor":12,"gold_loss":0,"cards_obtained":["Dropkick"]}],"is_beta":false,"boss_relics":[],"items_purged_floors":[],"is_endless":false,"potions_floor_spawned":[1,11],"killed_by":"Slime Boss","ascension_level":0}