{"gold_per_floor":[113,113,131,141,141,141,141,141,141,151,151,178,190,216,216,295,295,305,86,101,101,101,101,101],"floor_reached":24,"playtime":609,"items_purged":["Defend_B"],"score":357,"play_id":"0097ec1d-e569-4bae-bc8b-1e8a437595af","local_time":"20180809172444","is_ascension_mode":true,"campfire_choices":[{"data":"Cold Snap","floor":6,"key":"SMITH"},{"floor":8,"key":"REST"},{"data":"Loop","floor":15,"key":"SMITH"},{"floor":23,"key":"REST"}],"neow_cost":"NONE","seed_source_timestamp":38912542916968,"circlet_count":0,"master_deck":["Strike_B","Defend_B","Zap+1","Dualcast","AscendersBane","Leap+1","Cold Snap+1","Loop+1","Gash","Biased Cognition","Go for the Eyes+1","Capacitor+1","Go for the Eyes+1","Barrage","Decay"],"relics":["Cracked Core","Potion Belt","DataDisk","Pen Nib","Strawberry","Astrolabe","Lantern"],"potions_floor_usage":[14,16],"damage_taken":[{"damage":4,"enemies":"Jaw Worm","floor":1,"turns":4},{"damage":1,"enemies":"Cultist","floor":3,"turns":4},{"damage":0,"enemies":"2 Louse","floor":4,"turns":3},{"damage":20,"enemies":"Gremlin Gang","floor":10,"turns":5},{"damage":8,"enemies":"Lagavulin","floor":12,"turns":5},{"damage":4,"enemies":"Looter","floor":13,"turns":3},{"damage":8,"enemies":"Gremlin Nob","floor":14,"turns":4},{"damage":34,"enemies":"Hexaghost","floor":16,"turns":11},{"damage":16,"enemies":"Spheric Guardian","floor":18,"turns":5},{"damage":11,"enemies":"Shell Parasite","floor":20,"turns":4},{"damage":62,"enemies":"Gremlin Leader","floor":24,"turns":5}],"seed_played":"7479628830168474188","potions_obtained":[{"floor":1,"key":"Regen Potion"},{"floor":3,"key":"FearPotion"},{"floor":13,"key":"Weak Potion"}],"is_trial":false,"path_per_floor":["M","?","M","M","?","R","?","R","T","M","?","E","M","E","R","B",null,"M","$","M","?","?","R"],"character_chosen":"DEFECT","items_purchased":["Lantern"],"campfire_rested":2,"item_purchase_floors":[19],"current_hp_per_floor":[60,60,59,59,52,52,52,71,71,51,51,43,39,38,38,19,63,47,47,36,36,36,59,0],"gold":101,"neow_bonus":"RANDOM_COMMON_RELIC","is_prod":false,"is_daily":false,"chose_seed":false,"campfire_upgraded":2,"win_rate":0,"timestamp":1533824684,"path_taken":["M","?","?","M","?","R","?","R","T","?","?","E","M","E","R","BOSS","M","$","M","?","?","R","E"],"build_version":"2018-08-02","purchased_purges":1,"victory":false,"max_hp_per_floor":[71,71,71,71,71,71,71,71,71,71,71,71,71,78,78,78,78,78,78,78,78,78,78,78],"card_choices":[{"not_picked":["Skim","Hello World"],"picked":"Leap","floor":1},{"not_picked":["Gash","Darkness"],"picked":"Cold Snap","floor":3},{"not_picked":["Compile Driver","Steam","Redo"],"picked":"SKIP","floor":4},{"not_picked":["Echo Form","Undo"],"picked":"Loop","floor":10},{"not_picked":["Blizzard","Auto Shields","Beam Cell"],"picked":"SKIP","floor":12},{"not_picked":["Compile Driver","Fusion","Redo"],"picked":"SKIP","floor":13},{"not_picked":["Lockon","Blizzard","Leap"],"picked":"SKIP","floor":14},{"not_picked":["Compile Driver","Leap","Cold Snap"],"picked":"SKIP","floor":18},{"not_picked":["Steam","Leap"],"picked":"Barrage","floor":20}],"player_experience":417598,"relics_obtained":[{"floor":9,"key":"DataDisk"},{"floor":12,"key":"Pen Nib"},{"floor":14,"key":"Strawberry"}],"event_choices":[{"event_name":"Upgrade Shrine","player_choice":"Upgraded","floor":2,"damage_taken":0},{"event_name":"Golden Wing","player_choice":"Card Removal","floor":5,"damage_taken":0},{"event_name":"Living Wall","player_choice":"Grow","floor":7,"damage_taken":0},{"event_name":"Match and Keep!","player_choice":"2 cards matched","floor":11,"damage_taken":0},{"event_name":"Bonfire Elementals","player_choice":"BASIC","floor":21,"damage_taken":0},{"event_name":"Forgotten Altar","player_choice":"Smashed Altar","floor":22,"damage_taken":0}],"is_beta":false,"boss_relics":[{"not_picked":["Velvet Choker","Eternal Feather"],"picked":"Astrolabe"}],"items_purged_floors":[19],"is_endless":false,"potions_floor_spawned":[1,3,13],"killed_by":"Gremlin Leader","ascension_level":15}