{"gold_per_floor":[117,267,267,284,559,559,584,594,617,617,646,646,89,103,103,179,179,194,594,385,409,424,424,459,459,459,459,493,505,519,532,532,532],"floor_reached":33,"playtime":1370,"items_purged":["Regret"],"score":625,"play_id":"dbee72e5-3cfa-4774-bd3e-debbb79f9be5","local_time":"20190420011313","is_ascension_mode":true,"campfire_choices":[{"data":"Armaments","floor":6.0,"key":"SMITH"},{"data":"Whirlwind","floor":10.0,"key":"SMITH"},{"data":"Disarm","floor":12.0,"key":"SMITH"},{"data":"Uppercut","floor":15.0,"key":"SMITH"},{"floor":23,"key":"REST"},{"floor":25,"key":"RECALL"},{"floor":27,"key":"REST"},{"data":"Strike_R","floor":32,"key":"PURGE"}],"neow_cost":"NONE","seed_source_timestamp":44724440543210,"circlet_count":0,"master_deck":["AscendersBane","Strike_R","Strike_R","Strike_R","Strike_R","Defend_R","Defend_R","Defend_R","Defend_R","Bash","Armaments+1","Iron Wave","Impervious","Whirlwind+1","Disarm+1","Uppercut+1","Impervious+1","Burning Pact+1","Disarm+1","Shrug It Off+1","Ghostly Armor+1","Metallicize"],"special_seed":0,"relics":["Burning Blood","NeowsBlessing","Vajra","Bronze Scales","Pantograph","Happy Flower","Toxic Egg 2","Fusion Hammer","Old Coin","Mummified Hand","DollysMirror","Ornamental Fan","Omamori","Peace Pipe"],"potions_floor_usage":[33],"damage_taken":[{"damage":0.0,"enemies":"Small Slimes","floor":1.0,"turns":1.0},{"damage":0.0,"enemies":"Jaw Worm","floor":4.0,"turns":1.0},{"damage":0.0,"enemies":"Gremlin Nob","floor":7.0,"turns":1.0},{"damage":3.0,"enemies":"Cultist","floor":8.0,"turns":5.0},{"damage":17.0,"enemies":"Lagavulin","floor":11.0,"turns":6.0},{"damage":22.0,"enemies":"Exordium Wildlife","floor":14.0,"turns":2.0},{"damage":15.0,"enemies":"The Guardian","floor":16.0,"turns":11.0},{"damage":18.0,"enemies":"Shell Parasite","floor":18.0,"turns":5.0},{"damage":8.0,"enemies":"Colosseum Slavers","floor":19.0,"turns":5.0},{"damage":15.0,"enemies":"Colosseum Nobs","floor":19.0,"turns":7.0},{"damage":11,"enemies":"Spheric Guardian","floor":22,"turns":5},{"damage":0,"enemies":"Gremlin Leader","floor":24,"turns":7},{"damage":45,"enemies":"Slavers","floor":28,"turns":8},{"damage":0,"enemies":"Chosen and Byrds","floor":29,"turns":7},{"damage":19,"enemies":"3 Cultists","floor":30,"turns":5},{"damage":3,"enemies":"Centurion and Healer","floor":31,"turns":9},{"damage":60,"enemies":"Champ","floor":33,"turns":16}],"seed_played":"273467287563713455","potions_obtained":[{"floor":7.0,"key":"Strength Potion"},{"floor":8.0,"key":"SteroidPotion"},{"floor":16.0,"key":"Strength Potion"},{"floor":18.0,"key":"Dexterity Potion"}],"is_trial":false,"path_per_floor":["M","?","?","M","?","R","E","M","T","R","E","R","$","M","R","B",null,"M","?","$","T","M","R","E","R","T","R","E","M","M","M","R","B"],"character_chosen":"IRONCLAD","items_purchased":["Uppercut","Happy Flower","Toxic Egg 2","DollysMirror"],"campfire_rested":2,"item_purchase_floors":[13,13,13,20],"current_hp_per_floor":[74,74,74,75,75,75,75,75,75,75,64,64,64,48,48,64,72,60,49,49,49,44,66,72,72,72,75,36,42,29,32,32,0],"gold":532,"neow_bonus":"THREE_ENEMY_KILL","is_prod":false,"is_daily":false,"chose_seed":false,"campfire_upgraded":4,"win_rate":0,"timestamp":1555711993,"path_taken":["M","?","?","M","?","R","E","?","T","R","E","R","$","M","R","BOSS","M","?","$","?","M","R","E","R","T","R","E","?","M","M","R","BOSS"],"build_version":"2019-01-23","purchased_purges":1,"victory":false,"max_hp_per_floor":[75,75,75,75,75,75,75,75,75,75,75,75,75,75,75,75,75,75,75,75,75,75,75,75,75,75,75,75,75,75,75,75,75],"card_choices":[{"not_picked":["Reckless Charge","Perfected Strike"],"picked":"Armaments","floor":1.0},{"not_picked":["Fire Breathing","Twin Strike"],"picked":"Iron Wave","floor":4.0},{"not_picked":["Rupture","Cleave"],"picked":"Impervious","floor":7.0},{"not_picked":["Cleave","Perfected Strike"],"picked":"Whirlwind","floor":8.0},{"not_picked":["Armaments","Pummel"],"picked":"Disarm","floor":11.0},{"not_picked":["Twin Strike","Hemokinesis","Headbutt"],"picked":"SKIP","floor":14.0},{"not_picked":["Dark Embrace","Berserk"],"picked":"Impervious+1","floor":16.0},{"not_picked":["Clothesline","Perfected Strike","Rampage"],"picked":"SKIP","floor":18.0},{"not_picked":["Feel No Pain","Pommel Strike"],"picked":"Burning Pact+1","floor":19.0},{"not_picked":["Rampage","Feel No Pain"],"picked":"Shrug It Off+1","floor":22},{"not_picked":["Thunderclap+1","Armaments+1","Reckless Charge"],"picked":"SKIP","floor":24},{"not_picked":["Flex+1","Pommel Strike"],"picked":"Ghostly Armor+1","floor":28},{"not_picked":["Sword Boomerang","Twin Strike","Uppercut"],"picked":"SKIP","floor":29},{"not_picked":["Rampage","Thunderclap"],"picked":"Metallicize","floor":30},{"not_picked":["Brutality","Heavy Blade","Armaments+1"],"picked":"SKIP","floor":31}],"player_experience":862970,"relics_obtained":[{"floor":7.0,"key":"Vajra"},{"floor":9.0,"key":"Bronze Scales"},{"floor":11.0,"key":"Pantograph"},{"floor":19.0,"key":"Old Coin"},{"floor":19.0,"key":"Mummified Hand"},{"floor":24,"key":"Ornamental Fan"},{"floor":26,"key":"Omamori"},{"floor":28,"key":"Peace Pipe"}],"event_choices":[{"damage_healed":0.0,"max_hp_gain":0.0,"max_hp_loss":0.0,"gold_gain":150.0,"event_name":"Liars Game","player_choice":"AGREE","floor":2.0,"gold_loss":0.0,"damage_taken":0.0,"cards_obtained":["Doubt"]},{"cards_removed":["Doubt"],"damage_healed":0.0,"max_hp_gain":0.0,"max_hp_loss":0.0,"gold_gain":0.0,"event_name":"Living Wall","player_choice":"Forget","floor":3.0,"gold_loss":0.0,"damage_taken":0.0},{"damage_healed":0.0,"max_hp_gain":0.0,"max_hp_loss":0.0,"gold_gain":275.0,"event_name":"Golden Shrine","player_choice":"Desecrate","floor":5.0,"gold_loss":0.0,"damage_taken":0.0,"cards_obtained":["Regret"]},{"damage_healed":0.0,"max_hp_gain":0.0,"max_hp_loss":0.0,"gold_gain":0.0,"event_name":"Colosseum","player_choice":"Fight","floor":19.0,"gold_loss":0.0,"damage_taken":0.0},{"damage_healed":0.0,"max_hp_gain":0.0,"max_hp_loss":0.0,"gold_gain":0.0,"event_name":"Colosseum","player_choice":"Fought Nobs","floor":19.0,"gold_loss":0.0,"damage_taken":0.0}],"is_beta":false,"boss_relics":[{"not_picked":["Busted Crown","Runic Dome"],"picked":"Fusion Hammer"}],"items_purged_floors":[13],"is_endless":false,"potions_floor_spawned":[7,8,16,18,19,19,31],"killed_by":"Champ","ascension_level":15}