{"gold_per_floor":[366,69,80,95,95,95,115,115,142,157,167,196,196,210,210,283,283,295,9,9,22,33,33,53,3,29,29,57,77,0,12,12,86,86,101,101,101,114,114,114,14,14,14,40,40,40,40,59,59,59],"floor_reached":50,"playtime":1747,"items_purged":["Strike_R","Strike_R"],"score":879,"play_id":"897aae20-5814-4763-a0ee-2d474ef6f41f","local_time":"20181219150802","is_ascension_mode":true,"campfire_choices":[{"data":"Shrug It Off","floor":6,"key":"SMITH"},{"data":"Armaments","floor":8,"key":"SMITH"},{"data":"Clothesline","floor":13,"key":"SMITH"},{"data":"Pommel Strike","floor":15,"key":"SMITH"},{"floor":23,"key":"REST"},{"floor":27,"key":"REST"},{"floor":32,"key":"REST"},{"floor":40,"key":"REST"},{"floor":45,"key":"REST"},{"floor":47,"key":"REST"},{"floor":49,"key":"REST"}],"neow_cost":"TEN_PERCENT_HP_LOSS","seed_source_timestamp":8889782537270,"circlet_count":0,"master_deck":["AscendersBane","Strike_R","Strike_R","Strike_R","Defend_R","Defend_R","Defend_R","Bash","Shrug It Off+1","Pommel Strike+1","Shrug It Off+1","Flex","Clothesline+1","Armaments+1","Thunderclap","Battle Trance","Limit Break","Dropkick","Fiend Fire","Barricade","Corruption","Feel No Pain+1"],"relics":["Burning Blood","Pen Nib","Juzu Bracelet","Boot","Runic Pyramid","Lee\u0027s Waffle","Bag of Preparation","Dream Catcher","Matryoshka","Fusion Hammer","Centennial Puzzle","Pantograph","Toxic Egg 2"],"potions_floor_usage":[18,33,33,44,44,50],"damage_taken":[{"damage":7,"enemies":"Small Slimes","floor":1,"turns":4},{"damage":0,"enemies":"Cultist","floor":3,"turns":3},{"damage":0,"enemies":"Jaw Worm","floor":4,"turns":3},{"damage":13,"enemies":"Red Slaver","floor":7,"turns":5},{"damage":1,"enemies":"2 Fungi Beasts","floor":10,"turns":4},{"damage":6,"enemies":"Blue Slaver","floor":11,"turns":6},{"damage":10,"enemies":"Lagavulin","floor":12,"turns":10},{"damage":4,"enemies":"3 Louse","floor":14,"turns":3},{"damage":19,"enemies":"The Guardian","floor":16,"turns":14},{"damage":35,"enemies":"3 Byrds","floor":18,"turns":7},{"damage":25,"enemies":"2 Thieves","floor":21,"turns":4},{"damage":31,"enemies":"Cultist and Chosen","floor":22,"turns":7},{"damage":31,"enemies":"Centurion and Healer","floor":24,"turns":9},{"damage":26,"enemies":"Slavers","floor":28,"turns":6},{"damage":18,"enemies":"3 Cultists","floor":29,"turns":5},{"damage":1,"enemies":"Chosen and Byrds","floor":31,"turns":4},{"damage":31,"enemies":"Collector","floor":33,"turns":4},{"damage":26,"enemies":"3 Shapes","floor":35,"turns":6},{"damage":0,"enemies":"Orb Walker","floor":38,"turns":3},{"damage":36,"enemies":"Reptomancer","floor":44,"turns":5},{"damage":13,"enemies":"Jaw Worm Horde","floor":48,"turns":5},{"damage":71,"enemies":"Awakened One","floor":50,"turns":3}],"seed_played":"3271432695827240526","potions_obtained":[{"floor":3,"key":"GamblersBrew"},{"floor":4,"key":"Explosive Potion"},{"floor":21,"key":"PowerPotion"},{"floor":33,"key":"Fire Potion"},{"floor":35,"key":"Fire Potion"},{"floor":44,"key":"Fire Potion"}],"is_trial":false,"path_per_floor":["M","$","M","M","?","R","M","R","T","M","M","E","R","M","R","B",null,"M","$","?","M","M","R","M","?","T","R","E","M","?","M","R","B",null,"M","?","?","M","?","R","$","?","T","E","R","?","R","M","R","B"],"character_chosen":"IRONCLAD","items_purchased":["Pommel Strike","Pen Nib","Shrug It Off","Lee\u0027s Waffle","Dropkick"],"campfire_rested":7,"item_purchase_floors":[2,2,2,19,19],"current_hp_per_floor":[67,67,68,68,68,68,61,61,61,66,66,62,62,64,64,51,64,35,75,75,56,31,53,28,28,28,50,30,18,18,23,45,20,61,41,41,41,47,47,69,69,69,69,39,61,61,71,64,71,0],"gold":59,"neow_bonus":"TWO_FIFTY_GOLD","is_prod":false,"is_daily":false,"chose_seed":false,"campfire_upgraded":4,"win_rate":0,"timestamp":1545221282,"path_taken":["M","$","M","M","?","R","M","R","T","M","M","E","R","M","R","BOSS","M","$","?","M","M","R","M","?","T","R","E","M","?","M","R","BOSS","M","?","?","M","?","R","$","?","T","E","R","?","R","M","R","BOSS"],"build_version":"2018-12-13","purchased_purges":2,"victory":false,"max_hp_per_floor":[68,68,68,68,68,68,68,68,68,68,68,68,68,68,68,68,68,68,75,75,75,75,75,75,75,75,75,75,75,75,75,75,75,75,75,75,75,75,75,75,75,75,75,75,75,71,71,71,71,71],"card_choices":[{"not_picked":["Whirlwind","Fire Breathing"],"picked":"Shrug It Off","floor":1},{"not_picked":["True Grit","Whirlwind"],"picked":"Flex","floor":3},{"not_picked":["Carnage","Heavy Blade"],"picked":"Clothesline","floor":4},{"not_picked":["Iron Wave","Bloodletting"],"picked":"Armaments","floor":7},{"not_picked":["Wild Strike","Second Wind"],"picked":"Thunderclap","floor":10},{"not_picked":["Dual Wield","Anger","Second Wind"],"picked":"SKIP","floor":11},{"not_picked":["Thunderclap","Seeing Red","Fiend Fire"],"picked":"SKIP","floor":12},{"not_picked":["Twin Strike","Dropkick"],"picked":"Battle Trance","floor":14},{"not_picked":["Reaper","Berserk"],"picked":"Limit Break","floor":16},{"not_picked":["Twin Strike","Headbutt","Second Wind"],"picked":"SKIP","floor":18},{"not_picked":["Heavy Blade+1","Infernal Blade","Sever Soul"],"picked":"SKIP","floor":21},{"not_picked":["Body Slam","Flex","Searing Blow"],"picked":"SKIP","floor":22},{"not_picked":["Pommel Strike","Infernal Blade","Thunderclap"],"picked":"SKIP","floor":24},{"not_picked":["Metallicize","Armaments"],"picked":"Fiend Fire","floor":28},{"not_picked":["Battle Trance","Iron Wave","Intimidate"],"picked":"SKIP","floor":29},{"not_picked":["Uppercut","Reckless Charge","Heavy Blade"],"picked":"SKIP","floor":31},{"not_picked":["Impervious","Feed"],"picked":"Barricade","floor":33},{"not_picked":["Hemokinesis","Havoc","Armaments+1"],"picked":"SKIP","floor":35},{"not_picked":["Body Slam+1","Anger","Armaments+1"],"picked":"SKIP","floor":38},{"not_picked":["Clash","Body Slam","Clothesline"],"picked":"SKIP","floor":44},{"not_picked":["Reckless Charge","Combust"],"picked":"Corruption","floor":45},{"not_picked":["Pommel Strike+1","Wild Strike"],"picked":"Feel No Pain+1","floor":47},{"not_picked":["Reaper","Anger+1","Headbutt+1"],"picked":"SKIP","floor":48}],"player_experience":594917,"relics_obtained":[{"floor":9,"key":"Juzu Bracelet"},{"floor":12,"key":"Boot"},{"floor":26,"key":"Dream Catcher"},{"floor":28,"key":"Matryoshka"},{"floor":43,"key":"Centennial Puzzle"},{"floor":43,"key":"Pantograph"},{"floor":44,"key":"Toxic Egg 2"}],"event_choices":[{"damage_healed":0,"gold_gain":0,"player_choice":"Upgraded","damage_taken":0,"max_hp_gain":0,"max_hp_loss":0,"event_name":"Upgrade Shrine","floor":5,"gold_loss":0,"cards_upgraded":["Shrug It Off"]},{"damage_healed":0,"gold_gain":0,"player_choice":"Ignored","damage_taken":0,"max_hp_gain":0,"max_hp_loss":0,"event_name":"Vampires","floor":20,"gold_loss":0},{"damage_healed":0,"gold_gain":0,"player_choice":"Paid Gold","damage_taken":0,"relics_obtained":["Bag of Preparation"],"max_hp_gain":0,"max_hp_loss":0,"event_name":"WeMeetAgain","floor":25,"gold_loss":50},{"damage_healed":0,"gold_gain":0,"player_choice":"Paid Fearfully","damage_taken":0,"max_hp_gain":0,"max_hp_loss":0,"event_name":"Masked Bandits","floor":30,"gold_loss":77},{"damage_healed":0,"gold_gain":0,"player_choice":"Ignored","damage_taken":0,"max_hp_gain":0,"max_hp_loss":0,"event_name":"Mysterious Sphere","floor":36,"gold_loss":0},{"cards_removed":["Defend_R"],"damage_healed":0,"gold_gain":0,"player_choice":"Removed Skill","damage_taken":0,"max_hp_gain":0,"max_hp_loss":0,"event_name":"Falling","floor":37,"gold_loss":0},{"damage_healed":0,"gold_gain":0,"player_choice":"Ignored","damage_taken":0,"max_hp_gain":0,"max_hp_loss":0,"event_name":"Tomb of Lord Red Mask","floor":39,"gold_loss":0},{"damage_healed":0,"gold_gain":0,"player_choice":"0 cards matched","damage_taken":0,"max_hp_gain":0,"max_hp_loss":0,"event_name":"Match and Keep!","floor":42,"gold_loss":0,"cards_obtained":[]},{"damage_healed":0,"gold_gain":0,"player_choice":"Max HP","damage_taken":0,"max_hp_gain":0,"max_hp_loss":4,"event_name":"Winding Halls","floor":46,"gold_loss":0}],"is_beta":false,"boss_relics":[{"not_picked":["Mark of Pain","Coffee Dripper"],"picked":"Runic Pyramid"},{"not_picked":["Tiny House","Black Star"],"picked":"Fusion Hammer"}],"items_purged_floors":[2,41],"is_endless":false,"potions_floor_spawned":[3,4,10,14,21,28,33,35,44],"killed_by":"Awakened One","ascension_level":14}