{"gold_per_floor":[113,4,4,4,4,4,30,30,30,42,54,81,92,109,109,109],"floor_reached":16,"playtime":856,"items_purged":[],"score":215,"play_id":"a8fd00b9-5283-427c-a07e-0c4d12f8c50f","local_time":"20190706212008","is_ascension_mode":true,"campfire_choices":[{"data":"Perfected Strike","floor":6,"key":"SMITH"},{"data":"True Grit","floor":8,"key":"SMITH"},{"floor":15,"key":"REST"}],"neow_cost":"NONE","seed_source_timestamp":172737311122350,"circlet_count":0,"master_deck":["AscendersBane","Strike_R","Strike_R+1","Strike_R","Strike_R","Strike_R+1","Defend_R","Defend_R","Defend_R","Defend_R","Bash+1","Perfected Strike+1","Feel No Pain","Shrug It Off","True Grit+1","Inflame","Havoc","Reaper"],"relics":["Burning Blood","Sundial","Turnip","Smiling Mask"],"potions_floor_usage":[14,16,16],"damage_taken":[{"damage":16,"enemies":"Jaw Worm","floor":1,"turns":6},{"damage":8,"enemies":"Gremlin Nob","floor":7,"turns":3},{"damage":6,"enemies":"Small Slimes","floor":10,"turns":2},{"damage":0,"enemies":"Cultist","floor":11,"turns":4},{"damage":20,"enemies":"Lagavulin","floor":12,"turns":7},{"damage":43,"enemies":"Gremlin Gang","floor":13,"turns":6},{"damage":15,"enemies":"Large Slime","floor":14,"turns":7},{"damage":46,"enemies":"Hexaghost","floor":16,"turns":9}],"seed_played":"-6673107243253654974","potions_obtained":[{"floor":11,"key":"PowerPotion"},{"floor":12,"key":"Energy Potion"},{"floor":14,"key":"Strength Potion"}],"is_trial":false,"path_per_floor":["M","$","?","?","?","R","E","R","T","M","M","E","M","M","R","B"],"character_chosen":"IRONCLAD","items_purchased":["Feel No Pain","Shrug It Off"],"campfire_rested":1,"item_purchase_floors":[2,2],"current_hp_per_floor":[65,65,40,40,40,40,38,38,38,38,44,30,9,10,34,0],"gold":109,"neow_bonus":"TEN_PERCENT_HP_BONUS","is_prod":false,"is_daily":false,"chose_seed":false,"campfire_upgraded":2,"win_rate":0,"timestamp":1562462408,"path_taken":["M","$","?","?","?","R","E","R","T","M","?","E","M","M","R","BOSS"],"build_version":"2019-07-05","purchased_purges":0,"victory":false,"max_hp_per_floor":[82,82,82,82,82,82,82,82,82,82,82,82,82,82,82,82],"card_choices":[{"not_picked":["Heavy Blade","Twin Strike"],"picked":"Perfected Strike","floor":1},{"not_picked":["Twin Strike","Shrug It Off"],"picked":"True Grit","floor":7},{"not_picked":["Twin Strike","Feel No Pain"],"picked":"Inflame","floor":10},{"not_picked":["Wild Strike","Flex"],"picked":"Havoc","floor":11},{"not_picked":["Thunderclap","Intimidate"],"picked":"Reaper","floor":12},{"not_picked":["Cleave","Infernal Blade","Sword Boomerang"],"picked":"SKIP","floor":13},{"not_picked":["Wild Strike","Armaments","Thunderclap"],"picked":"SKIP","floor":14}],"player_experience":2409715,"relics_obtained":[{"floor":7,"key":"Sundial"},{"floor":9,"key":"Turnip"},{"floor":12,"key":"Smiling Mask"}],"event_choices":[{"damage_healed":0,"gold_gain":0,"player_choice":"Entered Light","damage_taken":25,"max_hp_gain":0,"max_hp_loss":0,"event_name":"Shining Light","floor":3,"gold_loss":0,"cards_upgraded":["Strike_R","Strike_R"]},{"damage_healed":0,"gold_gain":0,"player_choice":"Grow","damage_taken":0,"max_hp_gain":0,"max_hp_loss":0,"event_name":"Living Wall","floor":4,"gold_loss":0,"cards_upgraded":["Bash"]},{"damage_healed":0,"gold_gain":0,"player_choice":"Ignored","damage_taken":0,"max_hp_gain":0,"max_hp_loss":0,"event_name":"Liars Game","floor":5,"gold_loss":0}],"is_beta":false,"boss_relics":[],"items_purged_floors":[],"is_endless":false,"potions_floor_spawned":[11,12,14],"killed_by":"Hexaghost","ascension_level":19}