{"gold_per_floor":[115,134,21,21,21,51,51,71,152,181,83,108,128,157,157,259,259,284,296,319,180,191,191],"floor_reached":23,"playtime":2695,"items_purged":["Strike_B"],"score":285,"play_id":"bfd233c2-d9f5-44c5-83c7-c6c49771cd75","local_time":"20190707214956","is_ascension_mode":true,"campfire_choices":[{"data":"Buffer","floor":7,"key":"SMITH"},{"floor":15,"key":"REST"}],"neow_cost":"NONE","seed_source_timestamp":85880048980900,"circlet_count":0,"master_deck":["Strike_B","Strike_B","Defend_B","Defend_B","Defend_B","Zap","Dualcast","Multi-Cast","Gash","Leap","Rip and Tear","Buffer+1","Stack","Self Repair","Conserve Battery","Sweeping Beam","Rebound","Reboot","Glacier","Conserve Battery","Machine Learning","Shame","Recycle+1","Loop","Meteor Strike+1","Discovery"],"relics":["Cracked Core","Juzu Bracelet","Mummified Hand","Bag of Marbles","Omamori","Singing Bowl","Calling Bell","MawBank","Molten Egg 2","Peace Pipe","Matryoshka"],"potions_floor_usage":[12,16,16,16,16,18],"damage_taken":[{"damage":7,"enemies":"2 Louse","floor":1,"turns":3},{"damage":8,"enemies":"Jaw Worm","floor":2,"turns":4},{"damage":6,"enemies":"Lagavulin","floor":6,"turns":7},{"damage":0,"enemies":"Cultist","floor":8,"turns":3},{"damage":25,"enemies":"Gremlin Nob","floor":10,"turns":5},{"damage":8,"enemies":"3 Sentries","floor":12,"turns":7},{"damage":11,"enemies":"3 Louse","floor":13,"turns":2},{"damage":14,"enemies":"Gremlin Nob","floor":14,"turns":5},{"damage":29,"enemies":"Hexaghost","floor":16,"turns":14},{"damage":23,"enemies":"Shell Parasite","floor":18,"turns":14},{"damage":0,"enemies":"Spheric Guardian","floor":20,"turns":6},{"damage":12,"enemies":"Cultist and Chosen","floor":22,"turns":10},{"damage":66,"enemies":"Book of Stabbing","floor":23,"turns":7}],"seed_played":"-446067065403634539","potions_obtained":[{"floor":6,"key":"Block Potion"},{"floor":10,"key":"SpeedPotion"},{"floor":12,"key":"EntropicBrew"},{"floor":16,"key":"Regen Potion"}],"is_trial":false,"path_per_floor":["M","M","$","?","?","E","R","M","T","E","$","E","M","E","R","B",null,"M","T","M","$","M","E"],"character_chosen":"DEFECT","items_purchased":["Rip and Tear","Sweeping Beam","Rebound","Meteor Strike+1","Discovery"],"campfire_rested":1,"item_purchase_floors":[3,11,11,21,21],"current_hp_per_floor":[61,53,53,53,53,47,47,47,47,29,29,28,24,17,39,17,61,60,60,67,67,64,0],"gold":191,"neow_bonus":"TRANSFORM_CARD","is_prod":false,"is_daily":false,"chose_seed":false,"campfire_upgraded":1,"win_rate":0,"timestamp":1562550596,"path_taken":["M","M","$","?","?","E","R","M","T","E","?","E","M","E","R","BOSS","M","?","M","$","M","E"],"build_version":"2019-07-05","purchased_purges":1,"victory":false,"max_hp_per_floor":[75,75,75,75,75,75,75,75,75,75,75,75,75,75,75,75,75,75,75,75,75,77,77],"card_choices":[{"not_picked":["Sweeping Beam","Compile Driver"],"picked":"Gash","floor":1},{"not_picked":["Steam Power","Scrape"],"picked":"Leap","floor":2},{"not_picked":["Chaos","Force Field"],"picked":"Stack","floor":6},{"not_picked":["Reboot","Streamline"],"picked":"Self Repair","floor":8},{"not_picked":["Fusion","Static Discharge"],"picked":"Conserve Battery","floor":10},{"not_picked":["Go for the Eyes","Leap"],"picked":"Reboot","floor":12},{"not_picked":["Reprogram","Steam"],"picked":"Glacier","floor":13},{"not_picked":["FTL","Leap"],"picked":"Conserve Battery","floor":14},{"not_picked":["Seek","Meteor Strike"],"picked":"Machine Learning","floor":16},{"not_picked":["Barrage+1","Reinforced Body"],"picked":"Recycle+1","floor":18},{"not_picked":["Ball Lightning+1","Storm"],"picked":"Loop","floor":20},{"not_picked":["Lockon+1","Leap","Auto Shields"],"picked":"Singing Bowl","floor":22}],"player_experience":456472,"relics_obtained":[{"floor":6,"key":"Juzu Bracelet"},{"floor":9,"key":"Mummified Hand"},{"floor":10,"key":"Bag of Marbles"},{"floor":12,"key":"Omamori"},{"floor":14,"key":"Singing Bowl"},{"floor":17,"key":"MawBank"},{"floor":17,"key":"Molten Egg 2"},{"floor":17,"key":"Peace Pipe"},{"floor":19,"key":"Matryoshka"}],"event_choices":[{"damage_healed":0,"gold_gain":0,"cards_transformed":["Defend_B"],"player_choice":"Change","damage_taken":0,"max_hp_gain":0,"max_hp_loss":0,"event_name":"Living Wall","floor":4,"gold_loss":0,"cards_obtained":["Buffer"]},{"damage_healed":0,"gold_gain":0,"player_choice":"Ignored","damage_taken":0,"max_hp_gain":0,"max_hp_loss":0,"event_name":"Golden Wing","floor":5,"gold_loss":0}],"is_beta":false,"boss_relics":[{"not_picked":["Busted Crown","Coffee Dripper"],"picked":"Calling Bell"}],"items_purged_floors":[3],"is_endless":false,"potions_floor_spawned":[6,10,12,16],"killed_by":"Book of Stabbing","ascension_level":6}