{"gold_per_floor":[219,219,230,243,243,243,275,275,322,334,349,360,388,401,401,496,496,510,530,530,530,550,550,561,661,661,672,672,672,44,63,63,164,164,183,183,232,232,252,252,264,277,303,303,315,333,333,348,348,348],"floor_reached":51,"playtime":4383,"items_purged":["Strike_R+1"],"score":671,"play_id":"a580dc24-afe7-47de-8500-d2741460ab97","local_time":"20190719113516","is_ascension_mode":true,"campfire_choices":[{"data":"Anger","floor":6,"key":"SMITH"},{"data":"Shrug It Off","floor":8,"key":"SMITH"},{"data":"Sword Boomerang","floor":15,"key":"SMITH"},{"data":"True Grit","floor":23,"key":"SMITH"},{"floor":28,"key":"REST"},{"data":"Clothesline","floor":32,"key":"SMITH"},{"floor":40,"key":"DIG"},{"floor":44,"key":"REST"},{"floor":49,"key":"REST"}],"neow_cost":"NONE","seed_source_timestamp":5161401625674,"circlet_count":0,"master_deck":["Strike_R+1","Strike_R+1","Defend_R+1","Defend_R+1","Defend_R+1","Defend_R+1","Bash+1","Pommel Strike+1","Sword Boomerang+1","Anger+1","Shrug It Off+1","Spot Weakness","Metallicize","Impervious","Offering","True Grit+1","Warcry+1","Disarm+1","Immolate","Clothesline+1","Feed","Burning Pact+1","Brutality+1","Shockwave","Whirlwind+1","Inflame","Rupture+1","Shrug It Off+1","Pummel+1","Sword Boomerang+1","Madness","Madness","Body Slam+1"],"relics":["Burning Blood","Oddly Smooth Stone","Happy Flower","Omamori","Velvet Choker","Shovel","Medical Kit","Regal Pillow","Astrolabe","Magic Flower","Bronze Scales","Bag of Marbles"],"potions_floor_usage":[7,13,18,22,33,33,50,50],"damage_taken":[{"damage":0,"enemies":"Small Slimes","floor":1,"turns":5},{"damage":4,"enemies":"2 Louse","floor":3,"turns":3},{"damage":1,"enemies":"Cultist","floor":4,"turns":3},{"damage":6,"enemies":"Gremlin Nob","floor":7,"turns":3},{"damage":3,"enemies":"Exordium Thugs","floor":10,"turns":4},{"damage":3,"enemies":"2 Fungi Beasts","floor":11,"turns":3},{"damage":0,"enemies":"Looter","floor":12,"turns":2},{"damage":29,"enemies":"3 Sentries","floor":13,"turns":6},{"damage":12,"enemies":"Exordium Thugs","floor":14,"turns":3},{"damage":34,"enemies":"Slime Boss","floor":16,"turns":11},{"damage":6,"enemies":"Spheric Guardian","floor":18,"turns":3},{"damage":6,"enemies":"3 Byrds","floor":19,"turns":5},{"damage":31,"enemies":"Centurion and Healer","floor":22,"turns":5},{"damage":9,"enemies":"3 Cultists","floor":24,"turns":5},{"damage":23,"enemies":"Snake Plant","floor":27,"turns":4},{"damage":6,"enemies":"Shelled Parasite and Fungi","floor":31,"turns":5},{"damage":33,"enemies":"Automaton","floor":33,"turns":10},{"damage":12,"enemies":"Orb Walker","floor":35,"turns":3},{"damage":46,"enemies":"2 Orb Walkers","floor":37,"turns":6},{"damage":0,"enemies":"3 Shapes","floor":39,"turns":4},{"damage":9,"enemies":"Transient","floor":41,"turns":5},{"damage":37,"enemies":"Writhing Mass","floor":42,"turns":6},{"damage":0,"enemies":"3 Darklings","floor":45,"turns":3},{"damage":12,"enemies":"4 Shapes","floor":46,"turns":1},{"damage":21,"enemies":"Sphere and 2 Shapes","floor":48,"turns":5},{"damage":65,"enemies":"Donu and Deca","floor":50,"turns":6}],"seed_played":"5522545035828339572","potions_obtained":[{"floor":1,"key":"FearPotion"},{"floor":3,"key":"Swift Potion"},{"floor":7,"key":"Regen Potion"},{"floor":10,"key":"EssenceOfSteel"},{"floor":19,"key":"FearPotion"},{"floor":27,"key":"Dexterity Potion"},{"floor":31,"key":"Strength Potion"},{"floor":35,"key":"FairyPotion"},{"floor":39,"key":"GamblersBrew"}],"is_trial":false,"path_per_floor":["M","?","M","M","?","R","E","R","T","M","M","M","E","M","R","B",null,"M","M","?","?","M","R","M","?","T","M","R","?","$","M","R","B",null,"M","?","?","?","M","R","M","M","T","R","M","M","?","M","R","B",null],"character_chosen":"IRONCLAD","items_purchased":["Immolate","Medical Kit","Corruption","Regal Pillow"],"campfire_rested":3,"item_purchase_floors":[30,30,30,30],"current_hp_per_floor":[80,80,80,80,80,80,80,80,80,80,80,80,57,51,51,23,80,80,80,80,65,52,52,49,49,49,32,57,57,57,57,57,30,85,79,79,42,42,56,56,56,28,28,70,79,76,65,58,94,43],"gold":348,"neow_bonus":"HUNDRED_GOLD","is_prod":false,"is_daily":false,"chose_seed":false,"campfire_upgraded":5,"win_rate":0,"timestamp":1563528916,"path_taken":["M","?","M","M","?","R","E","R","T","?","M","M","E","M","R","BOSS","M","M","?","?","M","R","M","?","T","?","R","?","$","M","R","BOSS","M","?","?","?","?","R","M","M","T","R","M","M","?","M","R","BOSS"],"build_version":"2019-07-17","purchased_purges":1,"victory":true,"max_hp_per_floor":[80,80,80,80,80,80,80,80,80,80,80,80,80,80,80,80,80,80,80,80,85,85,85,85,85,85,85,85,85,85,85,85,85,85,85,85,88,88,91,91,91,91,91,91,91,91,91,94,94,97],"card_choices":[{"not_picked":["Bloodletting","Flex"],"picked":"Pommel Strike","floor":1},{"not_picked":["Iron Wave","Armaments"],"picked":"Sword Boomerang","floor":3},{"not_picked":["Twin Strike","Perfected Strike"],"picked":"Anger","floor":4},{"not_picked":["Body Slam","Reaper"],"picked":"Shrug It Off","floor":7},{"not_picked":["Pommel Strike","Anger"],"picked":"Spot Weakness","floor":10},{"not_picked":["Thunderclap","Warcry","Perfected Strike"],"picked":"SKIP","floor":11},{"not_picked":["Sever Soul","Wild Strike","Clash"],"picked":"SKIP","floor":12},{"not_picked":["Heavy Blade","Wild Strike"],"picked":"Metallicize","floor":13},{"not_picked":["Bloodletting","Havoc"],"picked":"Impervious","floor":14},{"not_picked":["Bludgeon","Reaper"],"picked":"Offering","floor":16},{"not_picked":["Perfected Strike","Hemokinesis"],"picked":"True Grit","floor":18},{"not_picked":["Iron Wave+1","Sever Soul+1","Reckless Charge"],"picked":"SKIP","floor":19},{"not_picked":["Thunderclap","Rupture","Havoc"],"picked":"SKIP","floor":22},{"not_picked":["Anger+1","Bloodletting"],"picked":"Warcry+1","floor":24},{"not_picked":["Sever Soul","Heavy Blade"],"picked":"Disarm+1","floor":27},{"not_picked":["Pummel","Whirlwind"],"picked":"Clothesline","floor":31},{"not_picked":["Dark Embrace","Impervious"],"picked":"Feed","floor":33},{"not_picked":["Rampage+1","Pommel Strike"],"picked":"Shockwave","floor":35},{"not_picked":["Anger+1","Pummel"],"picked":"Whirlwind+1","floor":37},{"not_picked":["Body Slam+1","Rage"],"picked":"Inflame","floor":39},{"not_picked":["Headbutt","Pommel Strike"],"picked":"Rupture+1","floor":41},{"not_picked":["Second Wind","Heavy Blade"],"picked":"Shrug It Off+1","floor":42},{"not_picked":["Carnage","Pommel Strike+1"],"picked":"Pummel+1","floor":45},{"not_picked":["Wild Strike","Perfected Strike+1"],"picked":"Sword Boomerang+1","floor":46},{"not_picked":["Fire Breathing+1","Combust+1"],"picked":"Body Slam+1","floor":48}],"player_experience":538556,"relics_obtained":[{"floor":7,"key":"Oddly Smooth Stone"},{"floor":9,"key":"Happy Flower"},{"floor":13,"key":"Omamori"},{"floor":37,"key":"Magic Flower"},{"floor":40,"key":"Bronze Scales"},{"floor":43,"key":"Bag of Marbles"}],"event_choices":[{"damage_healed":0,"gold_gain":0,"player_choice":"Grow","damage_taken":0,"max_hp_gain":0,"max_hp_loss":0,"event_name":"Living Wall","floor":2,"gold_loss":0,"cards_upgraded":["Bash"]},{"damage_healed":0,"gold_gain":0,"player_choice":"Upgraded","damage_taken":0,"max_hp_gain":0,"max_hp_loss":0,"event_name":"Upgrade Shrine","floor":5,"gold_loss":0,"cards_upgraded":["Pommel Strike"]},{"damage_healed":0,"gold_gain":0,"player_choice":"Opened","damage_taken":0,"relics_obtained":["Shovel"],"max_hp_gain":0,"max_hp_loss":0,"event_name":"The Mausoleum","floor":20,"gold_loss":0},{"damage_healed":0,"gold_gain":0,"player_choice":"Shed Blood","damage_taken":20,"max_hp_gain":5,"max_hp_loss":0,"event_name":"Forgotten Altar","floor":21,"gold_loss":0},{"damage_healed":0,"gold_gain":100,"player_choice":"Pray","damage_taken":0,"max_hp_gain":0,"max_hp_loss":0,"event_name":"Golden Shrine","floor":25,"gold_loss":0},{"damage_healed":0,"gold_gain":0,"player_choice":"Simplicity","damage_taken":0,"max_hp_gain":0,"max_hp_loss":0,"event_name":"Back to Basics","floor":29,"gold_loss":0,"cards_upgraded":["Strike_R","Strike_R","Strike_R","Strike_R","Strike_R","Defend_R","Defend_R","Defend_R","Defend_R"]},{"cards_removed":["Fire Breathing"],"damage_healed":0,"gold_gain":0,"player_choice":"Removed Power","damage_taken":0,"max_hp_gain":0,"max_hp_loss":0,"event_name":"Falling","floor":36,"gold_loss":0},{"damage_healed":0,"gold_gain":0,"player_choice":"Fight","damage_taken":0,"max_hp_gain":0,"max_hp_loss":0,"event_name":"Mysterious Sphere","floor":37,"gold_loss":0},{"damage_healed":0,"gold_gain":0,"player_choice":"Ignored","damage_taken":0,"max_hp_gain":0,"max_hp_loss":0,"event_name":"Tomb of Lord Red Mask","floor":38,"gold_loss":0},{"damage_healed":0,"gold_gain":0,"player_choice":"Embrace Madness","damage_taken":11,"max_hp_gain":0,"max_hp_loss":0,"event_name":"Winding Halls","floor":47,"gold_loss":0,"cards_obtained":["Madness","Madness"]}],"is_beta":false,"boss_relics":[{"not_picked":["Calling Bell","Runic Dome"],"picked":"Velvet Choker"},{"not_picked":["Tiny House","Coffee Dripper"],"picked":"Astrolabe"}],"items_purged_floors":[30],"is_endless":false,"potions_floor_spawned":[1,3,7,10,12,19,27,31,35,39,41,42],"ascension_level":1}