{"gold_per_floor":[118,118,131,145,145,157,169,216,228,252,276,288,315,339,351,459,471,495,142,342,360,377,377,397,397,421,455,465,365,375,393,393,393],"floor_reached":33,"playtime":2301,"items_purged":["Strike_R","Strike_R"],"score":273,"play_id":"1e4f2252-a355-405a-8e71-6a12d9e0bb95","local_time":"20190716184159","is_ascension_mode":false,"campfire_choices":[{"data":"Sword Boomerang","floor":6,"key":"SMITH"},{"floor":12,"key":"REST"},{"data":"True Grit","floor":15,"key":"SMITH"},{"data":"Immolate","floor":23,"key":"SMITH"},{"data":"Havoc","floor":25,"key":"SMITH"},{"data":"Uppercut","floor":32,"key":"SMITH"}],"neow_cost":"NONE","seed_source_timestamp":20478284352292,"circlet_count":0,"master_deck":["Strike_R","Strike_R","Strike_R","Defend_R","Defend_R","Defend_R","Defend_R","Bash+1","Sword Boomerang+1","Flame Barrier+1","Spot Weakness","Havoc+1","Pommel Strike","Shrug It Off","True Grit+1","Immolate+1","Armaments+1","Headbutt","Inflame+1","Flame Barrier","Uppercut+1"],"relics":["Burning Blood","MawBank","Bag of Preparation","Sozu","Charon\u0027s Ashes","Centennial Puzzle","Orichalcum"],"potions_floor_usage":[33,33],"damage_taken":[{"damage":5,"enemies":"2 Louse","floor":1,"turns":3},{"damage":10,"enemies":"Jaw Worm","floor":3,"turns":4},{"damage":1,"enemies":"Cultist","floor":4,"turns":3},{"damage":44,"enemies":"3 Sentries","floor":8,"turns":7},{"damage":3,"enemies":"Exordium Thugs","floor":10,"turns":5},{"damage":8,"enemies":"Gremlin Gang","floor":11,"turns":5},{"damage":0,"enemies":"Large Slime","floor":13,"turns":3},{"damage":5,"enemies":"Red Slaver","floor":14,"turns":4},{"damage":41,"enemies":"Hexaghost","floor":16,"turns":10},{"damage":0,"enemies":"Chosen","floor":18,"turns":6},{"damage":2,"enemies":"Spheric Guardian","floor":21,"turns":4},{"damage":14,"enemies":"Centurion and Healer","floor":22,"turns":6},{"damage":3,"enemies":"Snecko","floor":24,"turns":3},{"damage":9,"enemies":"Book of Stabbing","floor":27,"turns":3},{"damage":9,"enemies":"Snake Plant","floor":28,"turns":3},{"damage":2,"enemies":"Chosen and Byrds","floor":30,"turns":4},{"damage":0,"enemies":"Shelled Parasite and Fungi","floor":31,"turns":5},{"damage":127,"enemies":"Champ","floor":33,"turns":14}],"seed_played":"4248806747527617911","potions_obtained":[{"floor":4,"key":"Swift Potion"},{"floor":8,"key":"Poison Potion"},{"floor":11,"key":"Poison Potion"},{"floor":13,"key":"BloodPotion"}],"is_trial":false,"path_per_floor":["M","?","M","M","?","R","?","E","T","M","M","R","M","M","R","B",null,"M","$","?","M","M","R","M","R","T","E","M","$","M","M","R","B"],"character_chosen":"IRONCLAD","items_purchased":["Charon\u0027s Ashes"],"campfire_rested":1,"item_purchase_floors":[19],"current_hp_per_floor":[80,85,81,85,73,73,73,35,35,38,36,61,67,68,68,33,85,85,85,85,85,77,77,80,80,80,77,74,74,78,84,84,0],"gold":393,"neow_bonus":"UPGRADE_CARD","is_prod":false,"is_daily":false,"chose_seed":false,"campfire_upgraded":5,"win_rate":0,"timestamp":1563295319,"path_taken":["M","?","M","M","?","R","?","E","T","M","M","R","M","M","R","BOSS","M","$","?","M","M","R","M","R","T","E","M","$","M","M","R","BOSS"],"build_version":"2019-07-05","purchased_purges":2,"victory":false,"max_hp_per_floor":[80,85,85,85,85,85,85,85,85,85,85,85,85,85,85,85,85,85,85,85,85,85,85,85,85,85,85,85,85,85,85,85,85],"card_choices":[{"not_picked":["Perfected Strike","Flex"],"picked":"Sword Boomerang","floor":1},{"not_picked":["Rupture","Ghostly Armor"],"picked":"Flame Barrier","floor":3},{"not_picked":["Bloodletting","Headbutt"],"picked":"Spot Weakness","floor":4},{"not_picked":["Intimidate","Cleave"],"picked":"Havoc","floor":8},{"not_picked":["True Grit","Armaments"],"picked":"Pommel Strike","floor":10},{"not_picked":["Wild Strike","Sword Boomerang"],"picked":"Shrug It Off","floor":11},{"not_picked":["Spot Weakness","Warcry","Clash"],"picked":"SKIP","floor":13},{"not_picked":["Metallicize","Pommel Strike"],"picked":"True Grit","floor":14},{"not_picked":["Demon Form","Exhume"],"picked":"Immolate","floor":16},{"not_picked":["Clash","Wild Strike","Flex"],"picked":"SKIP","floor":18},{"not_picked":["Sword Boomerang","Seeing Red+1"],"picked":"Armaments+1","floor":21},{"not_picked":["Clash","Burning Pact"],"picked":"Headbutt","floor":22},{"not_picked":["Dual Wield+1","Havoc"],"picked":"Inflame+1","floor":24},{"not_picked":["Dual Wield","Heavy Blade"],"picked":"Flame Barrier","floor":27},{"not_picked":["Combust+1","Entrench","Reckless Charge+1"],"picked":"SKIP","floor":28},{"not_picked":["Body Slam","Armaments","Clash"],"picked":"SKIP","floor":30},{"not_picked":["Combust+1","Armaments"],"picked":"Uppercut","floor":31}],"player_experience":502854,"relics_obtained":[{"floor":8,"key":"Bag of Preparation"},{"floor":26,"key":"Centennial Puzzle"},{"floor":27,"key":"Orichalcum"}],"event_choices":[{"damage_healed":0,"gold_gain":0,"player_choice":"Donut","damage_taken":0,"max_hp_gain":5,"max_hp_loss":0,"event_name":"Big Fish","floor":2,"gold_loss":0},{"damage_healed":0,"gold_gain":0,"player_choice":"Success","damage_taken":12,"relics_obtained":["MawBank"],"max_hp_gain":0,"max_hp_loss":0,"event_name":"Scrap Ooze","floor":5,"gold_loss":0},{"damage_healed":0,"gold_gain":0,"player_choice":"Grow","damage_taken":0,"max_hp_gain":0,"max_hp_loss":0,"event_name":"Living Wall","floor":7,"gold_loss":0,"cards_upgraded":["Flame Barrier"]},{"damage_healed":0,"gold_gain":200,"player_choice":"Gold","damage_taken":0,"max_hp_gain":0,"max_hp_loss":0,"event_name":"Wheel of Change","floor":20,"gold_loss":0}],"is_beta":false,"boss_relics":[{"not_picked":["Cursed Key","Busted Crown"],"picked":"Sozu"}],"items_purged_floors":[19,29],"is_endless":false,"potions_floor_spawned":[4,8,11,13,14,21,30],"killed_by":"Champ","ascension_level":0}