{"gold_per_floor":[111,111,121,134,147,147,167,195,195,209,209,226,226,226,239,239,334,334,334,334,334,334,274,274,274,274,274,274,274,274,274,274,274,274,274,274,274,274,274,274,274,274,274,274,87,87,87,87,87,87,87],"floor_reached":52,"playtime":2176,"items_purged":["Strike_R"],"score":747,"play_id":"4ea4825d-b389-44fe-b40c-ed2df84779eb","local_time":"20190106184904","is_ascension_mode":true,"campfire_choices":[{"data":"Armaments","floor":6.0,"key":"SMITH"},{"data":"Disarm","floor":11.0,"key":"SMITH"},{"data":"Demon Form","floor":13.0,"key":"SMITH"},{"data":"Metallicize","floor":16.0,"key":"SMITH"},{"data":"Shrug It Off","floor":24.0,"key":"SMITH"},{"floor":28.0,"key":"REST"},{"floor":30.0,"key":"DIG"},{"floor":33.0,"key":"REST"},{"floor":41.0,"key":"REST"},{"floor":43.0,"key":"DIG"},{"floor":48.0,"key":"REST"},{"floor":50,"key":"REST"}],"neow_cost":"NONE","seed_source_timestamp":20187072473418,"circlet_count":0,"master_deck":["Strike_R","Strike_R","Strike_R","Defend_R","Defend_R","Defend_R","Defend_R","Bash","Armaments+1","Disarm+1","Metallicize+1","Shrug It Off+1","Demon Form+1","Offering","Thunderclap","Metallicize+1","Shrug It Off+1","Sword Boomerang","Flex","True Grit+1","Uppercut+1","Metallicize","Heavy Blade","Body Slam"],"special_seed":0,"relics":["Black Blood","NeowsBlessing","Smiling Mask","Ginger","Ectoplasm","ReplayTheSpireMod:Ninjato","Shovel","ReplayTheSpireMod:Lightbulb","Onion Ring","Art of War","Replay:Towering Pillar of Hats"],"potions_floor_usage":[51,51,51],"damage_taken":[{"damage":0.0,"enemies":"Jaw Worm","floor":1.0,"turns":1.0},{"damage":0.0,"enemies":"2 Louse","floor":3.0,"turns":1.0},{"damage":0.0,"enemies":"Cultist","floor":4.0,"turns":1.0},{"damage":1.0,"enemies":"2 Fungi Beasts","floor":5.0,"turns":6.0},{"damage":0.0,"enemies":"Large Slime","floor":7.0,"turns":7.0},{"damage":23.0,"enemies":"Gremlin Nob","floor":8.0,"turns":5.0},{"damage":0.0,"enemies":"3 Louse","floor":10.0,"turns":4.0},{"damage":11.0,"enemies":"Exordium Thugs","floor":12.0,"turns":6.0},{"damage":2.0,"enemies":"2 Fungi Beasts","floor":15.0,"turns":5.0},{"damage":19.0,"enemies":"Hexaghost","floor":17.0,"turns":8.0},{"damage":6.0,"enemies":"Shell Parasite","floor":19.0,"turns":7.0},{"damage":6.0,"enemies":"3 Byrds","floor":21.0,"turns":8.0},{"damage":23.0,"enemies":"Centurion and Healer","floor":22.0,"turns":10.0},{"damage":16.0,"enemies":"Snake Plant","floor":25.0,"turns":5.0},{"damage":41.0,"enemies":"Slavers","floor":26.0,"turns":8.0},{"damage":13.0,"enemies":"Shelled Parasite and Fungi","floor":29.0,"turns":6.0},{"damage":7.0,"enemies":"3 Cultists","floor":31.0,"turns":6.0},{"damage":10.0,"enemies":"Snake Plant","floor":32.0,"turns":4.0},{"damage":11.0,"enemies":"Pondfish","floor":34.0,"turns":8.0},{"damage":28.0,"enemies":"3 Shapes","floor":36.0,"turns":13.0},{"damage":27.0,"enemies":"3 Darklings","floor":37.0,"turns":6.0},{"damage":10.0,"enemies":"4 Shapes","floor":39.0,"turns":14.0},{"damage":36.0,"enemies":"Spire Growth","floor":40.0,"turns":7.0},{"damage":24.0,"enemies":"Jaw Worm Horde","floor":46.0,"turns":5.0},{"damage":13.0,"enemies":"Writhing Mass","floor":47.0,"turns":7.0},{"damage":13.0,"enemies":"3 Darklings","floor":49.0,"turns":6.0},{"damage":48,"enemies":"Time Eater","floor":51,"turns":11}],"seed_played":"-7467562069236154990","potions_obtained":[{"floor":5.0,"key":"BloodPotion"},{"floor":7.0,"key":"Adrenaline Potion"},{"floor":10.0,"key":"Milkshake"},{"floor":21.0,"key":"Swift Potion"},{"floor":26.0,"key":"SteroidPotion"},{"floor":32.0,"key":"Flashbang"},{"floor":34.0,"key":"BloodPotion"},{"floor":39.0,"key":"PowerPotion"}],"is_trial":false,"path_per_floor":["M","?","M","M","M","R","M","E","T","M","R","M","R","PTL","M","R","B",null,"M","?","M","M","?","R","M","E","T","R","M","R","M","M","R","B",null,"M","M","?","M","M","R","?","R","T","$","M","M","R","M","R","B",null],"character_chosen":"IRONCLAD","items_purchased":["Metallicize","Heavy Blade","SteroidPotion"],"campfire_rested":5,"item_purchase_floors":[45,45,45],"current_hp_per_floor":[80,73,79,80,80,80,80,63,63,69,69,64,64,64,68,68,55,80,80,80,80,63,63,63,53,26,26,50,43,43,42,38,62,57,80,62,53,53,53,27,51,51,51,51,51,37,34,58,55,79,41],"gold":87,"neow_bonus":"THREE_ENEMY_KILL","is_prod":false,"is_daily":false,"chose_seed":false,"campfire_upgraded":5,"win_rate":0,"timestamp":1546789744,"path_taken":["M","?","M","M","M","R","M","E","T","M","R","M","R","PTL","M","R","BOSS","M","?","?","M","?","R","M","E","T","R","M","R","M","M","R","BOSS","M","M","?","M","M","R","?","R","T","$","M","M","R","?","R","BOSS"],"build_version":"2019-01-03v4","purchased_purges":1,"victory":true,"max_hp_per_floor":[80,80,80,80,80,80,80,80,80,80,80,80,80,80,80,80,80,80,80,80,80,80,80,80,80,80,80,80,80,80,80,80,80,80,80,80,80,80,80,80,80,80,80,80,80,80,80,80,80,80,80],"card_choices":[{"not_picked":["Anger","Flex"],"picked":"Armaments","floor":1.0},{"not_picked":["Dual Wield","Perfected Strike","Body Slam"],"picked":"SKIP","floor":3.0},{"not_picked":["Havoc","Shrug It Off"],"picked":"Disarm","floor":4.0},{"not_picked":["Perfected Strike","Twin Strike"],"picked":"Metallicize","floor":5.0},{"not_picked":["Combust","Flex","Perfected Strike"],"picked":"SKIP","floor":7.0},{"not_picked":["ReplayTheSpireMod:Strike From Hell","Pommel Strike"],"picked":"Shrug It Off","floor":8.0},{"not_picked":["Evolve","Intimidate","Defy Death"],"picked":"SKIP","floor":10.0},{"not_picked":["Run Through","Thunderclap"],"picked":"Demon Form","floor":12.0},{"not_picked":["Headbutt","Second Wind","Replay:Undeath\u0027s Touch"],"picked":"SKIP","floor":15.0},{"not_picked":["Demon Form","Bludgeon"],"picked":"Offering","floor":17.0},{"not_picked":["Intimidate","Perfected Strike","Reckless Charge"],"picked":"SKIP","floor":19.0},{"not_picked":["Clash","Pommel Strike"],"picked":"Thunderclap","floor":21.0},{"not_picked":["Perfected Strike+1","Anger"],"picked":"Metallicize+1","floor":22.0},{"not_picked":["Seeing Red+1","Twin Strike"],"picked":"Shrug It Off+1","floor":25.0},{"not_picked":["Impervious","ReplayTheSpireMod:Muscle Training"],"picked":"Sword Boomerang","floor":26.0},{"not_picked":["Run Through","Twin Strike","Wild Strike"],"picked":"SKIP","floor":29.0},{"not_picked":["Abandon","Offering"],"picked":"Flex","floor":31.0},{"not_picked":["Havoc","Spot Weakness","ReplayTheSpireMod:Corrosion Curse"],"picked":"SKIP","floor":32.0},{"not_picked":["Flex","Body Slam+1"],"picked":"True Grit+1","floor":36.0},{"not_picked":["Cleave","Blood for Blood","Replay:Undeath\u0027s Touch"],"picked":"SKIP","floor":37.0},{"not_picked":["Sword Boomerang+1","Heavy Blade+1"],"picked":"Uppercut+1","floor":39.0},{"not_picked":["Searing Blow","Shrug It Off","Clash+1"],"picked":"SKIP","floor":40.0},{"not_picked":["Armaments","Headbutt+1","Warcry+1"],"picked":"SKIP","floor":46.0},{"not_picked":["ReplayTheSpireMod:Strike From Hell","Sever Soul","Clash+1"],"picked":"SKIP","floor":47.0},{"not_picked":["Twin Strike","Eclipse"],"picked":"Body Slam","floor":49.0}],"player_experience":658520,"relics_obtained":[{"floor":8.0,"key":"Smiling Mask"},{"floor":9.0,"key":"Ginger"},{"floor":26.0,"key":"Shovel"},{"floor":27.0,"key":"ReplayTheSpireMod:Lightbulb"},{"floor":30.0,"key":"Onion Ring"},{"floor":43.0,"key":"Art of War"},{"floor":44.0,"key":"Replay:Towering Pillar of Hats"}],"event_choices":[{"cards_removed":["Strike_R"],"damage_healed":0.0,"max_hp_gain":0.0,"max_hp_loss":0.0,"gold_gain":0.0,"event_name":"Golden Wing","player_choice":"Card Removal","floor":2.0,"gold_loss":0.0,"damage_taken":7.0},{"damage_healed":0.0,"max_hp_gain":0.0,"max_hp_loss":0.0,"gold_gain":0.0,"event_name":"The Mausoleum","player_choice":"Opened","floor":20.0,"gold_loss":0.0,"damage_taken":0.0,"relics_obtained":["ReplayTheSpireMod:Ninjato"]},{"damage_healed":0.0,"max_hp_gain":0.0,"max_hp_loss":0.0,"gold_gain":0.0,"event_name":"SensoryStone","player_choice":"Memory 1","floor":38.0,"gold_loss":0.0,"damage_taken":0.0},{"damage_healed":0.0,"max_hp_gain":0.0,"max_hp_loss":0.0,"gold_gain":0.0,"event_name":"Match and Keep!","player_choice":"0 cards matched","floor":42.0,"gold_loss":0.0,"damage_taken":0.0,"cards_obtained":[]}],"is_beta":false,"boss_relics":[{"not_picked":["Lizard Tail","Orrery"],"picked":"Ectoplasm"},{"not_picked":["Runic Dome","ChewingGum"],"picked":"Black Blood"}],"items_purged_floors":[45],"is_endless":false,"potions_floor_spawned":[5,7,10,21,26,31,32,34,39,46,47],"ascension_level":2}