{"gold_per_floor":[113,38,38,38,38,73,73,92,92,92,92,111,111,122,122,194,194,206,28,28,28],"floor_reached":21,"playtime":527,"items_purged":["Strike_B"],"score":341,"play_id":"2447e205-87e3-43b7-9674-bf58b5ffb28c","local_time":"20190201150021","is_ascension_mode":true,"campfire_choices":[{"floor":7.0,"key":"REST"},{"data":"Ball Lightning","floor":11.0,"key":"SMITH"},{"data":"Capacitor","floor":13.0,"key":"SMITH"},{"floor":15.0,"key":"REST"}],"neow_cost":"NONE","seed_source_timestamp":9286197315196,"circlet_count":0,"master_deck":["AscendersBane","Strike_B","Strike_B","Strike_B+1","Defend_B","Defend_B","Defend_B","Defend_B","Zap+1","Dualcast","Sweeping Beam+1","Capacitor+1","Ball Lightning+1","Parasite","Self Repair","Consume","Fission","Ball Lightning+1","Glacier","Coolheaded","Blizzard"],"special_seed":0,"relics":["Cracked Core","Sundial","Emotion Chip","Ginger","Philosopher\u0027s Stone"],"potions_floor_usage":[21,21],"damage_taken":[{"damage":2.0,"enemies":"Jaw Worm","floor":1.0,"turns":4.0},{"damage":40.0,"enemies":"Lagavulin","floor":6.0,"turns":7.0},{"damage":9.0,"enemies":"Small Slimes","floor":8.0,"turns":2.0},{"damage":1.0,"enemies":"Cultist","floor":12.0,"turns":3.0},{"damage":9.0,"enemies":"3 Louse","floor":14.0,"turns":2.0},{"damage":18.0,"enemies":"Slime Boss","floor":16.0,"turns":6.0},{"damage":23.0,"enemies":"Spheric Guardian","floor":18.0,"turns":4.0},{"damage":47,"enemies":"3 Byrds","floor":21,"turns":4}],"seed_played":"5628900108376387704","potions_obtained":[{"floor":6.0,"key":"Energy Potion"},{"floor":8.0,"key":"AttackPotion"},{"floor":18.0,"key":"EssenceOfSteel"}],"is_trial":false,"path_per_floor":["M","$","?","?","T","E","R","M","T","?","R","M","R","M","R","B",null,"M","$","?","M"],"character_chosen":"DEFECT","items_purchased":["Glacier","Coolheaded","Blizzard"],"campfire_rested":2,"item_purchase_floors":[19,19,19],"current_hp_per_floor":[62,62,41,41,41,1,22,13,13,30,30,29,29,20,41,30,61,45,45,45,0],"gold":28,"neow_bonus":"UPGRADE_CARD","is_prod":false,"is_daily":false,"chose_seed":false,"campfire_upgraded":2,"win_rate":0,"timestamp":1549022421,"path_taken":["M","$","?","?","?","E","R","M","T","?","R","M","R","M","R","BOSS","M","$","?","M"],"build_version":"2019-01-23","purchased_purges":1,"victory":false,"max_hp_per_floor":[71,71,71,71,71,71,71,71,71,71,71,71,71,71,71,71,71,71,71,71,71],"card_choices":[{"not_picked":["Turbo","Static Discharge"],"picked":"Sweeping Beam","floor":1.0},{"not_picked":["Redo","Reprogram"],"picked":"Capacitor","floor":6.0},{"not_picked":["Hologram","Chill"],"picked":"Ball Lightning","floor":8.0},{"not_picked":["Heatsinks","Go for the Eyes"],"picked":"Self Repair","floor":12.0},{"not_picked":["Hologram","Leap"],"picked":"Consume","floor":14.0},{"not_picked":["Reboot","Core Surge"],"picked":"Fission","floor":16.0},{"not_picked":["Go for the Eyes","Stack"],"picked":"Ball Lightning+1","floor":18.0}],"player_experience":725278,"relics_obtained":[{"floor":5.0,"key":"Sundial"},{"floor":6.0,"key":"Emotion Chip"},{"floor":9.0,"key":"Ginger"}],"event_choices":[{"damage_healed":0.0,"max_hp_gain":0.0,"max_hp_loss":0.0,"gold_gain":0.0,"event_name":"Shining Light","player_choice":"Entered Light","floor":3.0,"gold_loss":0.0,"damage_taken":21.0,"cards_upgraded":["Strike_B","Sweeping Beam"]},{"damage_healed":0.0,"max_hp_gain":0.0,"max_hp_loss":0.0,"gold_gain":0.0,"event_name":"Liars Game","player_choice":"Ignored","floor":4.0,"gold_loss":0.0,"damage_taken":0.0},{"damage_healed":17.0,"max_hp_gain":0.0,"max_hp_loss":0.0,"gold_gain":0.0,"event_name":"Mushrooms","player_choice":"Healed and dodged fight","floor":10.0,"gold_loss":0.0,"damage_taken":0.0,"cards_obtained":["Parasite"]},{"damage_healed":0.0,"max_hp_gain":0.0,"max_hp_loss":0.0,"gold_gain":0.0,"event_name":"Beggar","player_choice":"Ignored","floor":20.0,"gold_loss":0.0,"damage_taken":0.0}],"is_beta":false,"boss_relics":[{"not_picked":["Calling Bell","Fusion Hammer"],"picked":"Philosopher\u0027s Stone"}],"items_purged_floors":[2],"is_endless":false,"potions_floor_spawned":[6,8,12,18],"killed_by":"3 Byrds","ascension_level":19}