{"gold_per_floor":[112,124,399,413,47,47,61,94,94,94,107,133,133,143,143,242,242,252,95,95,113,213,546,557,557,557,52,63,93,93,59,59,155,155,168,168,183,183,35,35,55,82,82,128,128,141,171,186,186,186,186,186,10,40,40],"floor_reached":55,"playtime":2452,"items_purged":["Regret","Strike_R","Defend_R"],"score":956,"play_id":"2fe8b6c1-0605-4b39-b852-4aa1a164a773","local_time":"20190209172033","is_ascension_mode":true,"campfire_choices":[{"data":"Armaments","floor":6.0,"key":"SMITH"},{"data":"Inflame","floor":10.0,"key":"SMITH"},{"data":"Battle Trance","floor":15.0,"key":"SMITH"},{"data":"Armaments","floor":30.0,"key":"SMITH"},{"floor":32.0,"key":"REST"},{"floor":40,"key":"RECALL"},{"floor":45,"key":"DIG"},{"floor":49,"key":"REST"},{"floor":52,"key":"DIG"}],"neow_cost":"NONE","seed_source_timestamp":13488488626333,"circlet_count":0,"master_deck":["Strike_R","Strike_R","Strike_R","Strike_R","Defend_R","Defend_R","Bash+1","Inflame+1","Armaments+1","Flame Barrier","Sword Boomerang","Intimidate","Battle Trance+1","Flame Barrier","Impervious","Shrug It Off","Spot Weakness","True Grit","Disarm","Master of Strategy","Armaments+1","Battle Trance","Limit Break","Whirlwind","Spot Weakness+1","Metallicize+1","Thunderclap+1","Iron Wave+1"],"special_seed":0,"relics":["Burning Blood","PreservedInsect","Happy Flower","Sundial","Pear","Kunai","Philosopher\u0027s Stone","Oddly Smooth Stone","Ice Cream","Darkstone Periapt","Old Coin","Letter Opener","Orichalcum","Red Skull","Fusion Hammer","Bag of Preparation","Ancient Tea Set","Shovel","Bird Faced Urn","Molten Egg 2","Vajra","Mummified Hand","Blood Vial"],"potions_floor_usage":[33,33,50,50,55],"damage_taken":[{"damage":1.0,"enemies":"2 Louse","floor":1.0,"turns":4.0},{"damage":11.0,"enemies":"Cultist","floor":2.0,"turns":4.0},{"damage":13.0,"enemies":"Small Slimes","floor":4.0,"turns":4.0},{"damage":15.0,"enemies":"Gremlin Gang","floor":7.0,"turns":6.0},{"damage":3.0,"enemies":"Lagavulin","floor":8.0,"turns":6.0},{"damage":9.0,"enemies":"3 Louse","floor":11.0,"turns":4.0},{"damage":6.0,"enemies":"Gremlin Nob","floor":12.0,"turns":3.0},{"damage":3.0,"enemies":"Exordium Thugs","floor":14.0,"turns":4.0},{"damage":43.0,"enemies":"Slime Boss","floor":16.0,"turns":9.0},{"damage":9.0,"enemies":"Spheric Guardian","floor":18.0,"turns":5.0},{"damage":12.0,"enemies":"Shell Parasite","floor":21.0,"turns":4.0},{"damage":11.0,"enemies":"Colosseum Slavers","floor":22.0,"turns":4.0},{"damage":16.0,"enemies":"Colosseum Nobs","floor":22.0,"turns":3.0},{"damage":22.0,"enemies":"Book of Stabbing","floor":23.0,"turns":5.0},{"damage":0.0,"enemies":"3 Cultists","floor":24.0,"turns":6.0},{"damage":13.0,"enemies":"Centurion and Healer","floor":28.0,"turns":6.0},{"damage":11.0,"enemies":"Gremlin Leader","floor":29.0,"turns":4.0},{"damage":39,"enemies":"Champ","floor":33,"turns":11},{"damage":0,"enemies":"Orb Walker","floor":35,"turns":2},{"damage":0,"enemies":"3 Darklings","floor":37,"turns":6},{"damage":0,"enemies":"Transient","floor":41,"turns":5},{"damage":6,"enemies":"Giant Head","floor":42,"turns":5},{"damage":37,"enemies":"2 Orb Walkers","floor":44,"turns":4},{"damage":7,"enemies":"Maw","floor":46,"turns":5},{"damage":40,"enemies":"Nemesis","floor":47,"turns":9},{"damage":7,"enemies":"Sphere and 2 Shapes","floor":48,"turns":7},{"damage":40,"enemies":"Donu and Deca","floor":50,"turns":8},{"damage":20,"enemies":"Shield and Spear","floor":54,"turns":4},{"damage":85,"enemies":"The Heart","floor":55,"turns":9}],"seed_played":"5668368405743128529","potions_obtained":[{"floor":2.0,"key":"SkillPotion"},{"floor":4.0,"key":"Strength Potion"},{"floor":8.0,"key":"Regen Potion"},{"floor":14.0,"key":"LiquidBronze"},{"floor":21.0,"key":"SpeedPotion"},{"floor":24.0,"key":"Fruit Juice"},{"floor":35,"key":"EssenceOfSteel"},{"floor":42,"key":"SkillPotion"}],"is_trial":false,"path_per_floor":["M","M","?","M","$","R","M","E","T","R","M","E","?","M","R","B",null,"M","$","?","M","?","E","M","?","T","$","M","E","R","$","R","B",null,"M","?","M","T","$","R","M","E","T","?","R","M","E","M","R","B",null,"R","$","E","B"],"character_chosen":"IRONCLAD","items_purchased":["PreservedInsect","Happy Flower","Oddly Smooth Stone","Disarm","Orichalcum","Master of Strategy","Battle Trance","Bag of Preparation","Iron Wave+1"],"campfire_rested":2,"item_purchase_floors":[5,5,19,27,27,27,31,39,53],"current_hp_per_floor":[80,75,75,68,68,68,59,62,72,72,69,69,69,72,72,35,76,73,73,55,61,46,30,36,36,36,36,29,24,24,24,52,24,81,87,87,93,93,93,93,99,99,99,68,68,69,39,42,72,42,86,86,86,76,0],"gold":40,"neow_bonus":"THREE_CARDS","is_prod":false,"is_daily":false,"chose_seed":false,"campfire_upgraded":4,"win_rate":0,"timestamp":1549722033,"path_taken":["M","M","?","?","$","R","M","E","T","R","M","E","?","?","R","BOSS","M","$","?","M","?","E","M","?","T","$","?","E","R","$","R","BOSS","M","?","M","?","?","R","M","E","T","?","R","M","E","M","R","BOSS","R","$","E","BOSS"],"build_version":"2019-01-23","purchased_purges":3,"victory":false,"max_hp_per_floor":[80,80,80,80,80,80,80,80,90,90,90,90,90,90,90,90,90,90,90,95,95,95,95,95,95,95,95,95,95,95,95,95,100,100,100,100,100,100,100,100,100,100,100,100,100,100,100,100,100,100,100,100,100,100,100],"card_choices":[{"not_picked":["Havoc","Sentinel"],"picked":"Inflame","floor":0.0},{"not_picked":["Thunderclap","Dual Wield"],"picked":"Armaments","floor":1.0},{"not_picked":["Sentinel","Inflame"],"picked":"Flame Barrier","floor":2.0},{"not_picked":["Twin Strike","Body Slam"],"picked":"Sword Boomerang","floor":4.0},{"not_picked":["Anger","Thunderclap"],"picked":"Intimidate","floor":7.0},{"not_picked":["Power Through","Perfected Strike"],"picked":"Battle Trance","floor":8.0},{"not_picked":["Body Slam","Metallicize"],"picked":"Flame Barrier","floor":11.0},{"not_picked":["Perfected Strike","Pummel","Second Wind"],"picked":"SKIP","floor":12.0},{"not_picked":["Warcry","Evolve","Anger"],"picked":"SKIP","floor":14.0},{"not_picked":["Brutality","Exhume"],"picked":"Impervious","floor":16.0},{"not_picked":["Warcry","Reckless Charge"],"picked":"Shrug It Off","floor":18.0},{"not_picked":["Warcry+1","Perfected Strike","Pommel Strike"],"picked":"SKIP","floor":21.0},{"not_picked":["Cleave","Iron Wave"],"picked":"Spot Weakness","floor":22.0},{"not_picked":["Double Tap","Cleave"],"picked":"True Grit","floor":23.0},{"not_picked":["Anger","Cleave","Twin Strike+1"],"picked":"SKIP","floor":24.0},{"not_picked":["Clash+1","Rampage","Body Slam+1"],"picked":"SKIP","floor":28.0},{"not_picked":["Sword Boomerang","Seeing Red"],"picked":"Armaments","floor":29.0},{"not_picked":["Offering","Reaper"],"picked":"Limit Break","floor":33},{"not_picked":["Armaments","Seeing Red","Anger"],"picked":"SKIP","floor":35},{"not_picked":["Flex","Rage"],"picked":"Whirlwind","floor":37},{"not_picked":["Warcry+1","Iron Wave+1","Battle Trance+1"],"picked":"SKIP","floor":41},{"not_picked":["Spot Weakness+1","Thunderclap+1","Anger"],"picked":"SKIP","floor":42},{"not_picked":["Thunderclap+1","Anger"],"picked":"Spot Weakness+1","floor":42},{"not_picked":["Reckless Charge+1","Clothesline+1"],"picked":"Metallicize+1","floor":46},{"not_picked":["Pommel Strike+1","Inflame","Whirlwind+1"],"picked":"SKIP","floor":47},{"not_picked":["Cleave+1","Havoc+1","Thunderclap+1"],"picked":"SKIP","floor":48},{"not_picked":["Cleave+1","Havoc+1"],"picked":"Thunderclap+1","floor":48},{"not_picked":["Seeing Red+1","Rage","Second Wind+1"],"picked":"SKIP","floor":54}],"player_experience":759935,"relics_obtained":[{"floor":8.0,"key":"Sundial"},{"floor":9.0,"key":"Pear"},{"floor":12.0,"key":"Kunai"},{"floor":22.0,"key":"Ice Cream"},{"floor":22.0,"key":"Darkstone Periapt"},{"floor":23.0,"key":"Old Coin"},{"floor":26.0,"key":"Letter Opener"},{"floor":29.0,"key":"Red Skull"},{"floor":42,"key":"Ancient Tea Set"},{"floor":43,"key":"Shovel"},{"floor":44,"key":"Bird Faced Urn"},{"floor":45,"key":"Molten Egg 2"},{"floor":47,"key":"Vajra"},{"floor":52,"key":"Mummified Hand"},{"floor":54,"key":"Blood Vial"}],"event_choices":[{"damage_healed":0.0,"max_hp_gain":0.0,"max_hp_loss":0.0,"gold_gain":275.0,"event_name":"Golden Shrine","player_choice":"Desecrate","floor":3.0,"gold_loss":0.0,"damage_taken":0.0,"cards_obtained":["Regret"]},{"damage_healed":0.0,"max_hp_gain":0.0,"max_hp_loss":0.0,"gold_gain":0.0,"event_name":"Accursed Blacksmith","player_choice":"Forge","floor":13.0,"gold_loss":0.0,"damage_taken":0.0,"cards_upgraded":["Bash"]},{"damage_healed":0.0,"max_hp_gain":5.0,"max_hp_loss":0.0,"gold_gain":0.0,"event_name":"Forgotten Altar","player_choice":"Shed Blood","floor":20.0,"gold_loss":0.0,"damage_taken":23.0},{"damage_healed":0.0,"max_hp_gain":0.0,"max_hp_loss":0.0,"gold_gain":0.0,"event_name":"Colosseum","player_choice":"Fight","floor":22.0,"gold_loss":0.0,"damage_taken":0.0},{"damage_healed":0.0,"max_hp_gain":0.0,"max_hp_loss":0.0,"gold_gain":0.0,"event_name":"Colosseum","player_choice":"Fought Nobs","floor":22.0,"gold_loss":0.0,"damage_taken":0.0},{"damage_healed":0.0,"max_hp_gain":0.0,"max_hp_loss":0.0,"gold_gain":0.0,"event_name":"FaceTrader","player_choice":"Leave","floor":25.0,"gold_loss":0.0,"damage_taken":0.0},{"cards_removed":["Defend_R"],"damage_healed":0,"gold_gain":0,"player_choice":"Removed Skill","damage_taken":0,"max_hp_gain":0,"max_hp_loss":0,"event_name":"Falling","floor":36,"gold_loss":0},{"damage_healed":0,"gold_gain":0,"player_choice":"Fight","damage_taken":0,"max_hp_gain":0,"max_hp_loss":0,"event_name":"Mysterious Sphere","floor":44,"gold_loss":0}],"is_beta":false,"boss_relics":[{"not_picked":["Eternal Feather","Coffee Dripper"],"picked":"Philosopher\u0027s Stone"},{"not_picked":["Empty Cage","Snecko Eye"],"picked":"Fusion Hammer"}],"items_purged_floors":[5,27,53],"is_endless":false,"potions_floor_spawned":[2,4,8,14,18,21,24,29,35,42,44,46],"killed_by":"The Heart","ascension_level":5}