{"gold_per_floor":[112,37,187,204,10,44,60,89,162,9,20,72,91,125,125,199,199,216,216,234,285,17,17,48,48,74,89,122,140,90,106,106,184,184,202,102,112,212,230,230,230,263,263,274,274,328,342,367,367,367,367,367,48,81,81],"floor_reached":55,"playtime":1778,"items_purged":["Doubt","Strike_R"],"score":1493,"play_id":"eabcb942-3b4b-492a-83de-baa447abaeb6","local_time":"20190508224351","is_ascension_mode":true,"campfire_choices":[{"data":"Limit Break","floor":15.0,"key":"SMITH"},{"floor":23.0,"key":"RECALL"},{"floor":32.0,"key":"REST"},{"floor":40,"key":"REST"},{"floor":45,"key":"REST"},{"floor":49,"key":"REST"},{"floor":52,"key":"REST"}],"neow_cost":"NONE","seed_source_timestamp":32533057800963,"circlet_count":0,"master_deck":["AscendersBane","Defend_R","Defend_R","Defend_R","Defend_R","Bash","Metallicize","Cleave","Combust","Headbutt","Pommel Strike","Limit Break+1","Corruption","Pummel+1","Immolate","Disarm","Sword Boomerang","Uppercut+1","Shrug It Off+1","Shockwave","Heavy Blade","Shrug It Off+1","Whirlwind+1","Offering","Armaments+1","Shockwave+1","Sentinel+1","Metallicize","Ghostly Armor","Flame Barrier+1","Brutality","Disarm","White Noise"],"special_seed":0,"relics":["Burning Blood","NeowsBlessing","Brimstone","StoneCalendar","Blood Vial","Gremlin Horn","Bag of Preparation","Bag of Marbles","Mango","Fusion Hammer","Whetstone","Happy Flower","Question Card","Orichalcum","Matryoshka","Astrolabe","Gambling Chip","War Paint","Dodecahedron","Juzu Bracelet","Meat on the Bone","Charon\u0027s Ashes","Anchor","PrismaticShard","Lantern"],"potions_floor_usage":[55,55],"damage_taken":[{"damage":0.0,"enemies":"Jaw Worm","floor":1.0,"turns":1.0},{"damage":0.0,"enemies":"Cultist","floor":4.0,"turns":1.0},{"damage":0.0,"enemies":"Lagavulin","floor":6.0,"turns":1.0},{"damage":1.0,"enemies":"Small Slimes","floor":7.0,"turns":3.0},{"damage":30.0,"enemies":"3 Sentries","floor":8.0,"turns":5.0},{"damage":22.0,"enemies":"Exordium Thugs","floor":11.0,"turns":4.0},{"damage":0.0,"enemies":"Exordium Wildlife","floor":13.0,"turns":3.0},{"damage":31.0,"enemies":"Lagavulin","floor":14.0,"turns":5.0},{"damage":50.0,"enemies":"Hexaghost","floor":16.0,"turns":7.0},{"damage":24.0,"enemies":"3 Byrds","floor":18.0,"turns":2.0},{"damage":10.0,"enemies":"Chosen","floor":20.0,"turns":3.0},{"damage":23.0,"enemies":"Book of Stabbing","floor":24.0,"turns":4.0},{"damage":15.0,"enemies":"Snake Plant","floor":27.0,"turns":2.0},{"damage":17.0,"enemies":"Slavers","floor":28.0,"turns":3.0},{"damage":4.0,"enemies":"Chosen and Byrds","floor":29.0,"turns":2.0},{"damage":10.0,"enemies":"3 Cultists","floor":31.0,"turns":3.0},{"damage":9.0,"enemies":"Champ","floor":33.0,"turns":6.0},{"damage":4.0,"enemies":"Orb Walker","floor":35.0,"turns":3.0},{"damage":6.0,"enemies":"3 Darklings","floor":37.0,"turns":1.0},{"damage":40.0,"enemies":"Mind Bloom Boss Battle","floor":38.0,"turns":4.0},{"damage":33,"enemies":"Writhing Mass","floor":39,"turns":4},{"damage":8,"enemies":"Reptomancer","floor":42,"turns":3},{"damage":1,"enemies":"Sphere and 2 Shapes","floor":44,"turns":2},{"damage":6,"enemies":"2 Orb Walkers","floor":46,"turns":1},{"damage":1,"enemies":"4 Shapes","floor":47,"turns":2},{"damage":18,"enemies":"Giant Head","floor":48,"turns":6},{"damage":63,"enemies":"Donu and Deca","floor":50,"turns":5},{"damage":58,"enemies":"Shield and Spear","floor":54,"turns":5},{"damage":51,"enemies":"The Heart","floor":55,"turns":4}],"seed_played":"674170093994673728","potions_obtained":[{"floor":4.0,"key":"Fire Potion"},{"floor":7.0,"key":"Regen Potion"},{"floor":16.0,"key":"BloodPotion"},{"floor":28.0,"key":"Energy Potion"},{"floor":29.0,"key":"Regen Potion"},{"floor":39,"key":"SpeedPotion"},{"floor":42,"key":"GamblersBrew"},{"floor":48,"key":"Swift Potion"}],"is_trial":false,"path_per_floor":["M","?","?","M","$","E","M","E","T","$","M","T","M","E","R","B",null,"M","?","M","T","$","R","E","$","T","M","E","M","$","M","R","B",null,"M","$","M","?","M","R","T","E","T","M","R","?","M","E","R","B",null,"R","$","E","B"],"character_chosen":"IRONCLAD","items_purchased":["Brimstone","Bag of Preparation","Happy Flower","Shrug It Off","Shrug It Off","Disarm","PrismaticShard","Energy Potion"],"campfire_rested":5,"item_purchase_floors":[5,10,22,22,30,53,53,53],"current_hp_per_floor":[74,74,74,75,75,75,75,51,51,51,37,37,45,50,50,8,69,53,53,51,51,51,51,36,36,36,29,28,32,32,30,56,69,84,88,88,89,55,30,56,56,56,56,63,89,89,89,77,89,44,78,89,89,49,0],"gold":81,"neow_bonus":"THREE_ENEMY_KILL","is_prod":false,"is_daily":false,"chose_seed":false,"campfire_upgraded":1,"win_rate":0,"timestamp":1557344631,"path_taken":["M","?","?","M","$","E","M","E","T","?","?","?","M","E","R","BOSS","M","?","M","?","$","R","E","?","T","M","E","M","$","M","R","BOSS","M","$","M","?","M","R","?","E","T","M","R","?","M","E","R","BOSS","R","$","E","BOSS"],"build_version":"2019-01-23","purchased_purges":2,"victory":false,"max_hp_per_floor":[75,75,75,75,75,75,75,75,75,75,75,75,75,89,89,89,89,89,89,89,89,89,89,89,89,89,89,89,89,89,89,89,89,89,89,89,89,89,89,89,89,89,89,89,89,89,89,89,89,89,89,89,89,89,89],"card_choices":[{"not_picked":["Anger","Heavy Blade"],"picked":"Metallicize","floor":1.0},{"not_picked":["Shrug It Off","Carnage"],"picked":"Cleave","floor":4.0},{"not_picked":["Intimidate","Cleave"],"picked":"Combust","floor":6.0},{"not_picked":["Metallicize","Burning Pact"],"picked":"Headbutt","floor":7.0},{"not_picked":["Cleave","Seeing Red"],"picked":"Pommel Strike","floor":8.0},{"not_picked":["Iron Wave","Shrug It Off"],"picked":"Limit Break","floor":11.0},{"not_picked":["Twin Strike","Body Slam"],"picked":"Corruption","floor":13.0},{"not_picked":["Havoc","Clothesline"],"picked":"Pummel","floor":14.0},{"not_picked":["Offering","Double Tap"],"picked":"Immolate","floor":16.0},{"not_picked":["Feel No Pain","Fire Breathing"],"picked":"Disarm","floor":18.0},{"not_picked":["Perfected Strike+1","Clothesline"],"picked":"Uppercut","floor":20.0},{"not_picked":["Feel No Pain","Dual Wield","Immolate"],"picked":"SKIP","floor":24.0},{"not_picked":["Heavy Blade","Sword Boomerang","Body Slam"],"picked":"Shockwave","floor":27.0},{"not_picked":["Power Through","Cleave","Inflame"],"picked":"Heavy Blade","floor":28.0},{"not_picked":["Hemokinesis","Carnage+1","Body Slam","Spot Weakness"],"picked":"SKIP","floor":29.0},{"not_picked":["Searing Blow","Hemokinesis","Armaments"],"picked":"Whirlwind+1","floor":31.0},{"not_picked":["Reaper","Bludgeon","Immolate"],"picked":"Offering","floor":33.0},{"not_picked":["Burning Pact","Seeing Red","Anger"],"picked":"Metallicize","floor":35.0},{"not_picked":["Body Slam","Warcry","Shockwave","Iron Wave"],"picked":"SKIP","floor":37.0},{"not_picked":["Headbutt+1","Anger","Cleave"],"picked":"Ghostly Armor","floor":38.0},{"not_picked":["Searing Blow+1","Brutality","Anger","Clash+1"],"picked":"SKIP","floor":39},{"not_picked":["Combust","Twin Strike","Havoc","Pommel Strike+1"],"picked":"SKIP","floor":42},{"not_picked":["Heavy Blade+1","Sever Soul","Cleave","Bludgeon"],"picked":"SKIP","floor":44},{"not_picked":["Dropkick","Clash","Iron Wave"],"picked":"Flame Barrier+1","floor":47},{"not_picked":["Twin Strike+1","Rampage","Inflame"],"picked":"Brutality","floor":48},{"not_picked":["Cloak And Dagger","Barrage","Flex+1"],"picked":"White Noise","floor":54}],"player_experience":881421,"relics_obtained":[{"floor":6.0,"key":"StoneCalendar"},{"floor":8.0,"key":"Blood Vial"},{"floor":9.0,"key":"Gremlin Horn"},{"floor":12.0,"key":"Bag of Marbles"},{"floor":14.0,"key":"Mango"},{"floor":21.0,"key":"Whetstone"},{"floor":24.0,"key":"Question Card"},{"floor":26.0,"key":"Orichalcum"},{"floor":28.0,"key":"Matryoshka"},{"floor":38.0,"key":"Gambling Chip"},{"floor":41,"key":"War Paint"},{"floor":42,"key":"Dodecahedron"},{"floor":43,"key":"Juzu Bracelet"},{"floor":43,"key":"Meat on the Bone"},{"floor":46,"key":"Charon\u0027s Ashes"},{"floor":48,"key":"Anchor"},{"floor":54,"key":"Lantern"}],"event_choices":[{"cards_removed":["Strike_R"],"damage_healed":0.0,"max_hp_gain":0.0,"max_hp_loss":0.0,"gold_gain":0.0,"event_name":"The Cleric","player_choice":"Card Removal","floor":2.0,"gold_loss":75.0,"damage_taken":0.0},{"damage_healed":0.0,"max_hp_gain":0.0,"max_hp_loss":0.0,"gold_gain":150.0,"event_name":"Liars Game","player_choice":"AGREE","floor":3.0,"gold_loss":0.0,"damage_taken":0.0,"cards_obtained":["Doubt"]},{"damage_healed":0.0,"max_hp_gain":0.0,"max_hp_loss":0.0,"gold_gain":0.0,"event_name":"The Library","player_choice":"Read","floor":19.0,"gold_loss":0.0,"damage_taken":0.0,"cards_obtained":["Sword Boomerang"]},{"damage_healed":0.0,"max_hp_gain":0.0,"max_hp_loss":0.0,"gold_gain":0.0,"event_name":"MindBloom","player_choice":"Fight","floor":38.0,"gold_loss":0.0,"damage_taken":0.0},{"damage_healed":0,"gold_gain":0,"player_choice":"Fight","damage_taken":0,"max_hp_gain":0,"max_hp_loss":0,"event_name":"Mysterious Sphere","floor":46,"gold_loss":0}],"is_beta":false,"boss_relics":[{"not_picked":["Black Star","Coffee Dripper"],"picked":"Fusion Hammer"},{"not_picked":["Calling Bell","Black Blood"],"picked":"Astrolabe"}],"items_purged_floors":[22,36],"is_endless":false,"potions_floor_spawned":[4,7,8,13,16,27,28,29,39,42,48,54],"killed_by":"The Heart","ascension_level":15}