{"gold_per_floor":[118,50,50,62,111,138,138,148,199,149,149,179,179,198,198,303,303,316,316,329,342,140,140],"floor_reached":23,"playtime":842,"items_purged":["Strike_R","Strike_R"],"score":199,"play_id":"ed80d09a-acc6-4ba7-bdf2-6a20c7a274c4","local_time":"20190712125056","is_ascension_mode":false,"campfire_choices":[{"data":"Bash","floor":7.0,"key":"SMITH"},{"floor":13.0,"key":"RECALL"},{"data":"Searing Blow","floor":15.0,"key":"SMITH"}],"neow_cost":"PERCENT_DAMAGE","seed_source_timestamp":6524035188207,"circlet_count":0,"master_deck":["Strike_R","Defend_R","Defend_R","Defend_R","Bash+1","Double Tap+1","Searing Blow+1","Whirlwind","Demon Form"],"special_seed":0,"relics":["Black Blood","Pen Nib","Smiling Mask","Oddly Smooth Stone","Blood Vial"],"potions_floor_usage":[16,18],"damage_taken":[{"damage":5.0,"enemies":"Cultist","floor":1.0,"turns":4.0},{"damage":2.0,"enemies":"2 Louse","floor":4.0,"turns":4.0},{"damage":28.0,"enemies":"Gremlin Nob","floor":6.0,"turns":4.0},{"damage":6.0,"enemies":"Jaw Worm","floor":8.0,"turns":2.0},{"damage":26.0,"enemies":"3 Sentries","floor":12.0,"turns":7.0},{"damage":0.0,"enemies":"2 Fungi Beasts","floor":14.0,"turns":3.0},{"damage":48,"enemies":"Hexaghost","floor":16,"turns":8},{"damage":34,"enemies":"2 Thieves","floor":18,"turns":5},{"damage":10,"enemies":"Chosen","floor":20,"turns":4},{"damage":58,"enemies":"Shelled Parasite and Fungi","floor":21,"turns":8},{"damage":15,"enemies":"Slavers","floor":23,"turns":1}],"seed_played":"6077518030575666660","potions_obtained":[{"floor":6.0,"key":"SkillPotion"},{"floor":8.0,"key":"BloodPotion"},{"floor":12.0,"key":"SkillPotion"},{"floor":16,"key":"Energy Potion"},{"floor":18,"key":"Ancient Potion"},{"floor":20,"key":"Swift Potion"}],"is_trial":false,"path_per_floor":["M","$","?","M","T","E","R","M","T","$","?","E","R","M","R","B",null,"M","?","M","M","$","E"],"character_chosen":"IRONCLAD","items_purchased":["Double Tap","Blood Vial"],"campfire_rested":0,"item_purchase_floors":[2,22],"current_hp_per_floor":[57,57,57,61,61,39,39,39,39,39,44,45,45,51,51,9,85,61,61,61,13,13,0],"gold":140,"neow_bonus":"REMOVE_TWO","is_prod":false,"is_daily":false,"chose_seed":false,"campfire_upgraded":2,"win_rate":0,"timestamp":1562961056,"path_taken":["M","?","?","?","?","E","R","M","T","$","?","E","R","M","R","BOSS","M","?","?","M","$","E"],"build_version":"2019-07-05","purchased_purges":2,"victory":false,"max_hp_per_floor":[80,80,80,80,80,80,80,80,80,80,85,85,85,85,85,85,85,85,85,85,85,85,85],"card_choices":[{"not_picked":["Twin Strike","Armaments","Iron Wave"],"picked":"SKIP","floor":1.0},{"not_picked":["Sentinel","Sword Boomerang","Clash"],"picked":"SKIP","floor":4.0},{"not_picked":["Ghostly Armor","Clash","Combust"],"picked":"SKIP","floor":6.0},{"not_picked":["Thunderclap","Headbutt"],"picked":"Searing Blow","floor":8.0},{"not_picked":["Immolate","Cleave","Clothesline"],"picked":"SKIP","floor":12.0},{"not_picked":["Thunderclap","Clothesline"],"picked":"Whirlwind","floor":14.0},{"not_picked":["Berserk","Bludgeon"],"picked":"Demon Form","floor":16},{"not_picked":["Armaments","Rampage","True Grit"],"picked":"SKIP","floor":18},{"not_picked":["Pommel Strike","Flex","Shockwave"],"picked":"SKIP","floor":20},{"not_picked":["Iron Wave","Rage","Pummel"],"picked":"SKIP","floor":21}],"player_experience":563707,"relics_obtained":[{"floor":5.0,"key":"Pen Nib"},{"floor":6.0,"key":"Smiling Mask"},{"floor":12.0,"key":"Oddly Smooth Stone"}],"event_choices":[{"damage_healed":0.0,"max_hp_gain":0.0,"max_hp_loss":0.0,"gold_gain":0.0,"event_name":"Upgrade Shrine","player_choice":"Upgraded","floor":3.0,"gold_loss":0.0,"damage_taken":0.0,"cards_upgraded":["Double Tap"]},{"damage_healed":0.0,"max_hp_gain":5.0,"max_hp_loss":0.0,"gold_gain":0.0,"event_name":"Big Fish","player_choice":"Donut","floor":11.0,"gold_loss":0.0,"damage_taken":0.0},{"cards_removed":["Strike_R"],"damage_healed":0,"gold_gain":0,"player_choice":"Purged","damage_taken":0,"max_hp_gain":0,"max_hp_loss":0,"event_name":"Purifier","floor":19,"gold_loss":0}],"is_beta":false,"boss_relics":[{"not_picked":["Runic Cube","Eternal Feather"],"picked":"Black Blood"}],"items_purged_floors":[10,22],"is_endless":false,"potions_floor_spawned":[6,8,12,16,18,20],"killed_by":"Slavers","ascension_level":0}