{"gold_per_floor":[113,188,15,32,32,64,84,1,24,24],"floor_reached":10,"playtime":625,"items_purged":["Strike_G"],"score":86,"play_id":"0f0fcf9d-3fa9-449d-9bb6-3a97e8bb31f2","local_time":"20190717225720","is_ascension_mode":true,"campfire_choices":[],"neow_cost":"NONE","seed_source_timestamp":184951519436200,"circlet_count":0,"master_deck":["Strike_G","Strike_G","Strike_G","Strike_G","Defend_G","Defend_G","Defend_G","Defend_G","Defend_G","Survivor","Neutralize","Footwork","Dagger Spray","Footwork","Sucker Punch","Backflip","Noxious Fumes","Deadly Poison"],"relics":["Ring of the Snake","Happy Flower","Orichalcum","Bag of Preparation"],"potions_floor_usage":[10],"damage_taken":[{"damage":1,"enemies":"2 Louse","floor":1,"turns":3},{"damage":0,"enemies":"Jaw Worm","floor":4,"turns":6},{"damage":49,"enemies":"Gremlin Nob","floor":6,"turns":7},{"damage":0,"enemies":"Cultist","floor":7,"turns":6},{"damage":9,"enemies":"3 Sentries","floor":10,"turns":4}],"seed_played":"7596926663866098431","potions_obtained":[{"floor":1,"key":"LiquidBronze"},{"floor":6,"key":"Fire Potion"}],"is_trial":false,"path_per_floor":["M","?","$","M","?","E","M","$","T","E"],"character_chosen":"THE_SILENT","items_purchased":["Dagger Spray","Footwork","Noxious Fumes","Deadly Poison"],"campfire_rested":0,"item_purchase_floors":[3,3,8,8],"current_hp_per_floor":[69,58,58,58,58,9,9,9,9,0],"gold":24,"neow_bonus":"TEN_PERCENT_HP_BONUS","is_prod":false,"is_daily":false,"chose_seed":false,"campfire_upgraded":0,"win_rate":0,"timestamp":1563418640,"path_taken":["M","?","$","M","?","E","M","$","T","E"],"build_version":"2019-07-17","purchased_purges":1,"victory":false,"max_hp_per_floor":[77,77,77,77,77,77,77,77,77,77],"card_choices":[{"not_picked":["Eviscerate","Calculated Gamble"],"picked":"Footwork","floor":1},{"not_picked":["Cloak And Dagger","Terror"],"picked":"Sucker Punch","floor":4},{"not_picked":["Footwork","Expertise"],"picked":"Backflip","floor":6},{"not_picked":["Acrobatics","Terror","Blade Dance"],"picked":"SKIP","floor":7}],"player_experience":492472,"relics_obtained":[{"floor":6,"key":"Orichalcum"},{"floor":9,"key":"Bag of Preparation"}],"event_choices":[{"damage_healed":0,"gold_gain":75,"player_choice":"Gather Gold","damage_taken":11,"max_hp_gain":0,"max_hp_loss":0,"event_name":"World of Goop","floor":2,"gold_loss":0},{"damage_healed":0,"gold_gain":0,"player_choice":"Gave Potion","damage_taken":0,"relics_obtained":["Happy Flower"],"max_hp_gain":0,"max_hp_loss":0,"event_name":"WeMeetAgain","floor":5,"gold_loss":0}],"is_beta":false,"boss_relics":[],"items_purged_floors":[3],"is_endless":false,"potions_floor_spawned":[1,6],"killed_by":"3 Sentries","ascension_level":6}