{"gold_per_floor":[13,13,32,50,66,66,141,141,195,195,370,70,70,90,90,195,195,206,220,232,232,232,232,266,266,266,300,318,243,243,259,259,363,363,383,383,1382,450,450,450,469,479,479,479,494,494,494,506,506,506],"floor_reached":51,"playtime":1697,"items_purged":["Doubt","Normality"],"score":1145,"play_id":"c6beef5b-8e0b-4072-a4b9-7c862e6e84f1","local_time":"20190114230805","is_ascension_mode":true,"campfire_choices":[{"data":"Zap","floor":6.0,"key":"SMITH"},{"data":"Ball Lightning","floor":8.0,"key":"SMITH"},{"data":"Hologram","floor":10.0,"key":"SMITH"},{"data":"Sweeping Beam","floor":15.0,"key":"SMITH"},{"floor":23.0,"key":"REST"},{"data":"Biased Cognition","floor":25.0,"key":"SMITH"},{"floor":30.0,"key":"REST"},{"floor":32.0,"key":"REST"},{"data":"Force Field","floor":40.0,"key":"SMITH"},{"floor":46.0,"key":"REST"},{"floor":49.0,"key":"REST"}],"neow_cost":"NO_GOLD","seed_source_timestamp":12350358987802,"circlet_count":0,"master_deck":["Strike_B","Defend_B+1","Defend_B","Defend_B","Zap+1","Dualcast","Ball Lightning+1","Hologram+1","Darkness","Sweeping Beam+1","Barrage","White Noise+1","Biased Cognition+1","Self Repair","Force Field+1","Leap","Coolheaded","Reboot","Recycle","Cold Snap","Echo Form","Static Discharge+1","Normality","FTL","Parasite"],"special_seed":0,"relics":["Cracked Core","Bag of Preparation","ClockworkSouvenir","Philosopher\u0027s Stone","Bag of Marbles","War Paint","Torii","Dead Branch","Empty Cage","Toolbox","Bottled Tornado","Matryoshka","Bronze Scales","Regal Pillow"],"potions_floor_usage":[50,50,50],"damage_taken":[{"damage":0.0,"enemies":"Small Slimes","floor":1.0,"turns":3.0},{"damage":0.0,"enemies":"Cultist","floor":3.0,"turns":3.0},{"damage":0.0,"enemies":"2 Louse","floor":4.0,"turns":2.0},{"damage":8.0,"enemies":"2 Fungi Beasts","floor":5.0,"turns":3.0},{"damage":0.0,"enemies":"Gremlin Gang","floor":14.0,"turns":2.0},{"damage":0.0,"enemies":"Slime Boss","floor":16.0,"turns":6.0},{"damage":26.0,"enemies":"2 Thieves","floor":18.0,"turns":3.0},{"damage":4.0,"enemies":"Chosen","floor":19.0,"turns":3.0},{"damage":22.0,"enemies":"Snake Plant","floor":20.0,"turns":3.0},{"damage":20.0,"enemies":"Slavers","floor":24.0,"turns":2.0},{"damage":32.0,"enemies":"Book of Stabbing","floor":27.0,"turns":5.0},{"damage":2.0,"enemies":"Snecko","floor":28.0,"turns":4.0},{"damage":1.0,"enemies":"Centurion and Healer","floor":31.0,"turns":2.0},{"damage":19.0,"enemies":"Automaton","floor":33.0,"turns":8.0},{"damage":0.0,"enemies":"3 Shapes","floor":35.0,"turns":3.0},{"damage":51.0,"enemies":"3 Darklings","floor":41.0,"turns":6.0},{"damage":12.0,"enemies":"Writhing Mass","floor":42.0,"turns":8.0},{"damage":31.0,"enemies":"Jaw Worm Horde","floor":45.0,"turns":4.0},{"damage":46.0,"enemies":"4 Shapes","floor":48.0,"turns":7.0},{"damage":42,"enemies":"Donu and Deca","floor":50,"turns":13}],"seed_played":"5817425892760026306","potions_obtained":[{"floor":1.0,"key":"Block Potion"},{"floor":2.0,"key":"Regen Potion"},{"floor":2.0,"key":"Fire Potion"},{"floor":5.0,"key":"FocusPotion"},{"floor":19.0,"key":"Swift Potion"},{"floor":20.0,"key":"PowerPotion"},{"floor":27.0,"key":"Ancient Potion"},{"floor":35.0,"key":"EssenceOfSteel"},{"floor":45.0,"key":"SpeedPotion"}],"is_trial":false,"path_per_floor":["M","?","M","M","M","R","?","R","T","R","?","$","?","M","R","B",null,"M","M","M","?","?","R","E","R","T","E","M","?","R","M","R","B",null,"M","?","?","$","?","R","M","M","T","?","M","R","?","M","R","B",null],"character_chosen":"DEFECT","items_purchased":["Sweeping Beam","ClockworkSouvenir","Toolbox","Bottled Tornado","Matryoshka","FTL","Energy Potion"],"campfire_rested":5,"item_purchase_floors":[12,12,38,38,38,38,38],"current_hp_per_floor":[68,68,68,68,60,60,49,49,49,49,49,49,49,49,49,49,69,43,46,31,31,31,53,40,40,40,15,20,20,42,48,70,58,71,75,75,75,75,75,75,38,33,33,33,16,52,52,20,56,24],"gold":506,"neow_bonus":"THREE_RARE_CARDS","is_prod":false,"is_daily":false,"chose_seed":false,"campfire_upgraded":6,"win_rate":0,"timestamp":1547496485,"path_taken":["M","?","M","?","M","R","?","R","T","R","?","$","?","M","R","BOSS","M","?","M","?","?","R","E","R","T","E","M","?","R","M","R","BOSS","M","?","?","$","?","R","M","?","T","?","M","R","?","M","R","BOSS"],"build_version":"2019-01-10","purchased_purges":2,"victory":true,"max_hp_per_floor":[75,75,75,75,75,75,75,75,75,75,75,75,75,75,75,75,75,75,75,75,75,75,75,75,75,75,75,75,75,75,75,75,75,75,75,75,75,75,75,75,75,75,75,71,71,71,71,71,71,71],"card_choices":[{"not_picked":["Meteor Strike","Amplify"],"picked":"Machine Learning","floor":0.0},{"not_picked":["Lockon","Streamline"],"picked":"Ball Lightning","floor":1.0},{"not_picked":["Steam","Rebound"],"picked":"Hologram","floor":3.0},{"not_picked":["Gash","Barrage"],"picked":"Darkness","floor":4.0},{"not_picked":["Turbo","Skim","Rebound"],"picked":"SKIP","floor":5.0},{"not_picked":["Auto Shields","Skim"],"picked":"White Noise","floor":14.0},{"not_picked":["Thunder Strike","Creative AI"],"picked":"Biased Cognition","floor":16.0},{"not_picked":["Ball Lightning","Go for the Eyes+1"],"picked":"Self Repair","floor":18.0},{"not_picked":["Beam Cell","Barrage"],"picked":"Force Field","floor":19.0},{"not_picked":["Stack+1","Barrage"],"picked":"Leap","floor":20.0},{"not_picked":["Rebound","FTL+1"],"picked":"Coolheaded","floor":24.0},{"not_picked":["All For One","Tempest"],"picked":"Reboot","floor":27.0},{"not_picked":["Reinforced Body","Darkness+1"],"picked":"Recycle","floor":28.0},{"not_picked":["Rebound+1","Leap"],"picked":"Cold Snap","floor":31.0},{"not_picked":["Electrodynamics","Buffer"],"picked":"Echo Form","floor":33.0},{"not_picked":["Ball Lightning","Chill"],"picked":"Static Discharge+1","floor":35.0},{"not_picked":["Hologram+1","Melter+1","Sweeping Beam+1"],"picked":"SKIP","floor":41.0},{"not_picked":["FTL","Rebound","Fusion+1"],"picked":"SKIP","floor":42.0},{"not_picked":["Coolheaded+1","Sweeping Beam+1","Barrage+1"],"picked":"SKIP","floor":45.0},{"not_picked":["Stack+1","Self Repair+1","Coolheaded+1"],"picked":"SKIP","floor":48.0}],"player_experience":685998,"relics_obtained":[{"floor":9.0,"key":"Bag of Preparation"},{"floor":24.0,"key":"War Paint"},{"floor":26.0,"key":"Torii"},{"floor":27.0,"key":"Dead Branch"},{"floor":43.0,"key":"Bronze Scales"},{"floor":43.0,"key":"Regal Pillow"}],"event_choices":[{"damage_healed":0.0,"max_hp_gain":0.0,"max_hp_loss":0.0,"gold_gain":0.0,"event_name":"Lab","player_choice":"Got Potions","floor":2.0,"gold_loss":0.0,"damage_taken":0.0},{"damage_healed":0.0,"max_hp_gain":0.0,"max_hp_loss":0.0,"gold_gain":75.0,"event_name":"World of Goop","player_choice":"Gather Gold","floor":7.0,"gold_loss":0.0,"damage_taken":11.0},{"damage_healed":0.0,"max_hp_gain":0.0,"max_hp_loss":0.0,"gold_gain":175.0,"event_name":"Liars Game","player_choice":"AGREE","floor":11.0,"gold_loss":0.0,"damage_taken":0.0,"cards_obtained":["Doubt"]},{"damage_healed":0.0,"max_hp_gain":0.0,"max_hp_loss":0.0,"gold_gain":0.0,"cards_transformed":["Strike_B"],"event_name":"Transmorgrifier","player_choice":"Transformed","floor":13.0,"gold_loss":0.0,"damage_taken":0.0,"cards_obtained":["Barrage"]},{"damage_healed":0.0,"max_hp_gain":0.0,"max_hp_loss":0.0,"gold_gain":0.0,"event_name":"Cursed Tome","player_choice":"Ignored","floor":21.0,"gold_loss":0.0,"damage_taken":0.0},{"damage_healed":0.0,"max_hp_gain":0.0,"max_hp_loss":0.0,"gold_gain":0.0,"event_name":"The Mausoleum","player_choice":"Opened","floor":22.0,"gold_loss":0.0,"damage_taken":0.0,"relics_obtained":["Bag of Marbles"]},{"cards_removed":["Strike_B"],"damage_healed":0.0,"max_hp_gain":0.0,"max_hp_loss":0.0,"gold_gain":0.0,"event_name":"Beggar","player_choice":"Gave Gold","floor":29.0,"gold_loss":75.0,"damage_taken":0.0},{"damage_healed":0.0,"max_hp_gain":0.0,"max_hp_loss":0.0,"gold_gain":0.0,"event_name":"Mysterious Sphere","player_choice":"Ignored","floor":36.0,"gold_loss":0.0,"damage_taken":0.0},{"damage_healed":0.0,"max_hp_gain":0.0,"max_hp_loss":0.0,"gold_gain":999.0,"event_name":"MindBloom","player_choice":"Gold","floor":37.0,"gold_loss":0.0,"damage_taken":0.0,"cards_obtained":["Normality","Normality"]},{"damage_healed":0.0,"max_hp_gain":0.0,"max_hp_loss":0.0,"gold_gain":0.0,"event_name":"Tomb of Lord Red Mask","player_choice":"Ignored","floor":39.0,"gold_loss":0.0,"damage_taken":0.0},{"damage_healed":0.0,"max_hp_gain":0.0,"max_hp_loss":4.0,"gold_gain":0.0,"event_name":"Winding Halls","player_choice":"Max HP","floor":44.0,"gold_loss":0.0,"damage_taken":0.0},{"cards_removed":["Machine Learning"],"damage_healed":0.0,"max_hp_gain":0.0,"max_hp_loss":0.0,"gold_gain":0.0,"event_name":"Falling","player_choice":"Removed Power","floor":47.0,"gold_loss":0.0,"damage_taken":0.0}],"is_beta":false,"boss_relics":[{"not_picked":["Pandora\u0027s Box","Busted Crown"],"picked":"Philosopher\u0027s Stone"},{"not_picked":["Snecko Eye","Lizard Tail"],"picked":"Empty Cage"}],"items_purged_floors":[12,38],"is_endless":false,"potions_floor_spawned":[1,3,5,19,20,27,35,45],"ascension_level":7}