{"gold_per_floor":[15,35,35,46,11,37,37,64,88,88,99,99,113,126,126,231,231,244,271,271,370,386,418,418,436,436,436,239,239,250,32,32,137,137,155,377,387,440,46,46,46,46,46,146,161,161,161,186,186,186,186,186,86,114,114],"floor_reached":56,"playtime":4137,"items_purged":["Strike_G+1","Strike_G+1"],"score":1346,"play_id":"e2d0b490-2f5b-4b17-9696-ff09559270ba","local_time":"20190720003600","is_ascension_mode":true,"campfire_choices":[{"data":"Neutralize","floor":7,"key":"SMITH"},{"floor":10,"key":"REST"},{"data":"Catalyst","floor":15,"key":"SMITH"},{"floor":24,"key":"REST"},{"data":"Corpse Explosion","floor":29,"key":"SMITH"},{"data":"Dodge and Roll","floor":32,"key":"SMITH"},{"data":"Footwork","floor":40,"key":"SMITH"},{"floor":42,"key":"DIG"},{"floor":47,"key":"DIG"},{"floor":49,"key":"RECALL"},{"floor":52,"key":"DIG"}],"neow_cost":"NO_GOLD","seed_source_timestamp":52237991089288,"circlet_count":0,"master_deck":["Strike_G+1","Strike_G+1","Defend_G+1","Defend_G+1","Defend_G+1","Defend_G+1","Defend_G+1","Survivor","Neutralize+1","Deadly Poison","Noxious Fumes+1","Quick Slash","Quick Slash","Dodge and Roll+1","Cloak And Dagger","Catalyst+1","Deflect","Corpse Explosion+1","Dagger Spray+1","Backflip","Noxious Fumes","PiercingWail","Die Die Die","PiercingWail","Footwork+1","Footwork+1","Deflect+1"],"relics":["Ring of the Snake","Happy Flower","Dream Catcher","Busted Crown","Red Mask","FossilizedHelix","Sundial","Strawberry","Oddly Smooth Stone","Orrery","Shovel","Gambling Chip","Ancient Tea Set","Incense Burner","StoneCalendar","Tough Bandages","The Specimen","Mummified Hand","Lantern"],"potions_floor_usage":[6,16,16,19,38,54,55,55,55],"damage_taken":[{"damage":1,"enemies":"Jaw Worm","floor":1,"turns":7},{"damage":4,"enemies":"2 Louse","floor":2,"turns":4},{"damage":1,"enemies":"Small Slimes","floor":4,"turns":3},{"damage":30,"enemies":"3 Sentries","floor":6,"turns":8},{"damage":18,"enemies":"Gremlin Nob","floor":8,"turns":4},{"damage":0,"enemies":"Blue Slaver","floor":11,"turns":4},{"damage":7,"enemies":"2 Fungi Beasts","floor":13,"turns":5},{"damage":10,"enemies":"3 Louse","floor":14,"turns":4},{"damage":5,"enemies":"The Guardian","floor":16,"turns":8},{"damage":0,"enemies":"Shell Parasite","floor":18,"turns":5},{"damage":24,"enemies":"Masked Bandits","floor":19,"turns":3},{"damage":10,"enemies":"Spheric Guardian","floor":22,"turns":4},{"damage":20,"enemies":"Book of Stabbing","floor":23,"turns":6},{"damage":0,"enemies":"Centurion and Healer","floor":25,"turns":4},{"damage":0,"enemies":"Snake Plant","floor":30,"turns":3},{"damage":21,"enemies":"Champ","floor":33,"turns":12},{"damage":0,"enemies":"Orb Walker","floor":35,"turns":4},{"damage":0,"enemies":"3 Shapes","floor":37,"turns":3},{"damage":13,"enemies":"2 Orb Walkers","floor":38,"turns":4},{"damage":0,"enemies":"Mind Bloom Boss Battle","floor":44,"turns":5},{"damage":2,"enemies":"Sphere and 2 Shapes","floor":45,"turns":4},{"damage":0,"enemies":"Giant Head","floor":48,"turns":7},{"damage":14,"enemies":"Awakened One","floor":50,"turns":14},{"damage":0,"enemies":"Shield and Spear","floor":54,"turns":4},{"damage":35,"enemies":"The Heart","floor":55,"turns":11}],"seed_played":"4518982447785985457","potions_obtained":[{"floor":4,"key":"PowerPotion"},{"floor":6,"key":"GamblersBrew"},{"floor":11,"key":"Dexterity Potion"},{"floor":14,"key":"LiquidBronze"},{"floor":22,"key":"Weak Potion"},{"floor":25,"key":"SpeedPotion"},{"floor":30,"key":"AttackPotion"},{"floor":35,"key":"Swift Potion"},{"floor":38,"key":"Ancient Potion"},{"floor":45,"key":"SkillPotion"},{"floor":54,"key":"Ancient Potion"}],"is_trial":false,"path_per_floor":["M","M","?","M","?","E","R","E","T","R","M","?","M","M","R","B",null,"M","?","?","?","M","E","R","M","T","?","$","R","M","$","R","B",null,"M","?","M","?","$","R","$","R","T","?","M","?","R","E","R","B",null,"R","$","E","B",null],"character_chosen":"THE_SILENT","items_purchased":["Strawberry","PiercingWail","Oddly Smooth Stone","Footwork","Gambling Chip"],"campfire_rested":2,"item_purchase_floors":[28,28,31,39,39],"current_hp_per_floor":[83,79,72,71,84,54,54,36,36,61,61,61,54,44,44,39,84,84,60,60,60,50,30,55,55,55,55,62,62,62,62,62,41,91,91,91,91,78,78,78,78,78,78,78,76,76,76,76,76,62,91,91,91,91,56],"gold":114,"neow_bonus":"TWENTY_PERCENT_HP_BONUS","is_prod":false,"is_daily":false,"chose_seed":false,"campfire_upgraded":5,"win_rate":0,"timestamp":1563575760,"path_taken":["M","M","?","M","?","E","R","E","T","R","M","?","M","M","R","BOSS","M","?","?","?","M","E","R","M","T","?","$","R","M","$","R","BOSS","M","?","M","?","$","R","?","R","T","?","M","?","R","E","R","BOSS","R","$","E","BOSS"],"build_version":"2019-07-17","purchased_purges":2,"victory":true,"max_hp_per_floor":[84,84,84,84,84,84,84,84,84,84,84,84,84,84,84,84,84,84,84,84,84,84,84,84,84,84,84,91,91,91,91,91,91,91,91,91,91,91,91,91,91,91,91,91,91,91,91,91,91,91,91,91,91,91,91],"card_choices":[{"not_picked":["Acrobatics","Calculated Gamble"],"picked":"Deadly Poison","floor":1},{"not_picked":["Flying Knee","Infinite Blades"],"picked":"Noxious Fumes","floor":2},{"not_picked":["Acrobatics","Dodge and Roll"],"picked":"Quick Slash","floor":4},{"not_picked":["Infinite Blades","Acrobatics"],"picked":"Quick Slash","floor":6},{"not_picked":["Blade Dance","Flying Knee"],"picked":"Dodge and Roll","floor":8},{"not_picked":["Crippling Poison","Blade Dance"],"picked":"Cloak And Dagger","floor":10},{"not_picked":["Envenom","PiercingWail"],"picked":"Catalyst","floor":11},{"not_picked":["Tactician","Dagger Spray","Outmaneuver"],"picked":"SKIP","floor":13},{"not_picked":["Acrobatics","Deadly Poison"],"picked":"Deflect","floor":14},{"not_picked":["Night Terror","Wraith Form v2"],"picked":"Corpse Explosion","floor":16},{"not_picked":["Predator"],"picked":"SKIP","floor":18},{"not_picked":["Bouncing Flask"],"picked":"SKIP","floor":22},{"not_picked":[],"picked":"Dagger Spray+1","floor":23},{"not_picked":[],"picked":"Backflip","floor":24},{"not_picked":["Setup"],"picked":"SKIP","floor":25},{"not_picked":["Dodge and Roll"],"picked":"SKIP","floor":30},{"not_picked":[],"picked":"Die Die Die","floor":33},{"not_picked":["Eviscerate+1"],"picked":"SKIP","floor":35},{"not_picked":["Dagger Spray+1"],"picked":"SKIP","floor":37},{"not_picked":[],"picked":"PiercingWail","floor":38},{"not_picked":["Poisoned Stab"],"picked":"SKIP","floor":45},{"not_picked":["Accuracy"],"picked":"SKIP","floor":48},{"not_picked":[],"picked":"Deflect+1","floor":54}],"player_experience":552291,"relics_obtained":[{"floor":6,"key":"Happy Flower"},{"floor":8,"key":"Dream Catcher"},{"floor":19,"key":"Red Mask"},{"floor":23,"key":"FossilizedHelix"},{"floor":26,"key":"Sundial"},{"floor":38,"key":"Shovel"},{"floor":42,"key":"Ancient Tea Set"},{"floor":43,"key":"Incense Burner"},{"floor":44,"key":"StoneCalendar"},{"floor":47,"key":"Tough Bandages"},{"floor":48,"key":"The Specimen"},{"floor":52,"key":"Mummified Hand"},{"floor":54,"key":"Lantern"}],"event_choices":[{"cards_removed":["Strike_G"],"damage_healed":0,"gold_gain":0,"player_choice":"Card Removal","damage_taken":7,"max_hp_gain":0,"max_hp_loss":0,"event_name":"Golden Wing","floor":3,"gold_loss":0},{"damage_healed":21,"gold_gain":0,"player_choice":"Healed","damage_taken":0,"max_hp_gain":0,"max_hp_loss":0,"event_name":"The Cleric","floor":5,"gold_loss":35},{"damage_healed":0,"gold_gain":0,"player_choice":"Grow","damage_taken":0,"max_hp_gain":0,"max_hp_loss":0,"event_name":"Living Wall","floor":12,"gold_loss":0,"cards_upgraded":["Noxious Fumes"]},{"damage_healed":0,"gold_gain":0,"player_choice":"Fought Bandits","damage_taken":0,"max_hp_gain":0,"max_hp_loss":0,"event_name":"Masked Bandits","floor":19,"gold_loss":0},{"damage_healed":0,"gold_gain":0,"player_choice":"Simplicity","damage_taken":0,"max_hp_gain":0,"max_hp_loss":0,"event_name":"Back to Basics","floor":20,"gold_loss":0,"cards_upgraded":["Strike_G","Strike_G","Strike_G","Strike_G","Defend_G","Defend_G","Defend_G","Defend_G","Defend_G"]},{"damage_healed":0,"gold_gain":99,"player_choice":"Stole From Cult","damage_taken":0,"max_hp_gain":0,"max_hp_loss":0,"event_name":"Nest","floor":21,"gold_loss":0},{"damage_healed":0,"gold_gain":0,"player_choice":"Read","damage_taken":0,"max_hp_gain":0,"max_hp_loss":0,"event_name":"The Library","floor":27,"gold_loss":0,"cards_obtained":["Noxious Fumes"]},{"damage_healed":0,"gold_gain":222,"player_choice":"Wore Mask","damage_taken":0,"max_hp_gain":0,"max_hp_loss":0,"event_name":"Tomb of Lord Red Mask","floor":36,"gold_loss":0},{"damage_healed":0,"gold_gain":0,"player_choice":"Fight","damage_taken":0,"max_hp_gain":0,"max_hp_loss":0,"event_name":"Mysterious Sphere","floor":38,"gold_loss":0},{"damage_healed":0,"gold_gain":0,"player_choice":"Fight","damage_taken":0,"max_hp_gain":0,"max_hp_loss":0,"event_name":"MindBloom","floor":44,"gold_loss":0},{"damage_healed":0,"gold_gain":0,"player_choice":"Copied","damage_taken":0,"max_hp_gain":0,"max_hp_loss":0,"event_name":"Duplicator","floor":46,"gold_loss":0,"cards_obtained":["Footwork"]}],"is_beta":false,"boss_relics":[{"not_picked":["Fusion Hammer","Sozu"],"picked":"Busted Crown"},{"not_picked":["Tiny House","Philosopher\u0027s Stone"],"picked":"Orrery"}],"items_purged_floors":[31,53],"is_endless":false,"potions_floor_spawned":[4,6,11,14,22,25,30,35,38,45,54],"ascension_level":2}