{"gold_per_floor":[110,129,129,62,73,73,99,99,99,99,99,49,49,67,67,164,164,119,44,44,44,44,44,44,44,44,44,44,44,44,44,44,44,44,44,44,44,44,44,44,44,44,44,44,44,44,44,44,44,44,44,44,44,44],"floor_reached":54,"playtime":1977,"items_purged":["Strike_G"],"score":694,"play_id":"fecc7c8f-9ac9-4cbf-8460-92354a34d3c5","local_time":"20181123050621","is_ascension_mode":false,"campfire_choices":[{"floor":6.0,"key":"RECALL"},{"floor":8.0,"key":"REST"},{"floor":10.0,"key":"DIG"},{"floor":15.0,"key":"DIG"},{"floor":23.0,"key":"DIG"},{"floor":25.0,"key":"DIG"},{"floor":28.0,"key":"DIG"},{"floor":32.0,"key":"REST"},{"floor":41.0,"key":"REST"},{"floor":44.0,"key":"REST"},{"floor":46.0,"key":"DIG"},{"floor":49.0,"key":"REST"},{"floor":52,"key":"DIG"}],"neow_cost":"NONE","seed_source_timestamp":59232374394275,"circlet_count":0,"master_deck":["Defend_G+1","Defend_G","Defend_G","Defend_G","Strike_G+1","Strike_G","Strike_G","Survivor","Neutralize+1","Sucker Punch+1","Noxious Fumes","Bane+1","Deadly Poison","Distraction","Caltrops","A Thousand Cuts","Dagger Throw+1","Infinite Blades","Noxious Fumes","Ghostly","Ghostly","Ghostly","Ghostly","Ghostly","Dash+1","Dodge and Roll+1","Footwork","Burst","Backflip+1","Cloak And Dagger+1","Accuracy+1","Poisoned Stab+1","Corpse Explosion","Leg Sweep+1","Blade Dance+1"],"special_seed":0,"relics":["Fusion Hammer","Mango","Shovel","Potion Belt","Omamori","Ectoplasm","Pear","Molten Egg 2","Whetstone","MutagenicStrength","Bag of Preparation","Question Card","Tiny House","Snake Skull","Boot","Shuriken","Letter Opener"],"potions_floor_usage":[50,50,50,54],"damage_taken":[{"damage":0.0,"enemies":"Jaw Worm","floor":1.0,"turns":4.0},{"damage":2.0,"enemies":"2 Louse","floor":2.0,"turns":3.0},{"damage":0.0,"enemies":"Small Slimes","floor":5.0,"turns":4.0},{"damage":19.0,"enemies":"3 Sentries","floor":7.0,"turns":8.0},{"damage":8.0,"enemies":"Gremlin Gang","floor":14.0,"turns":3.0},{"damage":38.0,"enemies":"The Guardian","floor":16.0,"turns":8.0},{"damage":12.0,"enemies":"2 Thieves","floor":18.0,"turns":4.0},{"damage":10.0,"enemies":"Chosen","floor":20.0,"turns":4.0},{"damage":17.0,"enemies":"Shelled Parasite and Fungi","floor":21.0,"turns":5.0},{"damage":18.0,"enemies":"Sentry and Sphere","floor":24.0,"turns":6.0},{"damage":0.0,"enemies":"Centurion and Healer","floor":29.0,"turns":7.0},{"damage":0.0,"enemies":"Shelled Parasite and Fungi","floor":30.0,"turns":4.0},{"damage":35.0,"enemies":"Automaton","floor":33.0,"turns":11.0},{"damage":10.0,"enemies":"3 Shapes","floor":35.0,"turns":6.0},{"damage":0.0,"enemies":"Orb Walker","floor":37.0,"turns":5.0},{"damage":0.0,"enemies":"Writhing Mass","floor":39.0,"turns":7.0},{"damage":37.0,"enemies":"Nemesis","floor":40.0,"turns":9.0},{"damage":15.0,"enemies":"Spire Growth","floor":42.0,"turns":6.0},{"damage":0.0,"enemies":"Transient","floor":45.0,"turns":5.0},{"damage":5.0,"enemies":"Writhing Mass","floor":47.0,"turns":7.0},{"damage":1.0,"enemies":"Maw","floor":48.0,"turns":8.0},{"damage":33,"enemies":"Awakened One","floor":50,"turns":17},{"damage":62,"enemies":"Shield and Spear","floor":54,"turns":3}],"seed_played":"6218540998944551707","potions_obtained":[{"floor":1.0,"key":"EssenceOfSteel"},{"floor":5.0,"key":"Strength Potion"},{"floor":7.0,"key":"SteroidPotion"},{"floor":20.0,"key":"SteroidPotion"},{"floor":24.0,"key":"Explosive Potion"},{"floor":29.0,"key":"LiquidBronze"},{"floor":37.0,"key":"PowerPotion"},{"floor":39.0,"key":"Strength Potion"},{"floor":47.0,"key":"Weak Potion"}],"is_trial":false,"path_per_floor":["M","M","?","$","M","R","E","R","T","R","?","?","?","M","R","B",null,"M","$","M","M","?","R","M","R","T","?","R","M","M","T","R","B",null,"M","?","M","T","M","E","R","M","T","R","M","R","M","M","R","B",null,"R","$","E"],"character_chosen":"THE_SILENT","items_purchased":["Noxious Fumes"],"campfire_rested":5,"item_purchase_floors":[4],"current_hp_per_floor":[70,68,68,68,68,68,63,84,84,84,67,67,67,59,59,21,84,72,72,62,45,42,52,34,34,34,34,34,34,34,34,49,14,57,47,47,47,47,47,10,26,11,11,27,27,27,22,21,37,4,54,54,54,0],"gold":44,"neow_bonus":"BOSS_RELIC","is_prod":false,"is_daily":false,"chose_seed":false,"campfire_upgraded":0,"win_rate":0,"timestamp":1542938781,"path_taken":["M","M","?","$","M","R","E","R","T","R","?","?","?","M","R","BOSS","M","$","?","?","?","R","M","R","T","?","R","M","M","?","R","BOSS","M","?","M","?","M","E","R","M","T","R","?","R","M","M","R","BOSS","R","$","E"],"build_version":"2018-11-15","purchased_purges":1,"victory":false,"max_hp_per_floor":[70,70,70,70,70,70,84,84,84,84,84,84,84,84,84,84,84,84,84,84,84,42,52,52,52,52,52,52,52,52,52,52,52,57,57,54,54,54,54,54,54,54,54,54,54,54,54,54,54,54,54,54,54,54],"card_choices":[{"not_picked":["Reflex","Calculated Gamble"],"picked":"Sucker Punch","floor":1.0},{"not_picked":["Prepared","Reflex","Predator"],"picked":"SKIP","floor":2.0},{"not_picked":["Eviscerate","Slice"],"picked":"Bane","floor":5.0},{"not_picked":["Die Die Die","Dodge and Roll"],"picked":"Deadly Poison","floor":7.0},{"not_picked":["Blade Dance","Bane"],"picked":"Caltrops","floor":14.0},{"not_picked":["Phantasmal Killer","Storm of Steel"],"picked":"A Thousand Cuts","floor":16.0},{"not_picked":["Expertise","Accuracy"],"picked":"Dagger Throw+1","floor":18.0},{"not_picked":["Acrobatics","Dagger Throw"],"picked":"Infinite Blades","floor":20.0},{"not_picked":["Prepared","Eviscerate+1"],"picked":"Noxious Fumes","floor":21.0},{"not_picked":["Blade Dance","Reflex"],"picked":"Dash+1","floor":24.0},{"not_picked":["Cloak And Dagger","Outmaneuver"],"picked":"Dodge and Roll+1","floor":29.0},{"not_picked":["Dagger Spray+1","Bullet Time"],"picked":"Footwork","floor":30.0},{"not_picked":["Venomology","Die Die Die+1","Malaise"],"picked":"Burst","floor":33.0},{"not_picked":["Expertise","Setup","Bane+1"],"picked":"Backflip+1","floor":34.0},{"not_picked":["Escape Plan+1","Blade Dance","Dodge and Roll"],"picked":"Cloak And Dagger+1","floor":35.0},{"not_picked":["Cloak And Dagger+1","Deflect","Dagger Spray+1"],"picked":"Accuracy+1","floor":37.0},{"not_picked":["Prepared","Outmaneuver","Backflip"],"picked":"Poisoned Stab+1","floor":39.0},{"not_picked":["Flying Knee+1","Concentrate","Backstab+1"],"picked":"Corpse Explosion","floor":40.0},{"not_picked":["Poisoned Stab+1","Underhanded Strike+1","Quick Slash+1","Dagger Throw+1"],"picked":"SKIP","floor":42.0},{"not_picked":["Skewer+1","Well Laid Plans","Flying Knee+1"],"picked":"Leg Sweep+1","floor":45.0},{"not_picked":["Backflip","Poisoned Stab+1","Prepared+1","Infinite Blades"],"picked":"SKIP","floor":47.0},{"not_picked":["Poisoned Stab+1","Bouncing Flask","Sucker Punch+1"],"picked":"Blade Dance+1","floor":48.0}],"player_experience":539293,"relics_obtained":[{"floor":7.0,"key":"Mango"},{"floor":9.0,"key":"Shovel"},{"floor":10.0,"key":"Potion Belt"},{"floor":15.0,"key":"Omamori"},{"floor":23.0,"key":"Pear"},{"floor":25.0,"key":"Molten Egg 2"},{"floor":26.0,"key":"Whetstone"},{"floor":28.0,"key":"Bag of Preparation"},{"floor":31.0,"key":"Question Card"},{"floor":40.0,"key":"Snake Skull"},{"floor":43.0,"key":"Boot"},{"floor":46.0,"key":"Shuriken"},{"floor":52,"key":"Letter Opener"}],"event_choices":[{"damage_healed":0.0,"max_hp_gain":0.0,"max_hp_loss":0.0,"gold_gain":0.0,"event_name":"Living Wall","player_choice":"Grow","floor":3.0,"gold_loss":0.0,"damage_taken":0.0,"cards_upgraded":["Sucker Punch"]},{"damage_healed":0.0,"max_hp_gain":0.0,"max_hp_loss":0.0,"gold_gain":0.0,"event_name":"Shining Light","player_choice":"Entered Light","floor":11.0,"gold_loss":0.0,"damage_taken":17.0,"cards_upgraded":["Strike_G","Bane"]},{"cards_removed":["Strike_G"],"damage_healed":0.0,"max_hp_gain":0.0,"max_hp_loss":0.0,"gold_gain":0.0,"event_name":"The Cleric","player_choice":"Card Removal","floor":12.0,"gold_loss":50.0,"damage_taken":0.0},{"damage_healed":0.0,"max_hp_gain":0.0,"max_hp_loss":0.0,"gold_gain":0.0,"cards_transformed":["Defend_G"],"event_name":"Transmorgrifier","player_choice":"Transformed","floor":13.0,"gold_loss":0.0,"damage_taken":0.0,"cards_obtained":["Distraction"]},{"damage_healed":0.0,"max_hp_gain":0.0,"max_hp_loss":42.0,"gold_gain":0.0,"event_name":"Ghosts","player_choice":"Became a Ghost","floor":22.0,"gold_loss":0.0,"damage_taken":0.0,"cards_obtained":["Ghostly","Ghostly","Ghostly","Ghostly","Ghostly"]},{"damage_healed":0.0,"max_hp_gain":0.0,"max_hp_loss":0.0,"gold_gain":0.0,"event_name":"Drug Dealer","player_choice":"Inject Mutagens","floor":27.0,"gold_loss":0.0,"damage_taken":0.0,"relics_obtained":["MutagenicStrength"]},{"damage_healed":0.0,"max_hp_gain":0.0,"max_hp_loss":3.0,"gold_gain":0.0,"event_name":"Winding Halls","player_choice":"Max HP","floor":36.0,"gold_loss":0.0,"damage_taken":0.0}],"is_beta":false,"boss_relics":[{"not_picked":["Snecko Eye","HoveringKite"],"picked":"Ectoplasm"},{"not_picked":["Coffee Dripper","Philosopher\u0027s Stone"],"picked":"Tiny House"}],"items_purged_floors":[19],"is_endless":false,"potions_floor_spawned":[1,5,7,20,24,29,37,39,47],"killed_by":"Shield and Spear","ascension_level":0}