{"gold_per_floor":[113,113,61,74,90,90,120,120,120,195,211,211,224,234,234,234],"floor_reached":16,"playtime":415,"items_purged":[],"score":138,"play_id":"f2e95571-0b34-4ece-87bf-07d43e2f89af","local_time":"20180817034622","is_ascension_mode":true,"campfire_choices":[{"floor":6,"key":"REST"},{"floor":8,"key":"REST"},{"data":"Dagger Spray","floor":12,"key":"SMITH"},{"floor":15,"key":"REST"}],"neow_cost":"NONE","seed_source_timestamp":41448200490463,"circlet_count":0,"master_deck":["Defend_G","Defend_G","Defend_G","Defend_G","Defend_G","Strike_G","Strike_G","Strike_G","Strike_G","Strike_G","Survivor","Neutralize","Prepared","Dagger Spray+1","Dagger Throw","Outmaneuver"],"relics":["White Beast Statue","Bottled Flame","Letter Opener"],"potions_floor_usage":[7,16,16,16],"damage_taken":[{"damage":21,"enemies":"Jaw Worm","floor":1,"turns":8},{"damage":2,"enemies":"2 Louse","floor":4,"turns":3},{"damage":4,"enemies":"Small Slimes","floor":5,"turns":3},{"damage":24,"enemies":"Gremlin Nob","floor":7,"turns":4},{"damage":6,"enemies":"Looter","floor":11,"turns":4},{"damage":0,"enemies":"2 Fungi Beasts","floor":13,"turns":2},{"damage":10,"enemies":"Gremlin Gang","floor":14,"turns":4},{"damage":55,"enemies":"Hexaghost","floor":16,"turns":11}],"seed_played":"510754214285600578","potions_obtained":[{"floor":1,"key":"LiquidBronze"},{"floor":4,"key":"Fire Potion"},{"floor":5,"key":"Ancient Potion"},{"floor":7,"key":"Weak Potion"},{"floor":11,"key":"Energy Potion"}],"is_trial":false,"path_per_floor":["M","?","$","M","M","R","E","R","T","?","M","R","M","M","R"],"character_chosen":"THE_SILENT","items_purchased":["Dagger Spray"],"campfire_rested":3,"item_purchase_floors":[3],"current_hp_per_floor":[42,42,42,40,36,57,33,54,54,43,37,37,37,27,48,0],"gold":234,"neow_bonus":"BOSS_RELIC","is_prod":false,"is_daily":false,"chose_seed":false,"campfire_upgraded":1,"win_rate":0,"timestamp":1534466782,"path_taken":["M","?","$","M","M","R","E","R","T","?","M","R","M","M","R","BOSS"],"build_version":"2018-08-09","purchased_purges":0,"victory":false,"max_hp_per_floor":[70,70,70,70,70,70,70,70,70,70,70,70,70,70,70,70],"card_choices":[{"not_picked":["Terror","Bane"],"picked":"Prepared","floor":1},{"not_picked":["Endless Agony","Quick Slash"],"picked":"Dagger Throw","floor":4},{"not_picked":["Expertise","Poisoned Stab"],"picked":"Outmaneuver","floor":5},{"not_picked":["Bane","Outmaneuver","Prepared"],"picked":"SKIP","floor":7},{"not_picked":["Setup","Night Terror","Slice"],"picked":"SKIP","floor":11},{"not_picked":["Dagger Throw","Acrobatics","Setup"],"picked":"SKIP","floor":13},{"not_picked":["Blade Dance","Accuracy","Prepared"],"picked":"SKIP","floor":14}],"player_experience":429224,"relics_obtained":[{"floor":7,"key":"Bottled Flame"},{"floor":9,"key":"Letter Opener"}],"event_choices":[{"event_name":"Shining Light","player_choice":"Ignored","floor":2,"damage_taken":0},{"event_name":"World of Goop","player_choice":"Gather Gold","floor":10,"damage_taken":0}],"is_beta":false,"boss_relics":[],"items_purged_floors":[],"is_endless":false,"potions_floor_spawned":[1,4,5,7,11,13,14],"killed_by":"Hexaghost","ascension_level":7}