{"gold_per_floor":[118,393,100,116,116,142,217,251,251,33,50,84,97,125,125,202,202,222,492,512,429,447,447,475,492,539,555,573,573,178,194,194,268,268,282,294,294,17,17,17,30,56,103,131,141,171,171,171,171,171],"floor_reached":50,"playtime":1352,"items_purged":["Regret","Strike_R","Pain"],"score":1171,"play_id":"ad5ea009-1c04-433c-8e54-2ad7fe82a9e1","local_time":"20190503030429","is_ascension_mode":true,"campfire_choices":[{"data":"Armaments","floor":15,"key":"SMITH"},{"data":"Flame Barrier","floor":23,"key":"SMITH"},{"data":"Immolate","floor":29,"key":"SMITH"},{"floor":32,"key":"REST"},{"data":"Limit Break","floor":40,"key":"SMITH"},{"floor":47,"key":"RECALL"},{"data":"Clothesline","floor":49,"key":"SMITH"}],"neow_cost":"NONE","seed_source_timestamp":55050535204044,"circlet_count":0,"master_deck":["AscendersBane","Strike_R","Strike_R+1","Strike_R","Strike_R","Defend_R","Defend_R+1","Defend_R","Defend_R","Bash","Twin Strike","Whirlwind+1","Inflame","Disarm","Immolate+1","Flame Barrier+1","Thunderclap+1","Armaments+1","Immolate","Ghostly Armor","Shrug It Off","Iron Wave","Inflame","Seeing Red+1","Limit Break+1","Clothesline+1","Impervious","Madness","Madness"],"relics":["Burning Blood","NeowsBlessing","Anchor","Girya","Du-Vu Doll","Thread and Needle","Vajra","Pen Nib","Whetstone","Philosopher\u0027s Stone","Bag of Preparation","Potion Belt","Paper Frog","Snecko Eye","WarpedTongs","Lantern","Letter Opener","Dream Catcher","War Paint","Omamori","Pantograph"],"potions_floor_usage":[8,14,24,33,33],"damage_taken":[{"damage":0,"enemies":"Jaw Worm","floor":1,"turns":1},{"damage":0,"enemies":"Cultist","floor":4,"turns":1},{"damage":0,"enemies":"Lagavulin","floor":6,"turns":1},{"damage":32,"enemies":"Gremlin Nob","floor":8,"turns":4},{"damage":0,"enemies":"2 Louse","floor":11,"turns":2},{"damage":18,"enemies":"Lagavulin","floor":12,"turns":6},{"damage":0,"enemies":"Large Slime","floor":13,"turns":3},{"damage":12,"enemies":"Gremlin Nob","floor":14,"turns":3},{"damage":9,"enemies":"The Guardian","floor":16,"turns":9},{"damage":8,"enemies":"Spheric Guardian","floor":18,"turns":3},{"damage":0,"enemies":"3 Byrds","floor":20,"turns":3},{"damage":5,"enemies":"Shelled Parasite and Fungi","floor":22,"turns":4},{"damage":25,"enemies":"Gremlin Leader","floor":24,"turns":5},{"damage":0,"enemies":"3 Cultists","floor":25,"turns":1},{"damage":0,"enemies":"Cultist and Chosen","floor":27,"turns":3},{"damage":0,"enemies":"Sentry and Sphere","floor":28,"turns":2},{"damage":10,"enemies":"Snecko","floor":31,"turns":3},{"damage":40,"enemies":"Collector","floor":33,"turns":6},{"damage":0,"enemies":"Orb Walker","floor":35,"turns":1},{"damage":0,"enemies":"3 Darklings","floor":36,"turns":3},{"damage":0,"enemies":"Transient","floor":41,"turns":5},{"damage":6,"enemies":"Reptomancer","floor":42,"turns":3},{"damage":40,"enemies":"Giant Head","floor":44,"turns":7},{"damage":3,"enemies":"Sphere and 2 Shapes","floor":45,"turns":2},{"damage":0,"enemies":"Reptomancer","floor":46,"turns":3},{"damage":71,"enemies":"Donu and Deca","floor":50,"turns":6}],"seed_played":"-4168249130140555483","potions_obtained":[{"floor":4,"key":"Poison Potion"},{"floor":8,"key":"Swift Potion"},{"floor":12,"key":"Poison Potion"},{"floor":14,"key":"SteroidPotion"},{"floor":28,"key":"PowerPotion"},{"floor":36,"key":"Fire Potion"},{"floor":42,"key":"Explosive Potion"},{"floor":46,"key":"SteroidPotion"}],"is_trial":false,"path_per_floor":["M","?","$","M","?","E","?","E","T","$","M","E","M","E","R","B",null,"M","?","M","?","M","R","E","M","T","M","M","R","$","M","R","B",null,"M","M","?","$","T","R","M","E","T","E","M","E","R","?","R","B"],"character_chosen":"IRONCLAD","items_purchased":["Anchor","Whirlwind","Flame Barrier","Vajra","Paper Frog","Inflame","Lantern"],"campfire_rested":1,"item_purchase_floors":[3,3,10,10,30,30,38],"current_hp_per_floor":[74,74,74,75,75,75,64,38,38,38,44,32,38,32,32,29,64,62,34,40,40,41,41,22,28,28,34,40,40,40,36,58,24,62,68,74,74,74,74,74,75,75,75,41,44,50,50,36,36,0],"gold":171,"neow_bonus":"THREE_ENEMY_KILL","is_prod":false,"is_daily":false,"chose_seed":false,"campfire_upgraded":5,"win_rate":0,"timestamp":1556841869,"path_taken":["M","?","?","M","?","E","?","E","T","$","M","E","M","E","R","BOSS","M","?","?","?","M","R","E","M","T","?","M","R","$","M","R","BOSS","M","?","?","$","?","R","M","E","T","E","M","E","R","?","R","BOSS"],"build_version":"2019-01-23","purchased_purges":3,"victory":false,"max_hp_per_floor":[75,75,75,75,75,75,75,75,75,75,75,75,75,75,75,75,75,75,75,75,75,75,75,75,75,75,75,75,75,75,75,75,75,75,75,75,75,75,75,75,75,75,75,75,75,75,75,75,75,75],"card_choices":[{"not_picked":["Clash","Body Slam"],"picked":"Twin Strike","floor":1},{"not_picked":["Shrug It Off","Perfected Strike"],"picked":"Inflame","floor":4},{"not_picked":["Burning Pact","Anger"],"picked":"Disarm","floor":6},{"not_picked":["Pommel Strike","Seeing Red"],"picked":"Immolate","floor":8},{"not_picked":["Clothesline","Bloodletting","Thunderclap"],"picked":"SKIP","floor":11},{"not_picked":["Clothesline","Bloodletting"],"picked":"Thunderclap","floor":11},{"not_picked":["Clash","Shockwave"],"picked":"Armaments","floor":12},{"not_picked":["Twin Strike","Thunderclap","Entrench"],"picked":"SKIP","floor":13},{"not_picked":["Rage","Clothesline","Clash"],"picked":"SKIP","floor":14},{"not_picked":["Dark Embrace","Juggernaut"],"picked":"Immolate","floor":16},{"not_picked":["Combust","Headbutt+1"],"picked":"Ghostly Armor","floor":18},{"not_picked":["Twin Strike+1","Headbutt","Entrench"],"picked":"SKIP","floor":20},{"not_picked":["Wild Strike","Clash"],"picked":"Shrug It Off","floor":22},{"not_picked":["Spot Weakness","Clash"],"picked":"Iron Wave","floor":24},{"not_picked":["Rampage","Perfected Strike","Pummel"],"picked":"SKIP","floor":25},{"not_picked":["Clash","Barricade","Armaments"],"picked":"SKIP","floor":27},{"not_picked":["Body Slam","Headbutt","Carnage"],"picked":"SKIP","floor":28},{"not_picked":["Juggernaut","Warcry"],"picked":"Seeing Red","floor":31},{"not_picked":["Dark Embrace","Exhume"],"picked":"Limit Break","floor":33},{"not_picked":["Warcry","Flex","Armaments"],"picked":"SKIP","floor":35},{"not_picked":["Flex+1","Spot Weakness","Iron Wave+1"],"picked":"SKIP","floor":36},{"not_picked":["Anger","True Grit"],"picked":"Clothesline","floor":41},{"not_picked":["Wild Strike","Heavy Blade+1","Battle Trance"],"picked":"SKIP","floor":42},{"not_picked":["Wild Strike","Heavy Blade+1","Battle Trance"],"picked":"SKIP","floor":42},{"not_picked":["Headbutt","Metallicize","Flex+1"],"picked":"SKIP","floor":44},{"not_picked":["Carnage","Armaments"],"picked":"Impervious","floor":45},{"not_picked":["Perfected Strike","True Grit","Rampage"],"picked":"SKIP","floor":46}],"player_experience":874976,"relics_obtained":[{"floor":6,"key":"Girya"},{"floor":8,"key":"Du-Vu Doll"},{"floor":9,"key":"Thread and Needle"},{"floor":12,"key":"Pen Nib"},{"floor":14,"key":"Whetstone"},{"floor":24,"key":"Potion Belt"},{"floor":39,"key":"Letter Opener"},{"floor":42,"key":"Dream Catcher"},{"floor":43,"key":"War Paint"},{"floor":44,"key":"Omamori"},{"floor":46,"key":"Pantograph"}],"event_choices":[{"damage_healed":0,"gold_gain":275,"player_choice":"Desecrate","damage_taken":0,"max_hp_gain":0,"max_hp_loss":0,"event_name":"Golden Shrine","floor":2,"gold_loss":0,"cards_obtained":["Regret"]},{"damage_healed":0,"gold_gain":0,"player_choice":"Grow","damage_taken":0,"max_hp_gain":0,"max_hp_loss":0,"event_name":"Living Wall","floor":5,"gold_loss":0,"cards_upgraded":["Whirlwind"]},{"damage_healed":0,"gold_gain":75,"player_choice":"Gather Gold","damage_taken":11,"max_hp_gain":0,"max_hp_loss":0,"event_name":"World of Goop","floor":7,"gold_loss":0},{"damage_healed":0,"gold_gain":270,"player_choice":"GOLD GOLD GOLD ","damage_taken":28,"max_hp_gain":0,"max_hp_loss":0,"event_name":"Knowing Skull","floor":19,"potions_obtained":[],"gold_loss":0,"cards_obtained":[]},{"damage_healed":0,"gold_gain":0,"player_choice":"Paid Gold","damage_taken":0,"relics_obtained":["Bag of Preparation"],"max_hp_gain":0,"max_hp_loss":0,"event_name":"WeMeetAgain","floor":21,"gold_loss":83},{"damage_healed":0,"gold_gain":0,"player_choice":"Rummage","damage_taken":0,"relics_obtained":["WarpedTongs"],"max_hp_gain":0,"max_hp_loss":0,"event_name":"Accursed Blacksmith","floor":37,"gold_loss":0,"cards_obtained":["Pain"]},{"damage_healed":0,"gold_gain":0,"player_choice":"Embrace Madness","damage_taken":14,"max_hp_gain":0,"max_hp_loss":0,"event_name":"Winding Halls","floor":48,"gold_loss":0,"cards_obtained":["Madness","Madness"]}],"is_beta":false,"boss_relics":[{"not_picked":["Black Star","Lizard Tail"],"picked":"Philosopher\u0027s Stone"},{"not_picked":["Fusion Hammer","Calling Bell"],"picked":"Snecko Eye"}],"items_purged_floors":[3,30,38],"is_endless":false,"potions_floor_spawned":[4,8,12,13,14,20,22,28,36,42,46],"killed_by":"Donu and Deca","ascension_level":15}