{"gold_per_floor":[113,34,46,65,15,15,48,48,48,67,98,44,70,86,86,181,181,192,192,204,204,204,204,204],"floor_reached":24,"playtime":938,"items_purged":[],"score":268,"play_id":"edf9c723-5fb4-4bba-b81c-83e9f3959c61","local_time":"20190312150613","is_ascension_mode":true,"campfire_choices":[{"data":"Bash","floor":6.0,"key":"SMITH"},{"data":"Flame Barrier","floor":8.0,"key":"SMITH"},{"data":"Corruption","floor":15.0,"key":"SMITH"},{"data":"Dark Embrace","floor":23,"key":"SMITH"}],"neow_cost":"NONE","seed_source_timestamp":7606719399192,"circlet_count":0,"master_deck":["Strike_R","Strike_R","Strike_R","Defend_R","Defend_R","Defend_R","Bash+1","Corruption+1","Flame Barrier+1","Feel No Pain","Shockwave","Twin Strike","Dark Embrace+1","Clothesline","Fiend Fire","Shrug It Off","Clothesline","Feed","Bloodletting"],"special_seed":0,"relics":["Burning Blood","NeowsBlessing","Pear","Orichalcum","FossilizedHelix","Dream Catcher","White Beast Statue"],"potions_floor_usage":[24,24,24],"damage_taken":[{"damage":0.0,"enemies":"Cultist","floor":1.0,"turns":1.0},{"damage":0.0,"enemies":"Jaw Worm","floor":3.0,"turns":1.0},{"damage":0.0,"enemies":"Small Slimes","floor":4.0,"turns":1.0},{"damage":38.0,"enemies":"Lagavulin","floor":7.0,"turns":8.0},{"damage":7.0,"enemies":"Gremlin Gang","floor":10.0,"turns":6.0},{"damage":12.0,"enemies":"Gremlin Nob","floor":11.0,"turns":5.0},{"damage":2.0,"enemies":"3 Sentries","floor":13.0,"turns":8.0},{"damage":0.0,"enemies":"3 Louse","floor":14.0,"turns":3.0},{"damage":21.0,"enemies":"Slime Boss","floor":16.0,"turns":15.0},{"damage":19.0,"enemies":"2 Thieves","floor":18.0,"turns":4.0},{"damage":2.0,"enemies":"Spheric Guardian","floor":20.0,"turns":6.0},{"damage":85,"enemies":"Gremlin Leader","floor":24,"turns":8}],"seed_played":"7339821443396551809","potions_obtained":[{"floor":3.0,"key":"Block Potion"},{"floor":4.0,"key":"Energy Potion"},{"floor":7.0,"key":"EssenceOfSteel"},{"floor":14.0,"key":"Fire Potion"},{"floor":16.0,"key":"PowerPotion"},{"floor":18.0,"key":"Regen Potion"}],"is_trial":false,"path_per_floor":["M","$","M","M","?","R","E","R","T","M","E","$","E","M","R","B",null,"M","?","M","$","?","R","E"],"character_chosen":"IRONCLAD","items_purchased":["Corruption","Twin Strike"],"campfire_rested":0,"item_purchase_floors":[2,12],"current_hp_per_floor":[80,80,80,80,90,90,58,58,58,57,51,51,55,61,61,46,79,66,66,70,70,70,70,0],"gold":204,"neow_bonus":"THREE_ENEMY_KILL","is_prod":false,"is_daily":false,"chose_seed":false,"campfire_upgraded":4,"win_rate":0,"timestamp":1552392373,"path_taken":["M","?","?","M","?","R","E","R","T","M","E","$","E","M","R","BOSS","M","?","M","$","?","R","E"],"build_version":"2019-01-23","purchased_purges":0,"victory":false,"max_hp_per_floor":[80,80,80,80,90,90,90,90,90,90,90,90,90,90,90,90,90,90,90,90,90,90,90,90],"card_choices":[{"not_picked":["Flex","Clash","Infernal Blade"],"picked":"SKIP","floor":1.0},{"not_picked":["Clash","Headbutt"],"picked":"Flame Barrier","floor":3.0},{"not_picked":["Headbutt","Flex","Warcry"],"picked":"SKIP","floor":4.0},{"not_picked":["Heavy Blade","Wild Strike"],"picked":"Feel No Pain","floor":7.0},{"not_picked":["Anger","Iron Wave"],"picked":"Shockwave","floor":10.0},{"not_picked":["Pummel","Entrench","Rupture"],"picked":"SKIP","floor":11.0},{"not_picked":["Intimidate","Cleave"],"picked":"Dark Embrace","floor":13.0},{"not_picked":["True Grit","Clash"],"picked":"Clothesline","floor":14.0},{"not_picked":["Reaper","Brutality"],"picked":"Fiend Fire","floor":16.0},{"not_picked":["Thunderclap","Anger"],"picked":"Shrug It Off","floor":18.0},{"not_picked":["Clothesline","Rampage","True Grit"],"picked":"SKIP","floor":20.0}],"player_experience":790160,"relics_obtained":[{"floor":7.0,"key":"Orichalcum"},{"floor":11.0,"key":"FossilizedHelix"},{"floor":13.0,"key":"Dream Catcher"}],"event_choices":[{"damage_healed":0.0,"max_hp_gain":0.0,"max_hp_loss":0.0,"gold_gain":0.0,"event_name":"WeMeetAgain","player_choice":"Paid Gold","floor":5.0,"gold_loss":50.0,"damage_taken":0.0,"relics_obtained":["Pear"]},{"damage_healed":0.0,"max_hp_gain":0.0,"max_hp_loss":0.0,"gold_gain":0.0,"cards_transformed":["Strike_R","Strike_R"],"event_name":"Drug Dealer","player_choice":"Became Test Subject","floor":19.0,"gold_loss":0.0,"damage_taken":0.0,"cards_obtained":["Clothesline","Feed"]},{"damage_healed":0,"gold_gain":0,"cards_transformed":["Defend_R"],"player_choice":"Transformed","damage_taken":0,"max_hp_gain":0,"max_hp_loss":0,"event_name":"Transmorgrifier","floor":22,"gold_loss":0,"cards_obtained":["Bloodletting"]}],"is_beta":false,"boss_relics":[{"not_picked":["Pandora\u0027s Box","Velvet Choker"],"picked":"White Beast Statue"}],"items_purged_floors":[],"is_endless":false,"potions_floor_spawned":[3,4,7,14,16,18,20],"killed_by":"Gremlin Leader","ascension_level":5}