{"gold_per_floor":[118,193,205,205,130,130,143,143,143,70,70,70,70,30,30,133,133,152,170,248,265,276,276,291,315,315,315,141,141,92,111,111,206,206,222,222,235,110,110,145,145,156,210,225,242,242,257,6,6,6],"floor_reached":51,"playtime":4886,"items_purged":["Strike_G","Deadly Poison","Pain","Prepared"],"score":615,"play_id":"b43c33ee-533f-4c08-b982-07f93547b12b","local_time":"20180627010647","is_ascension_mode":false,"campfire_choices":[{"data":"Blade Dance","floor":6,"key":"SMITH"},{"data":"Accuracy","floor":11,"key":"SMITH"},{"data":"Neutralize","floor":13,"key":"SMITH"},{"data":"Backflip","floor":15,"key":"SMITH"},{"floor":23,"key":"REST"},{"data":"Night Terror","floor":27,"key":"SMITH"},{"floor":29,"key":"REST"},{"data":"Well Laid Plans","floor":32,"key":"SMITH"},{"floor":41,"key":"REST"},{"floor":46,"key":"REST"},{"floor":49,"key":"REST"}],"neow_cost":"NONE","seed_source_timestamp":54370221133223,"circlet_count":0,"master_deck":["Survivor","Neutralize+1","Flying Knee+1","Blade Dance+1","Backflip+1","Escape Plan","Accuracy+1","Night Terror+1","Acrobatics","Well Laid Plans+1","Flying Knee+1","Flying Knee","Acrobatics","Infinite Blades+1","Infinite Blades","Cloak And Dagger","Blur+1"],"relics":["Ring of the Snake","Potion Belt","Lantern","Pandora\u0027s Box","Tiny Chest","Blood Vial","Omamori","Calling Bell","Regal Pillow","Paper Crane","Girya","Darkstone Periapt","Whetstone"],"potions_floor_usage":[16,21,31,33,35,40,45,50,50,50,50],"damage_taken":[{"damage":0,"enemies":"Jaw Worm","floor":1,"turns":4},{"damage":0,"enemies":"Small Slimes","floor":3,"turns":3},{"damage":0,"enemies":"2 Louse","floor":7,"turns":2},{"damage":25,"enemies":"Slime Boss","floor":16,"turns":11},{"damage":7,"enemies":"Chosen","floor":18,"turns":3},{"damage":0,"enemies":"3 Byrds","floor":19,"turns":4},{"damage":21,"enemies":"Snake Plant","floor":21,"turns":5},{"damage":8,"enemies":"3 Cultists","floor":22,"turns":4},{"damage":10,"enemies":"Sentry and Sphere","floor":24,"turns":4},{"damage":12,"enemies":"Centurion and Healer","floor":31,"turns":5},{"damage":53,"enemies":"Automaton","floor":33,"turns":8},{"damage":24,"enemies":"3 Shapes","floor":35,"turns":5},{"damage":21,"enemies":"3 Darklings","floor":37,"turns":7},{"damage":60,"enemies":"2 Orb Walkers","floor":40,"turns":5},{"damage":10,"enemies":"Sphere and 2 Shapes","floor":42,"turns":5},{"damage":13,"enemies":"4 Shapes","floor":44,"turns":6},{"damage":6,"enemies":"3 Darklings","floor":45,"turns":5},{"damage":22,"enemies":"Sphere and 2 Shapes","floor":47,"turns":5},{"damage":44,"enemies":"Awakened One","floor":50,"turns":9}],"seed_played":"4071369409752755175","potions_obtained":[{"floor":1,"key":"FearPotion"},{"floor":7,"key":"PowerPotion"},{"floor":14,"key":"FairyPotion"},{"floor":14,"key":"GamblersBrew"},{"floor":14,"key":"AttackPotion"},{"floor":19,"key":"GhostInAJar"},{"floor":22,"key":"Energy Potion"},{"floor":24,"key":"Swift Potion"},{"floor":33,"key":"Ancient Potion"},{"floor":37,"key":"Fire Potion"},{"floor":44,"key":"Explosive Potion"}],"is_trial":false,"path_per_floor":["M","?","M","?","$","R","M","?","T","$","R","?","R","?","R","B",null,"M","M","T","M","M","R","M","T","T","R","$","R","$","M","R","B",null,"M","?","M","$","?","E","R","M","T","M","M","R","M","$","R","B"],"character_chosen":"THE_SILENT","items_purchased":["Accuracy","Infinite Blades","Cloak And Dagger","Strength Potion","Block Potion"],"campfire_rested":5,"item_purchase_floors":[10,28,30,48,48],"current_hp_per_floor":[70,59,59,59,59,59,59,52,52,52,52,52,52,52,52,27,70,63,63,63,42,34,55,45,45,45,45,45,66,66,56,56,5,70,46,46,27,27,70,10,46,38,38,27,23,59,39,39,70,26],"gold":6,"neow_bonus":"THREE_CARDS","is_prod":false,"is_daily":false,"chose_seed":false,"campfire_upgraded":6,"win_rate":0,"timestamp":1530054407,"path_taken":["M","?","M","?","$","R","M","?","T","$","R","?","R","?","R","BOSS","M","?","?","M","M","R","?","?","T","R","?","R","?","M","R","BOSS","M","?","M","$","?","E","R","M","T","M","M","R","M","$","R","BOSS"],"build_version":"2018-06-21v2","purchased_purges":4,"victory":true,"max_hp_per_floor":[70,70,70,70,70,70,70,70,70,70,70,70,70,70,70,70,70,70,70,70,70,70,70,70,70,70,70,70,70,70,70,70,70,70,70,70,70,70,70,70,70,70,70,70,70,70,70,70,70,70],"card_choices":[{"not_picked":["Prepared","All Out Attack"],"picked":"Flying Knee","floor":0},{"not_picked":["Calculated Gamble","Dodge and Roll"],"picked":"Blade Dance","floor":1},{"not_picked":["All Out Attack","Finisher"],"picked":"Backflip","floor":3},{"not_picked":["Distraction","Dagger Throw"],"picked":"Escape Plan","floor":7},{"not_picked":["Grand Finale","Phantasmal Killer"],"picked":"Night Terror","floor":16},{"not_picked":["Concentrate","Bane","Dagger Spray"],"picked":"SKIP","floor":18},{"not_picked":["Concentrate","Bane","Dagger Spray"],"picked":"SKIP","floor":18},{"not_picked":["Outmaneuver","Expertise"],"picked":"Infinite Blades+1","floor":19},{"not_picked":["PiercingWail","Slice+1","Leg Sweep"],"picked":"SKIP","floor":21},{"not_picked":["Acrobatics+1","Outmaneuver","Dagger Throw"],"picked":"SKIP","floor":22},{"not_picked":["Sucker Punch","Escape Plan","Setup"],"picked":"SKIP","floor":24},{"not_picked":["Cloak And Dagger","Catalyst"],"picked":"Blur+1","floor":31},{"not_picked":["Expertise","Acrobatics","Distraction+1"],"picked":"SKIP","floor":35},{"not_picked":["Backflip","Flying Knee","Riddle With Holes+1"],"picked":"SKIP","floor":37},{"not_picked":["Setup","Underhanded Strike+1","Quick Slash+1"],"picked":"SKIP","floor":40},{"not_picked":["Caltrops+1","Dodge and Roll+1","Dagger Spray"],"picked":"SKIP","floor":42},{"not_picked":["Acrobatics","Distraction+1","Malaise"],"picked":"SKIP","floor":44},{"not_picked":["Outmaneuver","Prepared+1","Setup+1"],"picked":"SKIP","floor":45},{"not_picked":["Cloak And Dagger","Heel Hook+1","Unload"],"picked":"SKIP","floor":47}],"player_experience":287496,"relics_obtained":[{"floor":9,"key":"Potion Belt"},{"floor":20,"key":"Tiny Chest"},{"floor":25,"key":"Blood Vial"},{"floor":26,"key":"Omamori"},{"floor":34,"key":"Regal Pillow"},{"floor":34,"key":"Paper Crane"},{"floor":34,"key":"Girya"},{"floor":40,"key":"Darkstone Periapt"},{"floor":43,"key":"Whetstone"}],"event_choices":[{"event_name":"World of Goop","player_choice":"Gather Gold","floor":2,"damage_taken":0},{"event_name":"Liars Game","player_choice":"disagreed","floor":4,"damage_taken":0},{"event_name":"Golden Wing","player_choice":"Card Removal","floor":8,"damage_taken":0},{"event_name":"Wheel of Change","player_choice":"Relic","floor":12,"damage_taken":0},{"event_name":"The Woman in Blue","player_choice":"Bought 3 Potions","floor":14,"damage_taken":0},{"event_name":"Mysterious Sphere","player_choice":"Ignore","floor":36,"damage_taken":0},{"event_name":"Bonfire Elementals","player_choice":"UNCOMMON","floor":39,"damage_taken":0}],"boss_relics":[{"not_picked":["Black Star","Eternal Feather"],"picked":"Pandora\u0027s Box"},{"not_picked":["Velvet Choker","Fusion Hammer"],"picked":"Calling Bell"}],"items_purged_floors":[5,28,38,48],"is_endless":false,"potions_floor_spawned":[1,7,19,22,24,33,37,44],"ascension_level":0}