{"gold_per_floor":[115,115,44,219,105,137,137,166,189,189,203,203,229,242,242,337,337,349,349,73,90,107,139,206,22,70,70,102,102,134,199,199,301,301,321,340,14,14],"floor_reached":38,"playtime":1472,"items_purged":["Strike_G","Doubt"],"score":656,"play_id":"d47626b9-7163-4a74-92b5-0630ceec332f","local_time":"20190303154612","is_ascension_mode":true,"campfire_choices":[{"data":"Noxious Fumes","floor":7.0,"key":"SMITH"},{"data":"Deadly Poison","floor":10.0,"key":"SMITH"},{"data":"Bouncing Flask","floor":12.0,"key":"SMITH"},{"data":"Neutralize","floor":15.0,"key":"SMITH"},{"floor":27.0,"key":"REST"},{"data":"Catalyst","floor":29.0,"key":"SMITH"},{"floor":32.0,"key":"REST"}],"neow_cost":"NONE","seed_source_timestamp":11521037270549,"circlet_count":0,"master_deck":["Defend_G","Defend_G","Defend_G","Strike_G+1","Strike_G+1","Survivor","Neutralize+1","Well Laid Plans","Noxious Fumes+1","Deadly Poison+1","Deflect","Bouncing Flask+1","Backflip","PiercingWail","Wraith Form v2","PiercingWail","Catalyst+1","Noxious Fumes","Footwork","Dodge and Roll","PiercingWail","Phantasmal Killer+1","Burst+1","Noxious Fumes+1","Escape Plan+1","Backflip+1","Well Laid Plans","Crippling Poison"],"special_seed":0,"relics":["Ring of the Snake","NeowsBlessing","The Courier","Dream Catcher","Whetstone","Matryoshka","White Beast Statue","SsserpentHead","Happy Flower","Omamori","Nunchaku","Ninja Scroll","Orichalcum","Strawberry","Shovel","Gremlin Horn","Astrolabe","Membership Card","Meat on the Bone"],"potions_floor_usage":[33,33,33,38,38,38],"damage_taken":[{"damage":0.0,"enemies":"2 Louse","floor":1.0,"turns":1.0},{"damage":0.0,"enemies":"3 Sentries","floor":6.0,"turns":2.0},{"damage":0.0,"enemies":"Gremlin Nob","floor":8.0,"turns":1.0},{"damage":3.0,"enemies":"Small Slimes","floor":11.0,"turns":3.0},{"damage":26.0,"enemies":"3 Sentries","floor":13.0,"turns":6.0},{"damage":0.0,"enemies":"Cultist","floor":14.0,"turns":2.0},{"damage":3.0,"enemies":"The Guardian","floor":16.0,"turns":7.0},{"damage":13.0,"enemies":"Spheric Guardian","floor":18.0,"turns":4.0},{"damage":1.0,"enemies":"3 Byrds","floor":21.0,"turns":5.0},{"damage":10.0,"enemies":"Snake Plant","floor":22.0,"turns":4.0},{"damage":6.0,"enemies":"Slavers","floor":23.0,"turns":6.0},{"damage":19.0,"enemies":"3 Cultists","floor":24.0,"turns":6.0},{"damage":5.0,"enemies":"Gremlin Leader","floor":28.0,"turns":7.0},{"damage":20.0,"enemies":"Book of Stabbing","floor":30.0,"turns":5.0},{"damage":4.0,"enemies":"Centurion and Healer","floor":31.0,"turns":5.0},{"damage":26,"enemies":"Collector","floor":33,"turns":7},{"damage":17,"enemies":"Orb Walker","floor":35,"turns":3},{"damage":33,"enemies":"3 Darklings","floor":36,"turns":6},{"damage":33,"enemies":"Transient","floor":38,"turns":2}],"seed_played":"2255935868457127179","potions_obtained":[{"floor":8.0,"key":"Fire Potion"},{"floor":11.0,"key":"Dexterity Potion"},{"floor":13.0,"key":"Explosive Potion"},{"floor":14.0,"key":"Dexterity Potion"},{"floor":22.0,"key":"Weak Potion"},{"floor":23.0,"key":"AttackPotion"},{"floor":24.0,"key":"Explosive Potion"},{"floor":28.0,"key":"GhostInAJar"},{"floor":30.0,"key":"Ancient Potion"},{"floor":31.0,"key":"SteroidPotion"},{"floor":33,"key":"Block Potion"},{"floor":35,"key":"Block Potion"},{"floor":36,"key":"EssenceOfSteel"}],"is_trial":false,"path_per_floor":["M","?","$","?","$","E","R","E","T","R","M","R","E","M","R","B",null,"M","?","$","M","M","E","M","$","T","R","E","R","E","M","R","B",null,"M","M","$","M"],"character_chosen":"THE_SILENT","items_purchased":["Well Laid Plans","Noxious Fumes","Happy Flower","Omamori","Ninja Scroll","Dodge and Roll","Membership Card","Meat on the Bone","Well Laid Plans","Crippling Poison"],"campfire_rested":2,"item_purchase_floors":[3,5,20,20,25,25,37,37,37,37],"current_hp_per_floor":[70,63,63,63,63,63,63,63,63,63,60,60,34,34,34,31,60,47,47,47,46,36,30,11,11,18,41,36,36,16,12,35,9,60,43,10,10,0],"gold":14,"neow_bonus":"THREE_ENEMY_KILL","is_prod":false,"is_daily":false,"chose_seed":false,"campfire_upgraded":5,"win_rate":0,"timestamp":1551617172,"path_taken":["M","?","$","?","$","E","R","E","T","R","M","R","E","M","R","BOSS","M","?","?","M","M","E","?","?","T","R","E","R","E","?","R","BOSS","M","M","$","M"],"build_version":"2019-01-23","purchased_purges":2,"victory":false,"max_hp_per_floor":[70,70,70,70,70,70,70,70,70,70,70,70,70,70,70,70,70,70,70,70,70,70,70,70,70,77,77,77,77,77,77,77,77,77,77,77,77,77],"card_choices":[{"not_picked":["Underhanded Strike","Setup","Accuracy"],"picked":"SKIP","floor":1.0},{"not_picked":["Reflex","Acrobatics"],"picked":"Deadly Poison","floor":6.0},{"not_picked":["Terror","Envenom"],"picked":"Deflect","floor":8.0},{"not_picked":["Bane","Deadly Poison"],"picked":"Bouncing Flask","floor":11.0},{"not_picked":["Flechettes","Underhanded Strike"],"picked":"Backflip","floor":13.0},{"not_picked":["Dagger Spray","Blade Dance"],"picked":"PiercingWail","floor":14.0},{"not_picked":["Tools of the Trade","Doppelganger"],"picked":"Wraith Form v2","floor":16.0},{"not_picked":["Accuracy","Underhanded Strike"],"picked":"PiercingWail","floor":18.0},{"not_picked":["Expertise","Accuracy"],"picked":"Catalyst","floor":21.0},{"not_picked":["Deflect","Choke"],"picked":"Noxious Fumes","floor":22.0},{"not_picked":["Backflip+1","Outmaneuver"],"picked":"Footwork","floor":23.0},{"not_picked":["Flying Knee","Bane","Underhanded Strike"],"picked":"SKIP","floor":24.0},{"not_picked":["Underhanded Strike","Prepared+1","Setup"],"picked":"SKIP","floor":28.0},{"not_picked":["Backflip","Dodge and Roll","Flying Knee"],"picked":"SKIP","floor":30.0},{"not_picked":["Choke","Riddle With Holes","Prepared"],"picked":"SKIP","floor":31.0},{"not_picked":["Cloak And Dagger","Bane"],"picked":"PiercingWail","floor":32.0},{"not_picked":["Blade Dance","Dagger Throw+1"],"picked":"Escape Plan+1","floor":35},{"not_picked":["Dodge and Roll+1","Dagger Spray+1"],"picked":"Backflip+1","floor":36}],"player_experience":776191,"relics_obtained":[{"floor":6.0,"key":"The Courier"},{"floor":8.0,"key":"Dream Catcher"},{"floor":9.0,"key":"Whetstone"},{"floor":13.0,"key":"Matryoshka"},{"floor":23.0,"key":"Nunchaku"},{"floor":26.0,"key":"Orichalcum"},{"floor":26.0,"key":"Strawberry"},{"floor":28.0,"key":"Shovel"},{"floor":30.0,"key":"Gremlin Horn"}],"event_choices":[{"cards_removed":["Defend_G"],"damage_healed":0.0,"max_hp_gain":0.0,"max_hp_loss":0.0,"gold_gain":0.0,"event_name":"Golden Wing","player_choice":"Card Removal","floor":2.0,"gold_loss":0.0,"damage_taken":7.0},{"damage_healed":0.0,"max_hp_gain":0.0,"max_hp_loss":0.0,"gold_gain":175.0,"event_name":"Liars Game","player_choice":"AGREE","floor":4.0,"gold_loss":0.0,"damage_taken":0.0,"cards_obtained":["Doubt"]},{"damage_healed":0.0,"max_hp_gain":0.0,"max_hp_loss":0.0,"gold_gain":0.0,"event_name":"FaceTrader","player_choice":"Trade","floor":19.0,"gold_loss":0.0,"damage_taken":0.0,"relics_obtained":["SsserpentHead"]}],"is_beta":false,"boss_relics":[{"not_picked":["Snecko Eye","Runic Pyramid"],"picked":"White Beast Statue"},{"not_picked":["Empty Cage","Tiny House"],"picked":"Astrolabe"}],"items_purged_floors":[5,20],"is_endless":false,"potions_floor_spawned":[8,11,13,14,16,18,21,22,23,24,28,30,31,33,35,36],"killed_by":"Transient","ascension_level":5}