{"gold_per_floor":[115,126,126,126,23,41,41,41,66,66,66,66,84,84,84,162,162,175,225,238,257,257,257,172,184,184,184,211,136,150,160,160,160],"floor_reached":33,"playtime":769,"items_purged":["Defend_B"],"score":446,"play_id":"f128bac5-44dd-40a7-9d48-2646dbe80778","local_time":"20180908194001","is_ascension_mode":true,"campfire_choices":[{"data":"Sweeping Beam","floor":7.0,"key":"SMITH"},{"data":"Ball Lightning","floor":10.0,"key":"SMITH"},{"floor":12.0,"key":"REST"},{"data":"Glacier","floor":15.0,"key":"SMITH"},{"data":"Biased Cognition","floor":23.0,"key":"SMITH"},{"floor":27.0,"key":"REST"},{"floor":32.0,"key":"REST"}],"neow_cost":"","seed_source_timestamp":22743250437900,"circlet_count":0,"master_deck":["Strike_B","Strike_B","Strike_B","Defend_B","Zap+1","Dualcast","AscendersBane","Glacier+1","Undo","Ball Lightning+1","Leap","Sweeping Beam+1","Biased Cognition+1","Barrage+1"],"special_seed":0,"relics":["Cracked Core","DataDisk","Sozu","Bag of Marbles","Bottled Lightning","Shovel"],"potions_floor_usage":[33],"damage_taken":[{"damage":14.0,"enemies":"2 Louse","floor":1.0,"turns":3.0},{"damage":0.0,"enemies":"Small Slimes","floor":2.0,"turns":3.0},{"damage":1.0,"enemies":"Cultist","floor":6.0,"turns":3.0},{"damage":0.0,"enemies":"Blue Slaver","floor":13.0,"turns":2.0},{"damage":2.0,"enemies":"The Guardian","floor":16.0,"turns":12.0},{"damage":12.0,"enemies":"Chosen","floor":18.0,"turns":4.0},{"damage":1.0,"enemies":"Spheric Guardian","floor":20.0,"turns":4.0},{"damage":9.0,"enemies":"Centurion and Healer","floor":21.0,"turns":7.0},{"damage":2.0,"enemies":"3 Cultists","floor":25.0,"turns":5.0},{"damage":3.0,"enemies":"Book of Stabbing","floor":28.0,"turns":5.0},{"damage":2.0,"enemies":"Chosen and Byrds","floor":30.0,"turns":4.0},{"damage":21.0,"enemies":"Snake Plant","floor":31.0,"turns":4.0},{"damage":80,"enemies":"Collector","floor":33,"turns":10}],"seed_played":"3038800648485110228","potions_obtained":[{"floor":2.0,"key":"SteroidPotion"}],"is_trial":false,"path_per_floor":["M","M","?","?","$","M","R","?","T","R","$","R","M","?","R","B",null,"M","?","M","M","?","R","?","M","T","R","E","$","M","M","R"],"character_chosen":"DEFECT","items_purchased":["Ball Lightning","Leap"],"campfire_rested":3,"item_purchase_floors":[5,5],"current_hp_per_floor":[50,50,50,50,50,49,49,42,42,42,42,63,63,63,63,61,69,57,57,56,47,47,47,47,45,45,66,63,63,61,40,61,0],"gold":160,"neow_bonus":"","is_prod":false,"is_daily":false,"chose_seed":false,"campfire_upgraded":4,"win_rate":0,"timestamp":1536424801,"path_taken":["M","M","?","?","$","M","R","?","T","R","$","R","M","?","R","BOSS","M","?","M","M","?","R","?","M","T","R","E","$","M","M","R","BOSS"],"build_version":"2018-09-06","purchased_purges":1,"victory":false,"max_hp_per_floor":[71,71,71,71,71,71,71,71,71,71,71,71,71,71,71,71,71,71,71,71,71,71,71,71,71,71,71,71,71,71,71,71,71],"card_choices":[{"not_picked":["Redo","Steam Power","Beam Cell"],"picked":"SKIP","floor":1.0},{"not_picked":["Beam Cell","Fusion"],"picked":"Glacier","floor":2.0},{"not_picked":["Steam Power","Ball Lightning"],"picked":"Sweeping Beam","floor":6.0},{"not_picked":["Aggregate","Ball Lightning","Force Field"],"picked":"SKIP","floor":13.0},{"not_picked":["All For One","Creative AI"],"picked":"Biased Cognition","floor":16.0},{"not_picked":["Conserve Battery","Turbo"],"picked":"Barrage+1","floor":18.0},{"not_picked":["Reinforced Body","Skim","Go for the Eyes"],"picked":"SKIP","floor":20.0},{"not_picked":["Coolheaded","Gash+1","Reinforced Body"],"picked":"SKIP","floor":21.0},{"not_picked":["Go for the Eyes","Seek","Leap"],"picked":"SKIP","floor":25.0},{"not_picked":["Stack","Auto Shields","Coolheaded"],"picked":"SKIP","floor":28.0},{"not_picked":["Gash","Compile Driver","Amplify"],"picked":"SKIP","floor":30.0},{"not_picked":["Compile Driver","Hologram","Redo"],"picked":"SKIP","floor":31.0}],"player_experience":463711,"relics_obtained":[{"floor":9.0,"key":"DataDisk"},{"floor":26.0,"key":"Bottled Lightning"},{"floor":28.0,"key":"Shovel"}],"event_choices":[{"event_name":"Living Wall","player_choice":"Grow","floor":3.0,"damage_taken":0.0},{"event_name":"Transmorgrifier","player_choice":"Transform","floor":4.0,"damage_taken":0.0},{"event_name":"Golden Wing","player_choice":"Card Removal","floor":8.0,"damage_taken":0.0},{"event_name":"Liars Game","player_choice":"disagreed","floor":14.0,"damage_taken":0.0},{"event_name":"Nest","player_choice":"Stole From Cult","floor":19.0,"damage_taken":0.0},{"event_name":"Back to Basics","player_choice":"Elegance","floor":22.0,"damage_taken":0.0},{"event_name":"Addict","player_choice":"Obtained Relic","floor":24.0,"damage_taken":0.0}],"is_beta":false,"boss_relics":[{"not_picked":["Runic Dome","Philosopher\u0027s Stone"],"picked":"Sozu"}],"items_purged_floors":[29],"is_endless":false,"potions_floor_spawned":[2,20,21,25,30],"killed_by":"Collector","ascension_level":15}