{"gold_per_floor":[114,127,127,139,158,188,188,263,288,325,352,364,376,414,426,535,547,573,232,232,243,243,243,272,286,286,286,301,335,250,265,265,265],"floor_reached":33,"playtime":1485,"items_purged":["Strike_R"],"score":401,"play_id":"58b46b39-ab48-47ac-83ee-64d2b385d649","local_time":"20190622213643","is_ascension_mode":true,"campfire_choices":[{"data":"Feed","floor":7.0,"key":"SMITH"},{"floor":13.0,"key":"REST"},{"data":"Flame Barrier","floor":15.0,"key":"SMITH"},{"data":"Inflame","floor":23,"key":"SMITH"},{"floor":27,"key":"REST"},{"data":"Flame Barrier","floor":32,"key":"SMITH"}],"neow_cost":"PERCENT_DAMAGE","seed_source_timestamp":40169660840596,"circlet_count":0,"master_deck":["Strike_R","Strike_R","Strike_R","Strike_R","Defend_R","Defend_R+1","Defend_R+1","Defend_R","Bash","Clothesline","Cleave","Feed+1","Battle Trance","Ghostly Armor","Flame Barrier+1","Feed","Uppercut+1","Inflame+1","Flame Barrier+1","Warcry+1"],"special_seed":0,"relics":["Burning Blood","Bronze Scales","MawBank","Smiling Mask","Ginger","Black Star","Lantern","Regal Pillow","Oddly Smooth Stone","Dead Branch","Bird Faced Urn","Charon\u0027s Ashes","War Paint"],"potions_floor_usage":[16,16,24,25,25,33,33],"damage_taken":[{"damage":3.0,"enemies":"2 Louse","floor":1.0,"turns":4.0},{"damage":6.0,"enemies":"Cultist","floor":2.0,"turns":4.0},{"damage":3.0,"enemies":"Small Slimes","floor":4.0,"turns":3.0},{"damage":13.0,"enemies":"Blue Slaver","floor":5.0,"turns":5.0},{"damage":35.0,"enemies":"3 Sentries","floor":6.0,"turns":8.0},{"damage":32.0,"enemies":"Lagavulin","floor":10.0,"turns":7.0},{"damage":4.0,"enemies":"Looter","floor":11.0,"turns":5.0},{"damage":42.0,"enemies":"Gremlin Nob","floor":14.0,"turns":5.0},{"damage":13,"enemies":"The Guardian","floor":16,"turns":15},{"damage":18,"enemies":"Chosen","floor":18,"turns":6},{"damage":14,"enemies":"Shell Parasite","floor":21,"turns":9},{"damage":40,"enemies":"Slavers","floor":24,"turns":5},{"damage":13,"enemies":"Centurion and Healer","floor":25,"turns":16},{"damage":17,"enemies":"Cultist and Chosen","floor":28,"turns":8},{"damage":30,"enemies":"Book of Stabbing","floor":29,"turns":6},{"damage":0,"enemies":"Snecko","floor":31,"turns":4},{"damage":104,"enemies":"Champ","floor":33,"turns":20}],"seed_played":"1798616594370151642","potions_obtained":[{"floor":2.0,"key":"Dexterity Potion"},{"floor":5.0,"key":"AttackPotion"},{"floor":6.0,"key":"Dexterity Potion"},{"floor":11.0,"key":"Swift Potion"},{"floor":18,"key":"Energy Potion"},{"floor":21,"key":"Weak Potion"},{"floor":24,"key":"Weak Potion"},{"floor":29,"key":"LiquidBronze"}],"is_trial":false,"path_per_floor":["M","M","?","M","M","E","R","?","T","E","M","T","R","E","R","B",null,"M","$","?","M","?","R","E","M","T","R","M","E","?","M","R","B"],"character_chosen":"IRONCLAD","items_purchased":["Lantern","Inflame","Flame Barrier"],"campfire_rested":2,"item_purchase_floors":[19,19,19],"current_hp_per_floor":[75,75,75,81,77,51,51,40,40,18,20,20,52,20,20,13,113,105,105,81,77,77,77,50,50,50,107,103,83,83,95,95,0],"gold":265,"neow_bonus":"TWENTY_PERCENT_HP_BONUS","is_prod":false,"is_daily":false,"chose_seed":false,"campfire_upgraded":4,"win_rate":0,"timestamp":1561228603,"path_taken":["M","M","?","M","?","E","R","?","T","E","M","?","R","E","R","BOSS","M","$","?","M","?","R","E","M","T","R","M","E","?","M","R","BOSS"],"build_version":"2019-01-23","purchased_purges":1,"victory":false,"max_hp_per_floor":[96,96,96,99,102,105,105,105,105,109,109,109,109,113,113,113,113,117,117,122,126,126,126,133,140,140,140,147,151,151,155,155,155],"card_choices":[{"not_picked":["Wild Strike","Anger"],"picked":"Clothesline","floor":1.0},{"not_picked":["Whirlwind","Clash"],"picked":"Cleave","floor":2.0},{"not_picked":["Flex","True Grit"],"picked":"Battle Trance","floor":4.0},{"not_picked":["Twin Strike","Iron Wave","Clash"],"picked":"SKIP","floor":5.0},{"not_picked":["Armaments","True Grit"],"picked":"Ghostly Armor","floor":6.0},{"not_picked":["Body Slam","Flex"],"picked":"Flame Barrier","floor":10.0},{"not_picked":["Entrench","Iron Wave","Clothesline"],"picked":"SKIP","floor":11.0},{"not_picked":["Seeing Red","Anger","Wild Strike"],"picked":"SKIP","floor":14.0},{"not_picked":["Berserk","Barricade"],"picked":"Feed","floor":16},{"not_picked":["Dropkick","Sword Boomerang"],"picked":"Uppercut+1","floor":18},{"not_picked":["Flex","Twin Strike","Bloodletting"],"picked":"SKIP","floor":21},{"not_picked":["Second Wind","Heavy Blade","Exhume"],"picked":"SKIP","floor":24},{"not_picked":["Battle Trance","Dual Wield+1","Heavy Blade"],"picked":"SKIP","floor":25},{"not_picked":["Sword Boomerang","Body Slam"],"picked":"Warcry+1","floor":28},{"not_picked":["Evolve","Sentinel","Bloodletting"],"picked":"SKIP","floor":29},{"not_picked":["Armaments","True Grit","Sever Soul"],"picked":"SKIP","floor":31}],"player_experience":997230,"relics_obtained":[{"floor":6.0,"key":"Bronze Scales"},{"floor":9.0,"key":"MawBank"},{"floor":10.0,"key":"Smiling Mask"},{"floor":14.0,"key":"Ginger"},{"floor":24,"key":"Regal Pillow"},{"floor":24,"key":"Oddly Smooth Stone"},{"floor":26,"key":"Dead Branch"},{"floor":29,"key":"Bird Faced Urn"},{"floor":29,"key":"Charon\u0027s Ashes"}],"event_choices":[{"damage_healed":0.0,"max_hp_gain":0.0,"max_hp_loss":0.0,"gold_gain":0.0,"event_name":"Match and Keep!","player_choice":"1 cards matched","floor":3.0,"gold_loss":0.0,"damage_taken":0.0,"cards_obtained":["Feed"]},{"damage_healed":0.0,"max_hp_gain":0.0,"max_hp_loss":0.0,"gold_gain":75.0,"event_name":"World of Goop","player_choice":"Gather Gold","floor":8.0,"gold_loss":0.0,"damage_taken":11.0},{"damage_healed":0,"gold_gain":0,"player_choice":"Shed Blood","damage_taken":29,"max_hp_gain":5,"max_hp_loss":0,"event_name":"Forgotten Altar","floor":20,"gold_loss":0},{"damage_healed":0,"gold_gain":0,"player_choice":"Ignored","damage_taken":0,"max_hp_gain":0,"max_hp_loss":0,"event_name":"Ghosts","floor":22,"gold_loss":0},{"damage_healed":0,"gold_gain":0,"player_choice":"Obtained Relic","damage_taken":0,"relics_obtained":["War Paint"],"max_hp_gain":0,"max_hp_loss":0,"event_name":"Addict","floor":30,"gold_loss":85}],"is_beta":false,"boss_relics":[{"not_picked":["Runic Pyramid","Fusion Hammer"],"picked":"Black Star"}],"items_purged_floors":[19],"is_endless":false,"potions_floor_spawned":[2,5,6,11,18,21,24,29],"killed_by":"Champ","ascension_level":3}