{"gold_per_floor":[119,269,16,16,28,28,55,55,55,87,87,119,136,166,166,240,240,253,282,301,129,146,171,171,96,96,96,112,137,153,166,166,242,242,256,256,478,493,62,89,105,117,117,149,249,249,275,15,15,15,15,15,15,47,47],"floor_reached":55,"playtime":2751,"items_purged":["Doubt","Strike_G"],"score":1399,"play_id":"0f9df768-6fbd-42e5-915f-547928c294eb","local_time":"20190417172313","is_ascension_mode":true,"campfire_choices":[{"data":"All Out Attack","floor":6.0,"key":"SMITH"},{"floor":8.0,"key":"REST"},{"data":"Neutralize","floor":11.0,"key":"SMITH"},{"data":"After Image","floor":15.0,"key":"SMITH"},{"floor":24.0,"key":"REST"},{"data":"Envenom","floor":27.0,"key":"SMITH"},{"floor":32.0,"key":"REST"},{"floor":46,"key":"RECALL"},{"floor":49,"key":"REST"},{"data":"Catalyst","floor":52,"key":"SMITH"}],"neow_cost":"NONE","seed_source_timestamp":16220847536035,"circlet_count":0,"master_deck":["AscendersBane","Defend_G","Defend_G","Defend_G","Defend_G","Defend_G","Strike_G+1","Strike_G","Strike_G+1","Survivor","Neutralize+1","All Out Attack+1","Adrenaline","Deadly Poison","Terror","After Image+1","Flying Knee","Deadly Poison","Envenom+1","Prepared","Dash","Caltrops+1","Footwork","Burst","Adrenaline","PiercingWail","Well Laid Plans","Backflip","Catalyst+1","Adrenaline","Crippling Poison","Blur","Footwork","Dash","Backflip+1","Deflect","Footwork"],"special_seed":0,"relics":["Ring of the Snake","Pen Nib","Snake Skull","Bottled Flame","Dream Catcher","Sundial","Strawberry","Tough Bandages","Sozu","Red Mask","Juzu Bracelet","Bronze Scales","Lizard Tail","Lee\u0027s Waffle","Vajra","Girya","Bottled Tornado","Lantern","Bird Faced Urn","Whetstone","ClockworkSouvenir","Ginger"],"potions_floor_usage":[],"damage_taken":[{"damage":4.0,"enemies":"Small Slimes","floor":1.0,"turns":4.0},{"damage":0.0,"enemies":"2 Louse","floor":5.0,"turns":4.0},{"damage":28.0,"enemies":"Lagavulin","floor":7.0,"turns":8.0},{"damage":16.0,"enemies":"Gremlin Nob","floor":10.0,"turns":4.0},{"damage":9.0,"enemies":"3 Sentries","floor":12.0,"turns":5.0},{"damage":0.0,"enemies":"Cultist","floor":13.0,"turns":3.0},{"damage":9.0,"enemies":"Lagavulin","floor":14.0,"turns":4.0},{"damage":6.0,"enemies":"Hexaghost","floor":16.0,"turns":8.0},{"damage":17.0,"enemies":"2 Thieves","floor":18.0,"turns":4.0},{"damage":2.0,"enemies":"Masked Bandits","floor":19.0,"turns":4.0},{"damage":0.0,"enemies":"Chosen","floor":20.0,"turns":3.0},{"damage":2.0,"enemies":"Shelled Parasite and Fungi","floor":22.0,"turns":5.0},{"damage":22.0,"enemies":"Book of Stabbing","floor":23.0,"turns":5.0},{"damage":0.0,"enemies":"Sentry and Sphere","floor":28.0,"turns":4.0},{"damage":10.0,"enemies":"Gremlin Leader","floor":29.0,"turns":5.0},{"damage":0.0,"enemies":"Centurion and Healer","floor":30.0,"turns":7.0},{"damage":9.0,"enemies":"Cultist and Chosen","floor":31.0,"turns":6.0},{"damage":32.0,"enemies":"Collector","floor":33.0,"turns":10.0},{"damage":1.0,"enemies":"Orb Walker","floor":35.0,"turns":3.0},{"damage":7.0,"enemies":"3 Darklings","floor":38.0,"turns":5.0},{"damage":4,"enemies":"Nemesis","floor":40,"turns":7},{"damage":14,"enemies":"Maw","floor":41,"turns":7},{"damage":0,"enemies":"Jaw Worm Horde","floor":42,"turns":3},{"damage":11,"enemies":"Reptomancer","floor":44,"turns":8},{"damage":3,"enemies":"Mind Bloom Boss Battle","floor":45,"turns":6},{"damage":30,"enemies":"Giant Head","floor":47,"turns":10},{"damage":71,"enemies":"Time Eater","floor":50,"turns":14},{"damage":72,"enemies":"Shield and Spear","floor":54,"turns":9},{"damage":26,"enemies":"The Heart","floor":55,"turns":3}],"seed_played":"208076835382842761","potions_obtained":[{"floor":4.0,"key":"SneckoOil"},{"floor":4.0,"key":"Weak Potion"},{"floor":7.0,"key":"PowerPotion"}],"is_trial":false,"path_per_floor":["M","?","$","?","M","R","E","R","T","E","R","E","M","E","R","B",null,"M","?","M","$","M","E","R","?","T","R","M","E","M","M","R","B",null,"M","?","?","M","$","E","M","M","T","E","?","R","E","$","R","B",null,"R","$","E","B"],"character_chosen":"THE_SILENT","items_purchased":["Cloak And Dagger","Snake Skull","Footwork","Lee\u0027s Waffle","Crippling Poison","Vajra","Deflect","ClockworkSouvenir"],"campfire_rested":4,"item_purchase_floors":[3,3,21,39,39,39,48,48],"current_hp_per_floor":[55,55,55,55,55,55,27,46,46,30,30,28,28,19,19,13,58,41,39,39,39,37,15,36,36,36,36,36,26,26,17,38,6,56,55,55,55,48,80,76,62,62,62,51,48,48,30,30,54,36,69,69,69,9,0],"gold":47,"neow_bonus":"RANDOM_COMMON_RELIC","is_prod":false,"is_daily":false,"chose_seed":false,"campfire_upgraded":5,"win_rate":0,"timestamp":1555510993,"path_taken":["M","?","$","?","M","R","E","R","T","E","R","E","M","E","R","BOSS","M","?","M","$","M","E","R","?","T","R","M","E","M","M","R","BOSS","M","?","?","M","$","E","M","M","T","E","?","R","E","?","R","BOSS","R","$","E","BOSS"],"build_version":"2019-01-23","purchased_purges":2,"victory":false,"max_hp_per_floor":[66,66,66,66,66,66,66,66,66,66,66,73,73,73,73,73,73,73,73,73,73,73,73,73,73,73,73,73,73,73,73,73,73,73,73,73,73,73,80,80,80,80,80,80,80,80,80,80,80,80,80,80,80,80,80],"card_choices":[{"not_picked":["Bane","Backflip"],"picked":"All Out Attack","floor":1.0},{"not_picked":["Calculated Gamble","Flying Knee"],"picked":"Adrenaline","floor":5.0},{"not_picked":["Dodge and Roll","Deflect"],"picked":"Deadly Poison","floor":7.0},{"not_picked":["Sucker Punch","Backflip"],"picked":"Terror","floor":10.0},{"not_picked":["Sucker Punch","A Thousand Cuts"],"picked":"After Image","floor":12.0},{"not_picked":["Quick Slash","Outmaneuver"],"picked":"Flying Knee","floor":13.0},{"not_picked":["Predator","Infinite Blades"],"picked":"Deadly Poison","floor":14.0},{"not_picked":["Grand Finale","A Thousand Cuts"],"picked":"Envenom","floor":16.0},{"not_picked":["Predator","Underhanded Strike+1"],"picked":"Prepared","floor":18.0},{"not_picked":["Quick Slash","Slice"],"picked":"Dash","floor":19.0},{"not_picked":["Reflex+1","Quick Slash"],"picked":"Caltrops+1","floor":20.0},{"not_picked":["Riddle With Holes","Infinite Blades"],"picked":"Burst","floor":22.0},{"not_picked":["Dagger Spray","Bane"],"picked":"Adrenaline","floor":23.0},{"not_picked":["A Thousand Cuts","Dagger Throw"],"picked":"PiercingWail","floor":28.0},{"not_picked":["Bullet Time","Dagger Spray+1"],"picked":"Well Laid Plans","floor":29.0},{"not_picked":["Dash","Cloak And Dagger"],"picked":"Backflip","floor":30.0},{"not_picked":["Endless Agony","Quick Slash"],"picked":"Catalyst","floor":31.0},{"not_picked":["Doppelganger","Night Terror"],"picked":"Adrenaline","floor":33.0},{"not_picked":["Quick Slash","Concentrate+1","Prepared"],"picked":"SKIP","floor":35.0},{"not_picked":["PiercingWail","Poisoned Stab","Reflex"],"picked":"SKIP","floor":38.0},{"not_picked":["Slice+1","PiercingWail"],"picked":"Blur","floor":40},{"not_picked":["Prepared+1","Outmaneuver"],"picked":"Footwork","floor":41},{"not_picked":["Setup+1","Flechettes"],"picked":"Dash","floor":42},{"not_picked":["Wraith Form v2","Bouncing Flask","Dagger Spray+1"],"picked":"SKIP","floor":44},{"not_picked":["Acrobatics","Endless Agony"],"picked":"Backflip+1","floor":45},{"not_picked":["Poisoned Stab+1","Choke","Blade Dance"],"picked":"SKIP","floor":47},{"not_picked":["Bouncing Flask","Caltrops"],"picked":"Footwork","floor":54}],"player_experience":855680,"relics_obtained":[{"floor":7.0,"key":"Bottled Flame"},{"floor":9.0,"key":"Dream Catcher"},{"floor":10.0,"key":"Sundial"},{"floor":12.0,"key":"Strawberry"},{"floor":14.0,"key":"Tough Bandages"},{"floor":19.0,"key":"Red Mask"},{"floor":23.0,"key":"Juzu Bracelet"},{"floor":29.0,"key":"Bronze Scales"},{"floor":40,"key":"Girya"},{"floor":43,"key":"Bottled Tornado"},{"floor":44,"key":"Lantern"},{"floor":45,"key":"Bird Faced Urn"},{"floor":47,"key":"Whetstone"},{"floor":54,"key":"Ginger"}],"event_choices":[{"damage_healed":0.0,"max_hp_gain":0.0,"max_hp_loss":0.0,"gold_gain":150.0,"event_name":"Liars Game","player_choice":"AGREE","floor":2.0,"gold_loss":0.0,"damage_taken":0.0,"cards_obtained":["Doubt"]},{"damage_healed":0.0,"max_hp_gain":0.0,"max_hp_loss":0.0,"gold_gain":0.0,"event_name":"Lab","player_choice":"Got Potions","floor":4.0,"gold_loss":0.0,"damage_taken":0.0},{"damage_healed":0.0,"max_hp_gain":0.0,"max_hp_loss":0.0,"gold_gain":0.0,"event_name":"Masked Bandits","player_choice":"Fought Bandits","floor":19.0,"gold_loss":0.0,"damage_taken":0.0},{"cards_removed":["Strike_G"],"damage_healed":0.0,"max_hp_gain":0.0,"max_hp_loss":0.0,"gold_gain":0.0,"event_name":"Beggar","player_choice":"Gave Gold","floor":25.0,"gold_loss":75.0,"damage_taken":0.0},{"cards_removed":["Cloak And Dagger"],"damage_healed":0.0,"max_hp_gain":0.0,"max_hp_loss":0.0,"gold_gain":0.0,"event_name":"Falling","player_choice":"Removed Skill","floor":36.0,"gold_loss":0.0,"damage_taken":0.0},{"damage_healed":0.0,"max_hp_gain":0.0,"max_hp_loss":0.0,"gold_gain":222.0,"event_name":"Tomb of Lord Red Mask","player_choice":"Wore Mask","floor":37.0,"gold_loss":0.0,"damage_taken":0.0},{"damage_healed":0,"gold_gain":0,"player_choice":"Fight","damage_taken":0,"max_hp_gain":0,"max_hp_loss":0,"event_name":"MindBloom","floor":45,"gold_loss":0}],"is_beta":false,"boss_relics":[{"not_picked":["Cursed Key","Runic Pyramid"],"picked":"Sozu"},{"not_picked":["WristBlade","Eternal Feather"],"picked":"Lizard Tail"}],"items_purged_floors":[3,21],"is_endless":false,"potions_floor_spawned":[7,10,13,14,16,19,22,28,30,38,40,47],"killed_by":"The Heart","ascension_level":15}