{"gold_per_floor":[115,129,144,158,174,174,206,206,260,290,307,307,3,21,21,94,94,106,86,86,104,116,116,148,162,162,162,162,162,162,174,174,174],"floor_reached":33,"playtime":1769,"items_purged":["Strike_R"],"score":558,"play_id":"489f01a6-01fb-47fd-8f5e-36493b868f98","local_time":"20190730215121","is_ascension_mode":true,"campfire_choices":[{"data":"Bash","floor":6.0,"key":"SMITH"},{"data":"Fiend Fire","floor":8.0,"key":"SMITH"},{"data":"Wild Strike","floor":12.0,"key":"SMITH"},{"data":"Offering","floor":15.0,"key":"SMITH"},{"data":"Cleave","floor":23.0,"key":"SMITH"},{"data":"Rage","floor":27.0,"key":"SMITH"},{"data":"Ghostly","floor":32.0,"key":"SMITH"}],"neow_cost":"NONE","seed_source_timestamp":99067053512105,"circlet_count":0,"master_deck":["AscendersBane","Strike_R","Strike_R","Strike_R","Strike_R","Defend_R","Defend_R","Defend_R","Defend_R","Bash+1","Cleave+1","Fiend Fire+1","Wild Strike+1","Wild Strike","Sword Boomerang","Offering+1","Shrug It Off","Reaper","Combust+1","Power Through","Rage+1","Rupture","Ghostly+1","Ghostly","Ghostly","Fiend Fire"],"special_seed":0,"relics":["Burning Blood","Anchor","Strawberry","Mummified Hand","ClockworkSouvenir","Coffee Dripper","Bag of Marbles","Frozen Egg 2","MutagenicStrength"],"potions_floor_usage":[33,33],"damage_taken":[{"damage":7.0,"enemies":"Cultist","floor":1.0,"turns":4.0},{"damage":4.0,"enemies":"Small Slimes","floor":2.0,"turns":4.0},{"damage":7.0,"enemies":"Jaw Worm","floor":3.0,"turns":2.0},{"damage":20.0,"enemies":"3 Louse","floor":4.0,"turns":3.0},{"damage":0.0,"enemies":"Large Slime","floor":5.0,"turns":4.0},{"damage":35.0,"enemies":"Lagavulin","floor":7.0,"turns":5.0},{"damage":8.0,"enemies":"Gremlin Nob","floor":10.0,"turns":3.0},{"damage":0.0,"enemies":"2 Fungi Beasts","floor":11.0,"turns":3.0},{"damage":0.0,"enemies":"Blue Slaver","floor":14.0,"turns":1.0},{"damage":24.0,"enemies":"Hexaghost","floor":16.0,"turns":7.0},{"damage":17.0,"enemies":"3 Byrds","floor":18.0,"turns":5.0},{"damage":26.0,"enemies":"Chosen","floor":21.0,"turns":4.0},{"damage":15.0,"enemies":"Centurion and Healer","floor":22.0,"turns":5.0},{"damage":37.0,"enemies":"Book of Stabbing","floor":24.0,"turns":4.0},{"damage":13.0,"enemies":"Cultist and Chosen","floor":25.0,"turns":4.0},{"damage":16.0,"enemies":"Snake Plant","floor":31.0,"turns":2.0},{"damage":43,"enemies":"Champ","floor":33,"turns":7}],"seed_played":"-9132088623076789980","potions_obtained":[{"floor":5.0,"key":"SkillPotion"},{"floor":7.0,"key":"Energy Potion"},{"floor":14.0,"key":"Weak Potion"},{"floor":19.0,"key":"Dexterity Potion"},{"floor":31.0,"key":"SteroidPotion"}],"is_trial":false,"path_per_floor":["M","M","M","M","M","R","E","R","T","E","M","R","$","M","R","B",null,"M","?","$","M","M","R","E","M","T","R","?","?","?","M","R","B"],"character_chosen":"IRONCLAD","items_purchased":["ClockworkSouvenir"],"campfire_rested":0,"item_purchase_floors":[13],"current_hp_per_floor":[74,76,75,61,67,67,38,38,45,43,49,49,49,55,55,37,76,74,74,74,58,57,57,30,35,35,35,35,35,25,25,25,0],"gold":174,"neow_bonus":"TEN_PERCENT_HP_BONUS","is_prod":false,"is_daily":false,"chose_seed":false,"campfire_upgraded":7,"win_rate":0,"timestamp":1564537881,"path_taken":["M","M","?","M","?","R","E","R","T","E","?","R","$","M","R","BOSS","M","?","$","?","M","R","E","M","T","R","?","?","?","M","R","BOSS"],"build_version":"2019-07-17","purchased_purges":1,"victory":false,"max_hp_per_floor":[82,82,82,82,82,82,82,82,89,89,89,89,89,89,89,89,89,89,89,89,89,89,89,89,89,89,89,44,44,49,49,49,49],"card_choices":[{"not_picked":["True Grit","Clash"],"picked":"Cleave","floor":1.0},{"not_picked":["Cleave","Entrench"],"picked":"Fiend Fire","floor":2.0},{"not_picked":["Heavy Blade","Rupture"],"picked":"Wild Strike","floor":3.0},{"not_picked":["Heavy Blade","Rupture","Shrug It Off"],"picked":"SKIP","floor":4.0},{"not_picked":["Clash","Rage"],"picked":"Wild Strike","floor":5.0},{"not_picked":["Rage","Berserk"],"picked":"Sword Boomerang","floor":7.0},{"not_picked":["Rupture","Infernal Blade"],"picked":"Offering","floor":10.0},{"not_picked":["Blood for Blood","Wild Strike","Heavy Blade"],"picked":"SKIP","floor":11.0},{"not_picked":["Thunderclap","Twin Strike"],"picked":"Shrug It Off","floor":14.0},{"not_picked":["Demon Form","Immolate"],"picked":"Reaper","floor":16.0},{"not_picked":["Dropkick","Rupture+1"],"picked":"Combust+1","floor":18.0},{"not_picked":["Clothesline","Headbutt","Pommel Strike"],"picked":"SKIP","floor":21.0},{"not_picked":["Thunderclap","Entrench"],"picked":"Power Through","floor":22.0},{"not_picked":["Flex","Anger"],"picked":"Rage","floor":24.0},{"not_picked":["Battle Trance","Reckless Charge"],"picked":"Rupture","floor":25.0},{"not_picked":["Sword Boomerang","Twin Strike"],"picked":"Fiend Fire","floor":31.0}],"player_experience":2529942,"relics_obtained":[{"floor":7.0,"key":"Anchor"},{"floor":9.0,"key":"Strawberry"},{"floor":10.0,"key":"Mummified Hand"},{"floor":24.0,"key":"Bag of Marbles"},{"floor":26.0,"key":"Frozen Egg 2"}],"event_choices":[{"damage_healed":0.0,"max_hp_gain":0.0,"max_hp_loss":0.0,"gold_gain":0.0,"event_name":"The Woman in Blue","player_choice":"Bought 1 Potion","floor":19.0,"gold_loss":0.0,"damage_taken":0.0},{"damage_healed":0.0,"max_hp_gain":0.0,"max_hp_loss":45.0,"gold_gain":0.0,"event_name":"Ghosts","player_choice":"Became a Ghost","floor":28.0,"gold_loss":0.0,"damage_taken":0.0,"cards_obtained":["Ghostly","Ghostly","Ghostly"]},{"damage_healed":0.0,"max_hp_gain":0.0,"max_hp_loss":0.0,"gold_gain":0.0,"event_name":"Drug Dealer","player_choice":"Inject Mutagens","floor":29.0,"gold_loss":0.0,"damage_taken":0.0,"relics_obtained":["MutagenicStrength"]},{"damage_healed":0.0,"max_hp_gain":5.0,"max_hp_loss":0.0,"gold_gain":0.0,"event_name":"Forgotten Altar","player_choice":"Shed Blood","floor":30.0,"gold_loss":0.0,"damage_taken":15.0}],"is_beta":false,"boss_relics":[{"not_picked":["White Beast Statue","Black Blood"],"picked":"Coffee Dripper"}],"items_purged_floors":[13],"is_endless":false,"potions_floor_spawned":[5,7,11,14,21,24,31],"killed_by":"Champ","ascension_level":20}