{"gold_per_floor":[119,119,119,119,294,330,330,370,427,439,59,78,78,117,117,242,242,263,263,284,284,298,298,339,362,388,388,427,463,463,463,463,593,593,616,639,653,677,294,332,332,370,370,386,419,641,641,224,224,224],"floor_reached":51,"playtime":1601,"items_purged":["Doubt","Strike_R+1","Strike_R+1"],"score":924,"play_id":"8c5f2455-0d66-4849-ab16-f6c4dfc7804e","local_time":"20190622194232","is_ascension_mode":true,"campfire_choices":[{"data":"Inflame","floor":7,"key":"SMITH"},{"floor":10,"key":"REST"},{"data":"Metallicize","floor":13,"key":"SMITH"},{"data":"Headbutt","floor":15,"key":"SMITH"},{"data":"Immolate","floor":23,"key":"SMITH"},{"data":"Warcry","floor":27,"key":"SMITH"},{"floor":32,"key":"REST"},{"data":"Flame Barrier","floor":41,"key":"SMITH"},{"data":"Double Tap","floor":49,"key":"SMITH"}],"neow_cost":"NONE","seed_source_timestamp":33230939222247,"circlet_count":0,"master_deck":["Strike_R+1","Strike_R+1","Defend_R+1","Defend_R+1","Defend_R+1","Defend_R+1","Bash+1","Shrug It Off+1","Inflame+1","Headbutt+1","Metallicize+1","Warcry+1","Immolate+1","Metallicize+1","Pummel+1","Flame Barrier+1","Double Tap+1","Regret","Spot Weakness","Battle Trance","Shrug It Off","Warcry+1","Metallicize"],"relics":["Burning Blood","Golden Idol","Oddly Smooth Stone","Vajra","MawBank","Omamori","Toolbox","Matryoshka","Busted Crown","Enchiridion","Meat on the Bone","Dream Catcher","Happy Flower","Red Mask","Pen Nib","Calling Bell","Art of War","Mercury Hourglass","Torii","Lee\u0027s Waffle","Mango","Blood Vial","Bag of Preparation","Gremlin Horn","Kunai"],"potions_floor_usage":[14,28,44],"damage_taken":[{"damage":7,"enemies":"Small Slimes","floor":1,"turns":4},{"damage":61,"enemies":"Lagavulin","floor":6,"turns":9},{"damage":16,"enemies":"Gremlin Nob","floor":8,"turns":4},{"damage":5,"enemies":"Jaw Worm","floor":12,"turns":4},{"damage":16,"enemies":"3 Sentries","floor":14,"turns":9},{"damage":34,"enemies":"Slime Boss","floor":16,"turns":10},{"damage":12,"enemies":"Spheric Guardian","floor":18,"turns":4},{"damage":1,"enemies":"Shell Parasite","floor":20,"turns":6},{"damage":21,"enemies":"Snake Plant","floor":22,"turns":2},{"damage":14,"enemies":"Book of Stabbing","floor":24,"turns":5},{"damage":0,"enemies":"Snecko","floor":25,"turns":4},{"damage":0,"enemies":"Masked Bandits","floor":28,"turns":2},{"damage":38,"enemies":"Slavers","floor":29,"turns":4},{"damage":30,"enemies":"Collector","floor":33,"turns":7},{"damage":1,"enemies":"3 Darklings","floor":35,"turns":4},{"damage":0,"enemies":"Orb Walker","floor":36,"turns":2},{"damage":20,"enemies":"Jaw Worm Horde","floor":37,"turns":3},{"damage":5,"enemies":"Sphere and 2 Shapes","floor":38,"turns":4},{"damage":44,"enemies":"Giant Head","floor":40,"turns":8},{"damage":25,"enemies":"Nemesis","floor":42,"turns":5},{"damage":32,"enemies":"Writhing Mass","floor":44,"turns":5},{"damage":13,"enemies":"Reptomancer","floor":45,"turns":4},{"damage":47,"enemies":"Time Eater","floor":50,"turns":14}],"seed_played":"1150842738859710902","potions_obtained":[{"floor":8,"key":"Ancient Potion"},{"floor":12,"key":"Regen Potion"},{"floor":18,"key":"Swift Potion"},{"floor":24,"key":"AttackPotion"},{"floor":29,"key":"Energy Potion"},{"floor":45,"key":"Poison Potion"}],"is_trial":false,"path_per_floor":["M","?","?","?","?","E","R","E","T","R","$","M","R","E","R","B",null,"M","?","M","?","M","R","E","M","T","R","?","E","?","?","R","B",null,"M","M","M","M","$","E","R","E","T","M","E","?","?","$","R","B",null],"character_chosen":"IRONCLAD","items_purchased":["Toolbox","Metallicize","Warcry","Battle Trance","Lee\u0027s Waffle","Kunai","Metallicize"],"campfire_rested":2,"item_purchase_floors":[11,11,11,39,39,48,48],"current_hp_per_floor":[87,87,81,78,78,23,23,13,13,37,37,38,38,43,43,15,81,75,75,80,64,49,49,41,47,47,47,53,33,33,33,57,45,81,81,81,67,68,88,76,76,69,69,57,64,64,64,64,64,37],"gold":224,"neow_bonus":"TEN_PERCENT_HP_BONUS","is_prod":false,"is_daily":false,"chose_seed":false,"campfire_upgraded":7,"win_rate":0,"timestamp":1561221752,"path_taken":["M","?","?","?","?","E","R","E","T","R","$","M","R","E","R","BOSS","M","?","?","?","M","R","E","M","T","R","?","E","?","?","R","BOSS","M","?","M","M","$","E","R","E","T","M","E","?","?","$","R","BOSS"],"build_version":"2019-01-23","purchased_purges":3,"victory":true,"max_hp_per_floor":[88,88,81,81,81,81,81,81,81,81,81,81,81,81,81,81,81,81,81,81,81,81,81,81,81,81,81,81,81,81,81,81,81,81,81,81,81,81,88,102,102,102,102,102,102,102,102,102,102,102],"card_choices":[{"not_picked":["Power Through","Pummel"],"picked":"Shrug It Off","floor":1},{"not_picked":["Perfected Strike","Infernal Blade"],"picked":"Inflame","floor":6},{"not_picked":["Havoc","Seeing Red","Headbutt"],"picked":"SKIP","floor":8},{"not_picked":["Havoc","Seeing Red"],"picked":"Headbutt","floor":8},{"not_picked":["Wild Strike","Feel No Pain","Anger"],"picked":"SKIP","floor":12},{"not_picked":["Perfected Strike","Sentinel","Clash"],"picked":"SKIP","floor":14},{"not_picked":["Reaper","Double Tap"],"picked":"Immolate","floor":16},{"not_picked":["True Grit"],"picked":"SKIP","floor":18},{"not_picked":["Perfected Strike"],"picked":"SKIP","floor":20},{"not_picked":["Clothesline+1"],"picked":"SKIP","floor":22},{"not_picked":["Entrench"],"picked":"SKIP","floor":24},{"not_picked":["Perfected Strike"],"picked":"SKIP","floor":25},{"not_picked":[],"picked":"Pummel+1","floor":28},{"not_picked":["Power Through"],"picked":"SKIP","floor":29},{"not_picked":[],"picked":"Flame Barrier","floor":32},{"not_picked":[],"picked":"Double Tap","floor":33},{"not_picked":[],"picked":"Spot Weakness","floor":35},{"not_picked":["Armaments"],"picked":"SKIP","floor":36},{"not_picked":["Clash+1"],"picked":"SKIP","floor":37},{"not_picked":["Warcry"],"picked":"SKIP","floor":38},{"not_picked":["Thunderclap+1"],"picked":"SKIP","floor":40},{"not_picked":[],"picked":"Shrug It Off","floor":42},{"not_picked":["Body Slam+1"],"picked":"SKIP","floor":44},{"not_picked":[],"picked":"Warcry+1","floor":45}],"player_experience":995629,"relics_obtained":[{"floor":6,"key":"Vajra"},{"floor":8,"key":"MawBank"},{"floor":9,"key":"Omamori"},{"floor":14,"key":"Matryoshka"},{"floor":21,"key":"Enchiridion"},{"floor":24,"key":"Meat on the Bone"},{"floor":26,"key":"Dream Catcher"},{"floor":26,"key":"Happy Flower"},{"floor":28,"key":"Red Mask"},{"floor":29,"key":"Pen Nib"},{"floor":34,"key":"Art of War"},{"floor":34,"key":"Mercury Hourglass"},{"floor":34,"key":"Torii"},{"floor":40,"key":"Mango"},{"floor":42,"key":"Blood Vial"},{"floor":43,"key":"Bag of Preparation"},{"floor":45,"key":"Gremlin Horn"}],"event_choices":[{"damage_healed":0,"gold_gain":0,"player_choice":"Grow","damage_taken":0,"max_hp_gain":0,"max_hp_loss":0,"event_name":"Living Wall","floor":2,"gold_loss":0,"cards_upgraded":["Bash"]},{"damage_healed":0,"gold_gain":0,"player_choice":"Lose Max HP","damage_taken":0,"relics_obtained":["Golden Idol"],"max_hp_gain":0,"max_hp_loss":7,"event_name":"Golden Idol","floor":3,"gold_loss":0},{"damage_healed":0,"gold_gain":0,"player_choice":"Success","damage_taken":3,"relics_obtained":["Oddly Smooth Stone"],"max_hp_gain":0,"max_hp_loss":0,"event_name":"Scrap Ooze","floor":4,"gold_loss":0},{"damage_healed":0,"gold_gain":175,"player_choice":"AGREE","damage_taken":0,"max_hp_gain":0,"max_hp_loss":0,"event_name":"Liars Game","floor":5,"gold_loss":0,"cards_obtained":["Doubt"]},{"damage_healed":0,"gold_gain":0,"player_choice":"Copied","damage_taken":0,"max_hp_gain":0,"max_hp_loss":0,"event_name":"Duplicator","floor":19,"gold_loss":0,"cards_obtained":["Metallicize"]},{"damage_healed":0,"gold_gain":0,"player_choice":"Obtained Book","damage_taken":16,"max_hp_gain":0,"max_hp_loss":0,"event_name":"Cursed Tome","floor":21,"gold_loss":0},{"damage_healed":0,"gold_gain":0,"player_choice":"Fought Bandits","damage_taken":0,"max_hp_gain":0,"max_hp_loss":0,"event_name":"Masked Bandits","floor":28,"gold_loss":0},{"damage_healed":0,"gold_gain":0,"player_choice":"Simplicity","damage_taken":0,"max_hp_gain":0,"max_hp_loss":0,"event_name":"Back to Basics","floor":30,"gold_loss":0,"cards_upgraded":["Strike_R","Strike_R","Strike_R","Strike_R","Strike_R","Defend_R","Defend_R","Defend_R","Defend_R"]},{"damage_healed":0,"gold_gain":0,"player_choice":"Upgraded","damage_taken":0,"max_hp_gain":0,"max_hp_loss":0,"event_name":"Upgrade Shrine","floor":31,"gold_loss":0,"cards_upgraded":["Shrug It Off"]},{"damage_healed":0,"gold_gain":222,"player_choice":"Wore Mask","damage_taken":0,"max_hp_gain":0,"max_hp_loss":0,"event_name":"Tomb of Lord Red Mask","floor":46,"gold_loss":0},{"cards_removed":["Strike_R"],"damage_healed":0,"gold_gain":0,"player_choice":"Purged","damage_taken":0,"max_hp_gain":0,"max_hp_loss":0,"event_name":"Purifier","floor":47,"gold_loss":0}],"is_beta":false,"boss_relics":[{"not_picked":["Black Blood","Runic Dome"],"picked":"Busted Crown"},{"not_picked":["Runic Cube","Velvet Choker"],"picked":"Calling Bell"}],"items_purged_floors":[11,39,48],"is_endless":false,"potions_floor_spawned":[8,12,18,24,25,29,35,36,38,45],"ascension_level":1}