{"gold_per_floor":[366,377,169,169,26,26,61,61,61,94,108,108,108,119,119,216,216,233,246,261,261,33,33,33,33,33,51,51,65,65,80,80,178,178,189,202,202,46,59,84,84,115,139,139,39,39,58,76,76,76],"floor_reached":50,"playtime":2846,"items_purged":["Strike_G","Dagger Spray"],"score":612,"play_id":"fc70c240-35ae-4d7e-9e02-d9dc1fbf2c7f","local_time":"20180804195221","is_ascension_mode":true,"campfire_choices":[{"data":"Footwork","floor":6.0,"key":"SMITH"},{"floor":8.0,"key":"REST"},{"floor":13.0,"key":"REST"},{"data":"Deadly Poison","floor":15.0,"key":"SMITH"},{"data":"Noxious Fumes","floor":23.0,"key":"SMITH"},{"data":"Leg Sweep","floor":25.0,"key":"SMITH"},{"data":"Bane","floor":28.0,"key":"SMITH"},{"data":"Neutralize","floor":30.0,"key":"SMITH"},{"floor":32.0,"key":"REST"},{"floor":41.0,"key":"REST"},{"floor":44.0,"key":"REST"},{"floor":46.0,"key":"REST"},{"floor":49,"key":"REST"}],"neow_cost":"TEN_PERCENT_HP_LOSS","seed_source_timestamp":10316331339573,"circlet_count":0,"master_deck":["Survivor","Neutralize+1","Leg Sweep+1","Dagger Spray","Footwork+1","Dagger Throw","Backflip+1","Deadly Poison+1","PiercingWail+1","Noxious Fumes+1","Bane+1","Skewer+1","Die Die Die","Escape Plan","Dodge and Roll","Tactician","Footwork","Deadly Poison","Cloak And Dagger+1","Caltrops","Catalyst","Crippling Poison+1"],"special_seed":0,"relics":["Ring of the Snake","Happy Flower","Darkstone Periapt","Bag of Marbles","Bag of Preparation","Bronze Scales","Velvet Choker","Oddly Smooth Stone","Kunai","Pandora\u0027s Box","Anchor","Incense Burner","Letter Opener","War Paint"],"potions_floor_usage":[48,50],"damage_taken":[{"damage":5.0,"enemies":"Small Slimes","floor":1.0,"turns":4.0},{"damage":2.0,"enemies":"Cultist","floor":2.0,"turns":5.0},{"damage":25.0,"enemies":"Gremlin Nob","floor":7.0,"turns":6.0},{"damage":12.0,"enemies":"3 Sentries","floor":10.0,"turns":10.0},{"damage":0.0,"enemies":"2 Louse","floor":11.0,"turns":2.0},{"damage":0.0,"enemies":"Gremlin Gang","floor":14.0,"turns":2.0},{"damage":19.0,"enemies":"Hexaghost","floor":16.0,"turns":9.0},{"damage":4.0,"enemies":"Shell Parasite","floor":18.0,"turns":4.0},{"damage":0.0,"enemies":"Spheric Guardian","floor":19.0,"turns":6.0},{"damage":2.0,"enemies":"Snake Plant","floor":20.0,"turns":5.0},{"damage":0.0,"enemies":"Slaver and Parasite","floor":27.0,"turns":6.0},{"damage":13.0,"enemies":"Snecko","floor":29.0,"turns":4.0},{"damage":4.0,"enemies":"Cultist and Chosen","floor":31.0,"turns":5.0},{"damage":38.0,"enemies":"Champ","floor":33.0,"turns":11.0},{"damage":16.0,"enemies":"Orb Walker","floor":35.0,"turns":4.0},{"damage":22.0,"enemies":"Flame Bruiser 1 Orb","floor":36.0,"turns":3.0},{"damage":0.0,"enemies":"Maw","floor":39.0,"turns":7.0},{"damage":3.0,"enemies":"Nemesis","floor":40.0,"turns":7.0},{"damage":35.0,"enemies":"Giant Head","floor":42.0,"turns":9.0},{"damage":21.0,"enemies":"Spire Growth","floor":47.0,"turns":5.0},{"damage":0,"enemies":"Flame Bruiser 2 Orb","floor":48,"turns":7},{"damage":39,"enemies":"Time Eater","floor":50,"turns":3}],"seed_played":"-206247386925944747","potions_obtained":[{"floor":1.0,"key":"LiquidBronze"},{"floor":7.0,"key":"SteroidPotion"},{"floor":10.0,"key":"Fire Potion"},{"floor":18.0,"key":"Weak Potion"},{"floor":33.0,"key":"EssenceOfSteel"},{"floor":39.0,"key":"SpeedPotion"},{"floor":40.0,"key":"FearPotion"}],"is_trial":false,"path_per_floor":["M","M","$","?","$","R","E","R","T","E","M","?","R","M","R","B",null,"M","M","M","?","$","R","$","R","T","M","R","M","R","M","R","B",null,"M","M","?","$","M","E","R","E","T","R","$","R","M","M","R"],"character_chosen":"THE_SILENT","items_purchased":["Footwork","Dagger Throw","Happy Flower","Noxious Fumes","Oddly Smooth Stone","Anchor"],"campfire_rested":7,"item_purchase_floors":[3,3,5,22,22,38],"current_hp_per_floor":[58,56,56,49,49,49,24,42,42,30,30,30,48,48,48,29,63,59,59,57,57,57,57,57,57,57,57,57,44,44,40,58,20,63,47,25,25,25,25,22,40,5,5,23,23,41,20,20,38,0],"gold":76,"neow_bonus":"TWO_FIFTY_GOLD","is_prod":false,"is_daily":false,"chose_seed":false,"campfire_upgraded":6,"win_rate":0,"timestamp":1533401541,"path_taken":["M","M","$","?","$","R","E","R","T","E","M","?","R","M","R","BOSS","M","M","?","?","$","R","$","R","T","M","R","M","R","M","R","BOSS","M","M","?","$","M","E","R","E","T","R","$","R","?","M","R","BOSS"],"build_version":"2018-08-02","purchased_purges":2,"victory":false,"max_hp_per_floor":[63,63,63,63,63,63,63,63,63,63,63,63,63,63,63,63,63,63,63,63,63,63,63,63,63,63,63,63,63,63,63,63,63,63,63,63,63,63,63,63,63,63,63,63,63,63,63,63,63,63],"card_choices":[{"not_picked":["Expertise","Slice"],"picked":"Leg Sweep","floor":1.0},{"not_picked":["Prepared","Acrobatics"],"picked":"Dagger Spray","floor":2.0},{"not_picked":["Dagger Spray","Well Laid Plans"],"picked":"Backflip","floor":7.0},{"not_picked":["Choke","PiercingWail"],"picked":"Deadly Poison","floor":10.0},{"not_picked":["Bane","Footwork","Dagger Throw"],"picked":"SKIP","floor":11.0},{"not_picked":["Bane","Calculated Gamble","Predator"],"picked":"SKIP","floor":14.0},{"not_picked":["Deflect","Reflex","Predator"],"picked":"SKIP","floor":18.0},{"not_picked":["Dagger Spray","Dodge and Roll","Outmaneuver"],"picked":"SKIP","floor":19.0},{"not_picked":["Underhanded Strike+1","Riddle With Holes"],"picked":"PiercingWail+1","floor":20.0},{"not_picked":["Dodge and Roll","Backflip"],"picked":"Bane","floor":27.0},{"not_picked":["Poisoned Stab","Prepared+1"],"picked":"Skewer+1","floor":29.0},{"not_picked":["Prepared","Skewer","PiercingWail"],"picked":"SKIP","floor":31.0},{"not_picked":["Storm of Steel","Venomology"],"picked":"Die Die Die","floor":33.0},{"not_picked":["Slice","Prepared","Footwork"],"picked":"SKIP","floor":35.0},{"not_picked":["Poisoned Stab","Flying Knee+1","Eviscerate"],"picked":"SKIP","floor":36.0},{"not_picked":["Leg Sweep+1","Eviscerate+1","Calculated Gamble+1"],"picked":"SKIP","floor":39.0},{"not_picked":["Distraction","PiercingWail","Flying Knee"],"picked":"SKIP","floor":40.0},{"not_picked":["Skewer+1","Underhanded Strike+1"],"picked":"Catalyst","floor":42.0},{"not_picked":["Eviscerate","Dodge and Roll","Leg Sweep+1"],"picked":"SKIP","floor":47.0},{"not_picked":["Dagger Throw","Accuracy+1"],"picked":"Crippling Poison+1","floor":48}],"player_experience":404905,"relics_obtained":[{"floor":7.0,"key":"Darkstone Periapt"},{"floor":9.0,"key":"Bag of Marbles"},{"floor":10.0,"key":"Bag of Preparation"},{"floor":26.0,"key":"Kunai"},{"floor":40.0,"key":"Incense Burner"},{"floor":42.0,"key":"Letter Opener"},{"floor":43.0,"key":"War Paint"}],"event_choices":[{"event_name":"Golden Wing","player_choice":"Card Removal","floor":4.0,"damage_taken":0.0},{"event_name":"WeMeetAgain","player_choice":"Potion","floor":12.0,"damage_taken":0.0},{"event_name":"Drug Dealer","player_choice":"Ignored","floor":21.0,"damage_taken":0.0},{"event_name":"Tomb of Lord Red Mask","player_choice":"Ignored","floor":37.0,"damage_taken":0.0}],"is_beta":false,"boss_relics":[{"not_picked":["Busted Crown","White Beast Statue"],"picked":"Velvet Choker"},{"not_picked":["Fusion Hammer","Cursed Key"],"picked":"Pandora\u0027s Box"}],"items_purged_floors":[3,45],"is_endless":false,"potions_floor_spawned":[1,7,10,18,20,29,31,33,39,40],"killed_by":"Time Eater","ascension_level":4}