{"gold_per_floor":[112,112,63,79,29,29,62,62,62,82,105,136,136,152,152,231,231,244,444,444,543,556,556,573,573,599,616,642,642,312,338,338,416,416,432,432,450,550,567,567,618,618,643,643,178,204,217,235,235,235],"floor_reached":50,"playtime":1934,"items_purged":["Strike_R+1","Strike_R+1"],"score":868,"play_id":"5742ace8-eeb4-4bfa-8902-9a2778d5b33c","local_time":"20180807064221","is_ascension_mode":true,"campfire_choices":[{"data":"Flex","floor":6.0,"key":"SMITH"},{"floor":8.0,"key":"REST"},{"data":"Heavy Blade","floor":13.0,"key":"SMITH"},{"data":"Flex","floor":15.0,"key":"SMITH"},{"data":"Pommel Strike","floor":23.0,"key":"SMITH"},{"data":"Shockwave","floor":25.0,"key":"SMITH"},{"data":"Double Tap","floor":29.0,"key":"SMITH"},{"floor":32.0,"key":"REST"},{"floor":40.0,"key":"REST"},{"data":"Sword Boomerang","floor":42.0,"key":"SMITH"},{"data":"Dropkick","floor":44.0,"key":"SMITH"},{"floor":49,"key":"REST"}],"neow_cost":"NONE","seed_source_timestamp":53791137264201,"circlet_count":0,"master_deck":["Strike_R+1","Defend_R+1","Defend_R+1","Defend_R+1","Defend_R+1","Bash+1","AscendersBane","Anger","Flex+1","Pommel Strike+1","Clothesline","Flex+1","Heavy Blade+1","Shockwave+1","Double Tap+1","Shrug It Off+1","Metallicize","Sword Boomerang+1","Impervious","Finesse","Dropkick+1","Thinking Ahead"],"special_seed":0,"relics":["Burning Blood","Lantern","Kunai","Odd Mushroom","Anchor","Sozu","Strawberry","Red Mask","Omamori","Regal Pillow","Eternal Feather","Sundial","Orichalcum","Bronze Scales","Pear"],"potions_floor_usage":[],"damage_taken":[{"damage":5.0,"enemies":"Small Slimes","floor":1.0,"turns":4.0},{"damage":6.0,"enemies":"Cultist","floor":4.0,"turns":3.0},{"damage":44.0,"enemies":"3 Sentries","floor":7.0,"turns":8.0},{"damage":3.0,"enemies":"2 Louse","floor":10.0,"turns":2.0},{"damage":9.0,"floor":11.0,"turns":4.0},{"damage":15.0,"enemies":"Lagavulin","floor":12.0,"turns":3.0},{"damage":0.0,"enemies":"Blue Slaver","floor":14.0,"turns":1.0},{"damage":27.0,"enemies":"Hexaghost","floor":16.0,"turns":9.0},{"damage":4.0,"enemies":"Shell Parasite","floor":18.0,"turns":4.0},{"damage":13.0,"enemies":"2 Thieves","floor":22.0,"turns":4.0},{"damage":0.0,"enemies":"Snake Plant","floor":24.0,"turns":3.0},{"damage":4.0,"enemies":"Cultist and Chosen","floor":27.0,"turns":4.0},{"damage":15.0,"floor":28.0,"turns":4.0},{"damage":19.0,"enemies":"Slavers","floor":31.0,"turns":7.0},{"damage":73.0,"enemies":"Collector","floor":33.0,"turns":8.0},{"damage":10.0,"enemies":"3 Darklings","floor":35.0,"turns":7.0},{"damage":8.0,"enemies":"3 Shapes","floor":37.0,"turns":9.0},{"damage":52.0,"enemies":"3 Darklings","floor":39.0,"turns":6.0},{"damage":26.0,"floor":41.0,"turns":8.0},{"damage":55,"enemies":"2 Orb Walkers","floor":46,"turns":7},{"damage":0,"enemies":"Maw","floor":47,"turns":8},{"damage":0,"enemies":"Spire Growth","floor":48,"turns":4},{"damage":106,"enemies":"Time Eater","floor":50,"turns":14}],"seed_played":"8882670087702470805","potions_obtained":[{"floor":7.0,"key":"AttackPotion"},{"floor":10.0,"key":"Explosive Potion"},{"floor":14.0,"key":"Swift Potion"}],"is_trial":false,"path_per_floor":["M","?","$","M","?","R","E","R","T","M","?","E","R","M","R","B",null,"M","?","?","?","M","R","M","R","T","M","?","R","$","E","R","B",null,"M","?","M","?","M","R","?","R","T","R","$","E","M","M","R"],"character_chosen":"IRONCLAD","items_purchased":["Flex","Metallicize","Omamori","Sword Boomerang","Bronze Scales","Thinking Ahead"],"campfire_rested":4,"item_purchase_floors":[3,30,30,30,45,45],"current_hp_per_floor":[69,69,69,69,69,69,31,53,53,56,53,44,44,50,50,29,64,66,66,66,66,59,59,65,65,72,74,65,65,65,52,82,15,65,61,61,59,59,13,64,44,56,56,68,68,29,35,41,92,0],"gold":235,"neow_bonus":"UPGRADE_CARD","is_prod":false,"is_daily":false,"chose_seed":false,"campfire_upgraded":8,"win_rate":0,"timestamp":1533613341,"path_taken":["M","?","$","M","?","R","E","R","T","M","?","E","R","M","R","BOSS","M","?","?","?","M","R","M","R","T","M","?","R","$","E","R","BOSS","M","?","M","?","M","R","?","R","T","R","$","E","?","?","R","BOSS"],"build_version":"2018-08-02","purchased_purges":2,"victory":false,"max_hp_per_floor":[75,75,75,75,75,75,75,75,75,75,75,75,75,75,75,75,75,75,75,75,75,75,75,75,75,82,82,82,82,82,82,82,82,82,82,82,82,82,82,82,82,82,82,82,82,92,92,92,92,92],"card_choices":[{"not_picked":["Headbutt","Thunderclap"],"picked":"Anger","floor":1.0},{"not_picked":["Cleave","Perfected Strike"],"picked":"Pommel Strike","floor":4.0},{"not_picked":["Fire Breathing","Rage"],"picked":"Clothesline","floor":7.0},{"not_picked":["Blood for Blood","Flex","Brutality"],"picked":"SKIP","floor":10.0},{"not_picked":["Blood for Blood","Brutality"],"picked":"Flex","floor":10.0},{"not_picked":["Twin Strike","Bloodletting"],"picked":"Heavy Blade","floor":12.0},{"not_picked":["Fire Breathing","Iron Wave"],"picked":"Shockwave","floor":14.0},{"not_picked":["Demon Form","Juggernaut"],"picked":"Double Tap","floor":16.0},{"not_picked":["Shockwave","Entrench","Clothesline"],"picked":"SKIP","floor":18.0},{"not_picked":["Rupture","Blood for Blood","Pommel Strike"],"picked":"SKIP","floor":22.0},{"not_picked":["Carnage","Heavy Blade"],"picked":"Shrug It Off+1","floor":24.0},{"not_picked":["Corruption","Clash","Warcry"],"picked":"SKIP","floor":27.0},{"not_picked":["Carnage","Body Slam","Cleave"],"picked":"SKIP","floor":31.0},{"not_picked":["Double Tap","Berserk"],"picked":"Impervious","floor":33.0},{"not_picked":["Ghostly Armor","Headbutt+1","Sever Soul"],"picked":"SKIP","floor":35.0},{"not_picked":["Panache","Magnetism"],"picked":"Finesse","floor":36.0},{"not_picked":["Rampage","True Grit+1","Clothesline+1"],"picked":"SKIP","floor":37.0},{"not_picked":["Clash","Feel No Pain"],"picked":"Dropkick","floor":39.0},{"not_picked":["Clash","Evolve+1","Pommel Strike"],"picked":"SKIP","floor":46},{"not_picked":["Flex","Power Through","Havoc+1"],"picked":"SKIP","floor":47},{"not_picked":["Havoc","Armaments","Feel No Pain"],"picked":"SKIP","floor":48}],"player_experience":410825,"relics_obtained":[{"floor":7.0,"key":"Lantern"},{"floor":9.0,"key":"Kunai"},{"floor":11.0,"key":"Odd Mushroom"},{"floor":12.0,"key":"Anchor"},{"floor":26.0,"key":"Strawberry"},{"floor":28.0,"key":"Red Mask"},{"floor":31.0,"key":"Regal Pillow"},{"floor":41.0,"key":"Sundial"},{"floor":43.0,"key":"Orichalcum"},{"floor":46,"key":"Pear"}],"event_choices":[{"event_name":"Bonfire Elementals","player_choice":"BASIC","floor":2.0,"damage_taken":0.0},{"event_name":"The Cleric","player_choice":"Card Removal","floor":5.0,"damage_taken":0.0},{"event_name":"Mushrooms","player_choice":"Fought Mushrooms","floor":11.0,"damage_taken":0.0},{"event_name":"Wheel of Change","player_choice":"Gold","floor":19.0,"damage_taken":0.0},{"event_name":"Back to Basics","player_choice":"Simplicity","floor":20.0,"damage_taken":0.0},{"event_name":"Nest","player_choice":"Stole From Cult","floor":21.0,"damage_taken":0.0},{"event_name":"Masked Bandits","player_choice":"Fought over 616 gold","floor":28.0,"damage_taken":0.0},{"event_name":"SensoryStone","player_choice":"Memory 1","floor":36.0,"damage_taken":0.0},{"event_name":"Golden Shrine","player_choice":"Pray","floor":38.0,"damage_taken":0.0},{"event_name":"Mysterious Sphere","player_choice":"Fight","floor":41.0,"damage_taken":0.0}],"is_beta":false,"boss_relics":[{"not_picked":["Black Star","Lizard Tail"],"picked":"Sozu"},{"not_picked":["Snecko Eye","Pandora\u0027s Box"],"picked":"Eternal Feather"}],"items_purged_floors":[30,45],"is_endless":false,"potions_floor_spawned":[7,10,11,14,24,27,28,31,37,39,41,46],"killed_by":"Time Eater","ascension_level":14}