{"gold_per_floor":[116,135,25,125,86,117,117,128,128,128,94,94,109,119,119,119],"floor_reached":16,"playtime":839,"items_purged":["Strike_G"],"score":140,"play_id":"24ca1441-b7c2-4deb-b111-5103598098ad","local_time":"20180918093731","is_ascension_mode":true,"campfire_choices":[{"data":"Noxious Fumes","floor":7,"key":"SMITH"},{"floor":10,"key":"REST"},{"floor":15,"key":"REST"}],"neow_cost":"NONE","seed_source_timestamp":33519828495809,"circlet_count":0,"master_deck":["Defend_G","Defend_G","Defend_G","Defend_G","Defend_G","Strike_G","Strike_G","Strike_G","Strike_G","Survivor","Neutralize","Dash","Prepared","Noxious Fumes+1","Infinite Blades","Footwork","Footwork","Catalyst"],"relics":["Ring of the Snake","Dodecahedron","Potion Belt"],"potions_floor_usage":[6,6,14],"damage_taken":[{"damage":0,"enemies":"Cultist","floor":1,"turns":4},{"damage":1,"enemies":"Jaw Worm","floor":2,"turns":3},{"damage":39,"enemies":"Gremlin Nob","floor":6,"turns":6},{"damage":13,"enemies":"2 Louse","floor":8,"turns":2},{"damage":14,"enemies":"Exordium Thugs","floor":13,"turns":6},{"damage":4,"enemies":"Looter","floor":14,"turns":4},{"damage":36,"enemies":"The Guardian","floor":16,"turns":2}],"seed_played":"1852762732701434938","potions_obtained":[{"floor":1,"key":"Weak Potion"},{"floor":2,"key":"FearPotion"},{"floor":13,"key":"Explosive Potion"}],"is_trial":false,"path_per_floor":["M","M","$","?","$","E","R","M","T","R","$","?","M","M","R"],"character_chosen":"THE_SILENT","items_purchased":["Noxious Fumes","Infinite Blades","Footwork"],"campfire_rested":2,"item_purchase_floors":[3,5,11],"current_hp_per_floor":[63,62,62,62,62,23,23,10,10,31,31,31,17,13,34,0],"gold":119,"neow_bonus":"THREE_CARDS","is_prod":false,"is_daily":false,"chose_seed":false,"campfire_upgraded":1,"win_rate":0,"timestamp":1537288651,"path_taken":["M","?","$","?","?","E","R","M","T","R","$","?","M","?","R","BOSS"],"build_version":"2018-09-06","purchased_purges":1,"victory":false,"max_hp_per_floor":[70,70,70,70,70,70,70,70,70,70,70,70,70,70,70,70],"card_choices":[{"not_picked":["Poisoned Stab","Blade Dance"],"picked":"Dash","floor":0},{"not_picked":["Reflex","Poisoned Stab","Heel Hook"],"picked":"SKIP","floor":1},{"not_picked":["Blade Dance","Skewer"],"picked":"Prepared","floor":2},{"not_picked":["Calculated Gamble","Choke","Bane"],"picked":"SKIP","floor":6},{"not_picked":["Dodge and Roll","Flechettes","Bouncing Flask"],"picked":"SKIP","floor":8},{"not_picked":["Dagger Spray","Finisher"],"picked":"Catalyst","floor":13},{"not_picked":["PiercingWail","Bane","Sucker Punch"],"picked":"SKIP","floor":14}],"player_experience":310845,"relics_obtained":[{"floor":6,"key":"Dodecahedron"},{"floor":9,"key":"Potion Belt"}],"event_choices":[{"event_name":"Golden Shrine","player_choice":"Pray","floor":4,"damage_taken":0},{"event_name":"Match and Keep!","player_choice":"1 cards matched","floor":12,"damage_taken":0}],"is_beta":false,"boss_relics":[],"items_purged_floors":[3],"is_endless":false,"potions_floor_spawned":[1,2,13],"killed_by":"The Guardian","ascension_level":8}