{"gold_per_floor":[111,131,148,148,161,187,187,187,187,187,214,214,232,249,249,322,322,339,339,358,369,294,320,320,320],"floor_reached":25,"playtime":597,"items_purged":[],"score":408,"play_id":"76c73c3e-65dc-4597-848e-140dd340ab0d","local_time":"20190414200909","is_ascension_mode":true,"campfire_choices":[{"floor":7,"key":"REST"},{"floor":12,"key":"REST"},{"data":"Demon Form","floor":15,"key":"SMITH"},{"floor":24,"key":"REST"}],"neow_cost":"NONE","seed_source_timestamp":8977027088221,"circlet_count":0,"master_deck":["AscendersBane","Strike_R+1","Strike_R+1","Strike_R+1","Strike_R+1","Strike_R+1","Defend_R+1","Defend_R+1","Defend_R+1","Defend_R+1","Bash","Spot Weakness","Battle Trance","Clothesline+1","Demon Form+1","Sword Boomerang","Ghostly Armor"],"relics":["Burning Blood","NeowsBlessing","Lantern","Singing Bowl","Blood Vial","Red Skull","Sozu","Bird Faced Urn"],"potions_floor_usage":[6,11,16,23],"damage_taken":[{"damage":0,"enemies":"2 Louse","floor":1,"turns":1},{"damage":0,"enemies":"Small Slimes","floor":2,"turns":1},{"damage":0,"enemies":"Jaw Worm","floor":3,"turns":1},{"damage":24,"enemies":"Lots of Slimes","floor":5,"turns":5},{"damage":35,"enemies":"3 Sentries","floor":6,"turns":6},{"damage":25,"enemies":"Lagavulin","floor":11,"turns":6},{"damage":8,"enemies":"Looter","floor":13,"turns":2},{"damage":6,"enemies":"Blue Slaver","floor":14,"turns":3},{"damage":40,"enemies":"Slime Boss","floor":16,"turns":4},{"damage":22,"enemies":"3 Byrds","floor":18,"turns":5},{"damage":14,"enemies":"2 Thieves","floor":20,"turns":3},{"damage":32,"enemies":"3 Cultists","floor":21,"turns":5},{"damage":37,"enemies":"Book of Stabbing","floor":23,"turns":5},{"damage":40,"enemies":"Slavers","floor":25,"turns":2}],"seed_played":"-6172492803722249399","potions_obtained":[{"floor":1,"key":"Dexterity Potion"},{"floor":3,"key":"Fire Potion"},{"floor":6,"key":"SpeedPotion"},{"floor":11,"key":"Regen Potion"},{"floor":16,"key":"Regen Potion"}],"is_trial":false,"path_per_floor":["M","M","M","?","M","E","R","?","T","?","E","R","M","M","R","B",null,"M","?","M","M","?","E","R","E"],"character_chosen":"IRONCLAD","items_purchased":[],"campfire_rested":3,"item_purchase_floors":[],"current_hp_per_floor":[74,75,75,75,57,28,50,24,24,24,7,29,31,35,35,17,65,53,53,49,27,27,12,38,0],"gold":320,"neow_bonus":"THREE_ENEMY_KILL","is_prod":false,"is_daily":false,"chose_seed":false,"campfire_upgraded":1,"win_rate":0,"timestamp":1555261749,"path_taken":["M","M","M","?","M","E","R","?","T","?","E","R","?","M","R","BOSS","M","?","M","M","?","E","R","E"],"build_version":"2019-01-23","purchased_purges":0,"victory":false,"max_hp_per_floor":[75,75,75,75,75,75,75,75,75,75,75,75,77,79,79,81,81,83,83,85,87,87,87,87,87],"card_choices":[{"not_picked":["Clash","Anger"],"picked":"Spot Weakness","floor":1},{"not_picked":["Cleave","Thunderclap"],"picked":"Battle Trance","floor":2},{"not_picked":["Flex","Body Slam"],"picked":"Clothesline","floor":3},{"not_picked":["Perfected Strike","Clothesline","Havoc"],"picked":"SKIP","floor":5},{"not_picked":["Sever Soul","Pommel Strike"],"picked":"Demon Form","floor":6},{"not_picked":["Disarm","Clash"],"picked":"Sword Boomerang","floor":11},{"not_picked":["Warcry","Carnage","Wild Strike"],"picked":"Singing Bowl","floor":13},{"not_picked":["Corruption","Evolve","True Grit"],"picked":"Singing Bowl","floor":14},{"not_picked":["Berserk","Brutality","Exhume"],"picked":"Singing Bowl","floor":16},{"not_picked":["Heavy Blade","Perfected Strike","Cleave"],"picked":"Singing Bowl","floor":18},{"not_picked":["Thunderclap","Armaments","Seeing Red"],"picked":"Singing Bowl","floor":20},{"not_picked":["Seeing Red","Armaments","Reckless Charge+1"],"picked":"Singing Bowl","floor":21},{"not_picked":["Berserk","Sword Boomerang"],"picked":"Ghostly Armor","floor":23}],"player_experience":847538,"relics_obtained":[{"floor":6,"key":"Lantern"},{"floor":9,"key":"Blood Vial"},{"floor":11,"key":"Red Skull"},{"floor":23,"key":"Bird Faced Urn"}],"event_choices":[{"damage_healed":0,"gold_gain":0,"player_choice":"Grow","damage_taken":0,"max_hp_gain":0,"max_hp_loss":0,"event_name":"Living Wall","floor":4,"gold_loss":0,"cards_upgraded":["Clothesline"]},{"damage_healed":0,"gold_gain":0,"player_choice":"Success","damage_taken":26,"relics_obtained":["Singing Bowl"],"max_hp_gain":0,"max_hp_loss":0,"event_name":"Scrap Ooze","floor":8,"gold_loss":0},{"damage_healed":0,"gold_gain":0,"player_choice":"Cursed","damage_taken":0,"max_hp_gain":0,"max_hp_loss":0,"event_name":"Wheel of Change","floor":10,"gold_loss":0,"cards_obtained":["Decay"]},{"damage_healed":0,"gold_gain":0,"player_choice":"Simplicity","damage_taken":0,"max_hp_gain":0,"max_hp_loss":0,"event_name":"Back to Basics","floor":19,"gold_loss":0,"cards_upgraded":["Strike_R","Strike_R","Strike_R","Strike_R","Strike_R","Defend_R","Defend_R","Defend_R","Defend_R"]},{"cards_removed":["Decay"],"damage_healed":0,"gold_gain":0,"player_choice":"Gave Gold","damage_taken":0,"max_hp_gain":0,"max_hp_loss":0,"event_name":"Beggar","floor":22,"gold_loss":75}],"is_beta":false,"boss_relics":[{"not_picked":["Calling Bell","Empty Cage"],"picked":"Sozu"}],"items_purged_floors":[],"is_endless":false,"potions_floor_spawned":[1,3,6,11,13,16,21],"killed_by":"Slavers","ascension_level":15}