{"gold_per_floor":[113,63,79,79,98,128,139,166,189,201,213,225,257,289,301,313],"floor_reached":16,"playtime":1142,"items_purged":[],"score":123,"play_id":"0edd396a-2ed2-4bf6-972f-6f2a20ce3c04","local_time":"20180820101625","is_ascension_mode":true,"campfire_choices":[{"data":"Infernal Blade","floor":10,"key":"SMITH"},{"floor":12,"key":"REST"},{"floor":15,"key":"REST"}],"neow_cost":"","seed_source_timestamp":55857046777152,"circlet_count":0,"master_deck":["Strike_R","Strike_R","Strike_R","Strike_R","Defend_R","Defend_R","Defend_R","Defend_R","Bash","Blood for Blood","Sword Boomerang","Shrug It Off","Rampage","Rupture","Infernal Blade+1","Rampage","Perfected Strike","Wild Strike","Pommel Strike"],"relics":["Burning Blood","Potion Belt","Centennial Puzzle","MawBank","Bottled Tornado"],"potions_floor_usage":[6,7,13,16],"damage_taken":[{"damage":5,"enemies":"2 Louse","floor":1,"turns":3},{"damage":13,"enemies":"Jaw Worm","floor":3,"turns":4},{"damage":5,"enemies":"Small Slimes","floor":5,"turns":4},{"damage":28,"enemies":"Gremlin Nob","floor":6,"turns":4},{"damage":3,"enemies":"3 Louse","floor":7,"turns":4},{"damage":49,"enemies":"Lagavulin","floor":8,"turns":8},{"damage":19,"enemies":"Gremlin Gang","floor":13,"turns":4},{"damage":9,"enemies":"Red Slaver","floor":14,"turns":3},{"damage":46,"enemies":"The Guardian","floor":16,"turns":11}],"seed_played":"-2992970947110937912","potions_obtained":[{"floor":5,"key":"PowerPotion"},{"floor":6,"key":"Fire Potion"},{"floor":7,"key":"GamblersBrew"},{"floor":14,"key":"GamblersBrew"}],"is_trial":false,"path_per_floor":["M","?","M","?","M","E","M","E","T","R","T","R","M","M","R"],"character_chosen":"IRONCLAD","items_purchased":[],"campfire_rested":2,"item_purchase_floors":[],"current_hp_per_floor":[80,80,73,73,74,52,55,12,12,12,12,36,23,20,44,0],"gold":313,"neow_bonus":"","is_prod":false,"is_daily":false,"chose_seed":false,"campfire_upgraded":1,"win_rate":0,"timestamp":1534785385,"path_taken":["M","?","M","?","M","E","M","E","T","R","?","R","M","M","R","BOSS"],"build_version":"2018-08-16","purchased_purges":0,"victory":false,"max_hp_per_floor":[80,80,80,80,80,80,80,80,80,80,80,80,80,80,80,80],"card_choices":[{"not_picked":["Clash","Warcry"],"picked":"Blood for Blood","floor":1},{"not_picked":["Armaments","Warcry"],"picked":"Sword Boomerang","floor":3},{"not_picked":["Iron Wave","Wild Strike"],"picked":"Rupture","floor":5},{"not_picked":["Iron Wave","Dropkick"],"picked":"Infernal Blade","floor":6},{"not_picked":["Pommel Strike","Reckless Charge"],"picked":"Rampage","floor":7},{"not_picked":["Iron Wave","Dual Wield"],"picked":"Perfected Strike","floor":8},{"not_picked":["Twin Strike","Disarm"],"picked":"Wild Strike","floor":13},{"not_picked":["Metallicize","Clothesline"],"picked":"Pommel Strike","floor":14}],"player_experience":132876,"relics_obtained":[{"floor":6,"key":"Potion Belt"},{"floor":8,"key":"Centennial Puzzle"},{"floor":9,"key":"MawBank"},{"floor":11,"key":"Bottled Tornado"}],"event_choices":[{"event_name":"The Cleric","player_choice":"Card Removal","floor":2,"damage_taken":0},{"event_name":"Match and Keep!","player_choice":"2 cards matched","floor":4,"damage_taken":0}],"is_beta":false,"boss_relics":[],"items_purged_floors":[],"is_endless":false,"potions_floor_spawned":[5,6,7,14],"killed_by":"The Guardian","ascension_level":2}