{"gold_per_floor":[112,112,37,53,53,66,92,92,92,109,109,209,221,221,221,325,325,345,361,361,374,374,399,399,425,425,451,9,41,51,63,63,168,168,184,184,184,184,194,194,247,282,360,386,100,0,12,32,32,32],"floor_reached":51,"playtime":2663,"items_purged":["Strike_R","Strike_R","Anger"],"score":1191,"play_id":"32ec1c34-5761-41ea-8762-4c75745a9004","local_time":"20190731010311","is_ascension_mode":true,"campfire_choices":[{"data":"Double Tap","floor":15.0,"key":"SMITH"},{"floor":24.0,"key":"REST"},{"floor":32.0,"key":"RECALL"},{"floor":40,"key":"REST"},{"floor":49,"key":"REST"}],"neow_cost":"NONE","seed_source_timestamp":6460519517027,"circlet_count":0,"master_deck":["Defend_R","Defend_R","Bash","Intimidate","Double Tap+1","Reaper","Clash+1","Dual Wield+1","Offering","Pommel Strike+1","Intimidate","Panacea","Rupture+1","Fire Breathing+1","Seeing Red+1","Dark Embrace","Anger+1","Madness","Madness","Deep Breath","Dark Shackles","Deep Breath","Warcry+1","Flame Barrier+1","Corruption","Pummel","Dropkick+1"],"special_seed":0,"relics":["Burning Blood","NeowsBlessing","Potion Belt","Self Forming Clay","Bronze Scales","Fusion Hammer","Mango","Smiling Mask","Pear","Lantern","Bag of Marbles","PreservedInsect","Art of War","Runic Cube","Champion Belt","Blue Candle","Bottled Tornado","Mercury Hourglass","ClockworkSouvenir","Red Mask"],"potions_floor_usage":[41,48],"damage_taken":[{"damage":0.0,"enemies":"2 Louse","floor":1.0,"turns":2.0},{"damage":0.0,"enemies":"Cultist","floor":4.0,"turns":1.0},{"damage":0.0,"enemies":"Jaw Worm","floor":6.0,"turns":1.0},{"damage":34.0,"enemies":"Gremlin Nob","floor":7.0,"turns":5.0},{"damage":5.0,"enemies":"Gremlin Gang","floor":10.0,"turns":6.0},{"damage":2.0,"enemies":"2 Fungi Beasts","floor":13.0,"turns":4.0},{"damage":56.0,"enemies":"Slime Boss","floor":16.0,"turns":10.0},{"damage":35.0,"enemies":"2 Thieves","floor":18.0,"turns":4.0},{"damage":22.0,"enemies":"Shell Parasite","floor":19.0,"turns":4.0},{"damage":3.0,"enemies":"Centurion and Healer","floor":21.0,"turns":4.0},{"damage":24.0,"enemies":"Book of Stabbing","floor":23.0,"turns":4.0},{"damage":16.0,"enemies":"Slavers","floor":25.0,"turns":3.0},{"damage":7.0,"enemies":"Book of Stabbing","floor":27.0,"turns":2.0},{"damage":6.0,"enemies":"Gremlin Leader","floor":29.0,"turns":1.0},{"damage":6.0,"enemies":"Snecko","floor":30.0,"turns":2.0},{"damage":13.0,"enemies":"3 Cultists","floor":31.0,"turns":3.0},{"damage":27,"enemies":"Collector","floor":33,"turns":5},{"damage":22,"enemies":"Orb Walker","floor":35,"turns":3},{"damage":6,"enemies":"3 Darklings","floor":39,"turns":3},{"damage":6,"enemies":"2 Orb Walkers","floor":41,"turns":2},{"damage":61,"enemies":"Nemesis","floor":42,"turns":5},{"damage":6,"enemies":"Reptomancer","floor":44,"turns":2},{"damage":6,"enemies":"Sphere and 2 Shapes","floor":47,"turns":3},{"damage":12,"enemies":"4 Shapes","floor":48,"turns":3},{"damage":46,"enemies":"Donu and Deca","floor":50,"turns":6}],"seed_played":"5504792323596058021","potions_obtained":[{"floor":1.0,"key":"Ancient Potion"},{"floor":2.0,"key":"Swift Potion"},{"floor":2.0,"key":"FairyPotion"},{"floor":10.0,"key":"EssenceOfSteel"},{"floor":13.0,"key":"GamblersBrew"},{"floor":16.0,"key":"Energy Potion"},{"floor":18.0,"key":"Dexterity Potion"},{"floor":21.0,"key":"Energy Potion"},{"floor":23.0,"key":"FairyPotion"},{"floor":27.0,"key":"GamblersBrew"},{"floor":30.0,"key":"Poison Potion"},{"floor":33,"key":"SmokeBomb"},{"floor":35,"key":"Strength Potion"},{"floor":39,"key":"Energy Potion"},{"floor":44,"key":"Weak Potion"},{"floor":48,"key":"Ancient Potion"}],"is_trial":false,"path_per_floor":["M","?","$","M","$","M","E","?","T","M","?","?","M","?","R","B",null,"M","M","?","M","?","E","R","E","T","E","$","E","M","M","R","B",null,"M","?","?","?","M","R","?","E","T","E","$","?","M","M","R","B",null],"character_chosen":"IRONCLAD","items_purchased":["Bag of Marbles","PreservedInsect","Panacea","Corruption","ClockworkSouvenir"],"campfire_rested":3,"item_purchase_floors":[28,28,28,45,45],"current_hp_per_floor":[78,78,78,80,80,80,52,52,52,53,53,53,57,57,57,7,62,43,39,39,52,52,60,88,92,102,101,101,101,104,97,97,89,100,104,104,91,81,104,104,104,61,61,81,81,81,87,104,104,84],"gold":32,"neow_bonus":"THREE_ENEMY_KILL","is_prod":false,"is_daily":false,"chose_seed":false,"campfire_upgraded":1,"win_rate":0,"timestamp":1564560191,"path_taken":["M","?","?","M","$","?","E","?","T","?","?","?","?","?","R","BOSS","M","M","?","?","?","E","R","E","T","E","$","E","M","M","R","BOSS","M","?","?","?","?","R","?","E","T","E","$","?","?","M","R","BOSS"],"build_version":"2019-07-17","purchased_purges":3,"victory":true,"max_hp_per_floor":[80,80,80,80,80,80,80,80,80,80,80,80,80,80,80,80,80,80,80,80,80,80,94,94,94,104,104,104,104,104,104,104,104,104,104,104,104,104,104,104,104,104,104,104,104,104,104,104,104,104],"card_choices":[{"not_picked":["Sentinel","Disarm","Heavy Blade"],"picked":"SKIP","floor":1.0},{"not_picked":["Perfected Strike","Havoc"],"picked":"Anger","floor":4.0},{"not_picked":["Battle Trance","Blood for Blood"],"picked":"Intimidate","floor":6.0},{"not_picked":["Clothesline","Pummel"],"picked":"Double Tap","floor":7.0},{"not_picked":["Warcry","Sword Boomerang","Carnage"],"picked":"SKIP","floor":10.0},{"not_picked":["Evolve","Reckless Charge","Shrug It Off"],"picked":"SKIP","floor":13.0},{"not_picked":["Barricade","Exhume"],"picked":"Reaper","floor":16.0},{"not_picked":["Anger","Thunderclap+1","Havoc"],"picked":"SKIP","floor":18.0},{"not_picked":["Fire Breathing","Havoc"],"picked":"Clash+1","floor":19.0},{"not_picked":["Clash+1","Iron Wave"],"picked":"Dual Wield+1","floor":21.0},{"not_picked":["Cleave","Armaments"],"picked":"Offering","floor":23.0},{"not_picked":["Anger","Havoc"],"picked":"Pommel Strike+1","floor":25.0},{"not_picked":["Barricade","Havoc"],"picked":"Intimidate","floor":27.0},{"not_picked":["Uppercut","Intimidate"],"picked":"Rupture+1","floor":29.0},{"not_picked":["Cleave","Ghostly Armor+1"],"picked":"Fire Breathing+1","floor":30.0},{"not_picked":["Second Wind+1","Searing Blow"],"picked":"Seeing Red+1","floor":31.0},{"not_picked":["Immolate","Juggernaut"],"picked":"Dark Embrace","floor":33},{"not_picked":["Flame Barrier","Sword Boomerang"],"picked":"Anger+1","floor":35},{"not_picked":["Apotheosis","Enlightenment"],"picked":"Deep Breath","floor":38},{"not_picked":["Trip","Magnetism"],"picked":"Dark Shackles","floor":38},{"not_picked":["Thinking Ahead","PanicButton"],"picked":"Deep Breath","floor":38},{"not_picked":["Clothesline","Iron Wave+1","Blood for Blood"],"picked":"SKIP","floor":39},{"not_picked":["Body Slam","Battle Trance+1"],"picked":"Warcry+1","floor":41},{"not_picked":["Shrug It Off","Pummel+1","Thunderclap"],"picked":"SKIP","floor":42},{"not_picked":["Power Through","Iron Wave"],"picked":"Flame Barrier+1","floor":44},{"not_picked":["Body Slam+1","Headbutt","Pummel"],"picked":"SKIP","floor":47},{"not_picked":["Body Slam+1","Headbutt"],"picked":"Pummel","floor":47},{"not_picked":["Blood for Blood+1","Double Tap"],"picked":"Dropkick+1","floor":48}],"player_experience":698431,"relics_obtained":[{"floor":7.0,"key":"Potion Belt"},{"floor":9.0,"key":"Self Forming Clay"},{"floor":23.0,"key":"Mango"},{"floor":25.0,"key":"Smiling Mask"},{"floor":26.0,"key":"Pear"},{"floor":27.0,"key":"Lantern"},{"floor":29.0,"key":"Art of War"},{"floor":41,"key":"Champion Belt"},{"floor":42,"key":"Blue Candle"},{"floor":43,"key":"Bottled Tornado"},{"floor":44,"key":"Mercury Hourglass"}],"event_choices":[{"damage_healed":0.0,"max_hp_gain":0.0,"max_hp_loss":0.0,"gold_gain":0.0,"event_name":"Lab","player_choice":"Got Potions","floor":2.0,"gold_loss":0.0,"damage_taken":0.0},{"cards_removed":["Strike_R"],"damage_healed":0.0,"max_hp_gain":0.0,"max_hp_loss":0.0,"gold_gain":0.0,"event_name":"Bonfire Elementals","player_choice":"Offered Basic","floor":8.0,"gold_loss":0.0,"damage_taken":0.0},{"damage_healed":0.0,"max_hp_gain":0.0,"max_hp_loss":0.0,"gold_gain":0.0,"event_name":"Dead Adventurer","player_choice":"Searched \u00271\u0027 times","floor":11.0,"gold_loss":0.0,"damage_taken":0.0,"relics_obtained":["Bronze Scales"]},{"damage_healed":0.0,"max_hp_gain":0.0,"max_hp_loss":0.0,"gold_gain":100.0,"event_name":"Golden Shrine","player_choice":"Pray","floor":12.0,"gold_loss":0.0,"damage_taken":0.0},{"cards_removed":["Defend_R"],"damage_healed":0.0,"max_hp_gain":0.0,"max_hp_loss":0.0,"gold_gain":0.0,"event_name":"Living Wall","player_choice":"Forget","floor":14.0,"gold_loss":0.0,"damage_taken":0.0},{"cards_removed":["Strike_R"],"damage_healed":0.0,"max_hp_gain":0.0,"max_hp_loss":0.0,"gold_gain":0.0,"event_name":"Wheel of Change","player_choice":"Card Removal","floor":20.0,"gold_loss":0.0,"damage_taken":0.0},{"cards_removed":["Strike_R"],"damage_healed":0.0,"max_hp_gain":0.0,"max_hp_loss":0.0,"gold_gain":0.0,"event_name":"Back to Basics","player_choice":"Elegance","floor":22.0,"gold_loss":0.0,"damage_taken":0.0},{"cards_removed":["Defend_R"],"damage_healed":0,"gold_gain":0,"player_choice":"Removed Skill","damage_taken":0,"max_hp_gain":0,"max_hp_loss":0,"event_name":"Falling","floor":36,"gold_loss":0},{"damage_healed":0,"gold_gain":0,"player_choice":"Embrace Madness","damage_taken":13,"max_hp_gain":0,"max_hp_loss":0,"event_name":"Winding Halls","floor":37,"gold_loss":0,"cards_obtained":["Madness","Madness"]},{"damage_healed":0,"gold_gain":0,"player_choice":"Memory 3","damage_taken":10,"max_hp_gain":0,"max_hp_loss":0,"event_name":"SensoryStone","floor":38,"gold_loss":0},{"damage_healed":0,"gold_gain":0,"player_choice":"Fight","damage_taken":0,"max_hp_gain":0,"max_hp_loss":0,"event_name":"Mysterious Sphere","floor":41,"gold_loss":0},{"damage_healed":0,"gold_gain":0,"player_choice":"Paid","damage_taken":0,"relics_obtained":["Red Mask"],"max_hp_gain":0,"max_hp_loss":0,"event_name":"Tomb of Lord Red Mask","floor":46,"gold_loss":100}],"is_beta":false,"boss_relics":[{"not_picked":["Snecko Eye","Velvet Choker"],"picked":"Fusion Hammer"},{"not_picked":["Lizard Tail","Orrery"],"picked":"Runic Cube"}],"items_purged_floors":[3,28,45],"is_endless":false,"potions_floor_spawned":[1,10,13,16,18,21,23,27,30,33,35,39,44,48],"ascension_level":7}