{"gold_per_floor":[116,116,41,41,4,15,15,41,119,151,170,14,26,51,51,51],"floor_reached":16,"playtime":666,"items_purged":["Strike_B"],"score":98,"play_id":"adcca565-bdfd-4c28-b93a-e2065574d651","local_time":"20181011115012","is_ascension_mode":false,"campfire_choices":[{"data":"Strike_B","floor":7.0,"key":"PURGE"},{"data":"Strike_B","floor":15.0,"key":"PURGE"}],"neow_cost":"NONE","seed_source_timestamp":0,"circlet_count":0,"master_deck":["Strike_B","Defend_B","Defend_B","Defend_B","Defend_B","Zap","Dualcast","Defragment+1","Self Repair","Consume","Electrodynamics","Go for the Eyes"],"special_seed":0,"relics":["Black Star","Peace Pipe","Boot","Dream Catcher","Tiny Chest","Strawberry","PreservedInsect","Art of War"],"potions_floor_usage":[16],"damage_taken":[{"damage":10.0,"enemies":"Small Slimes","floor":1.0,"turns":3.0},{"damage":5.0,"enemies":"Cultist","floor":6.0,"turns":4.0},{"damage":21.0,"enemies":"Lagavulin","floor":8.0,"turns":7.0},{"damage":22.0,"enemies":"3 Sentries","floor":10.0,"turns":3.0},{"damage":3.0,"enemies":"Jaw Worm","floor":11.0,"turns":5.0},{"damage":4.0,"enemies":"Exordium Thugs","floor":13.0,"turns":3.0},{"damage":30,"enemies":"Slime Boss","floor":16,"turns":6}],"seed_played":"-1570116848977704425","potions_obtained":[{"floor":6.0,"key":"Swift Potion"},{"floor":11.0,"key":"Block Potion"}],"is_trial":false,"path_per_floor":["M","?","$","?","$","M","R","E","T","?","M","$","M","T","R"],"character_chosen":"DEFECT","items_purchased":["Self Repair","PreservedInsect"],"campfire_rested":0,"item_purchase_floors":[5,12],"current_hp_per_floor":[65,65,65,47,47,49,49,35,35,20,24,24,27,27,27,0],"gold":51,"neow_bonus":"BOSS_RELIC","is_prod":false,"is_daily":false,"chose_seed":false,"campfire_upgraded":0,"win_rate":0,"timestamp":1539283812,"path_taken":["M","?","?","?","$","M","R","E","T","?","?","$","M","?","R","BOSS"],"build_version":"2018-10-04v2","purchased_purges":1,"victory":false,"max_hp_per_floor":[75,75,75,75,75,75,75,75,75,82,82,82,82,82,82,82],"card_choices":[{"not_picked":["Leap","Glacier"],"picked":"Defragment","floor":1.0},{"not_picked":["Hello World","Ball Lightning"],"picked":"Consume","floor":6.0},{"not_picked":["Barrage","Ball Lightning"],"picked":"Electrodynamics","floor":8.0},{"not_picked":["Recycle","Defragment","Sweeping Beam"],"picked":"SKIP","floor":11.0},{"not_picked":["Reinforced Body","Loop"],"picked":"Go for the Eyes","floor":13.0}],"player_experience":355296,"relics_obtained":[{"floor":8.0,"key":"Boot"},{"floor":8.0,"key":"Dream Catcher"},{"floor":9.0,"key":"Tiny Chest"},{"floor":10.0,"key":"Strawberry"},{"floor":14.0,"key":"Art of War"}],"event_choices":[{"event_name":"Upgrade Shrine","player_choice":"Upgraded","floor":2.0,"damage_taken":0.0},{"event_name":"Scrap Ooze","player_choice":"success","floor":4.0,"damage_taken":18.0},{"event_name":"Dead Adventurer","player_choice":"Searched \u00273\u0027 times","floor":10.0,"damage_taken":0.0}],"is_beta":false,"boss_relics":[],"items_purged_floors":[3],"is_endless":false,"potions_floor_spawned":[6,11],"killed_by":"Slime Boss","ascension_level":0}