{"gold_per_floor":[111,111,186,186,203,203,214,240,266,297,297,71,23,36,36,136,136,153,78,3,3,102,102,131,131,178,178,195,220,220,249,249,347,347,367,161,173,173,173,173,206,206,259,288,288,300,312,241,241,241,241,241,33,66,66],"floor_reached":56,"playtime":2420,"items_purged":["Strike_B","Defend_B"],"score":1563,"play_id":"c87b54fc-3c39-4629-9184-e8e8e016bf1b","local_time":"20190207144202","is_ascension_mode":true,"campfire_choices":[{"data":"Zap","floor":6.0,"key":"SMITH"},{"floor":15.0,"key":"REST"},{"data":"Sweeping Beam","floor":23.0,"key":"SMITH"},{"data":"Conserve Battery","floor":25.0,"key":"SMITH"},{"data":"Glacier","floor":27.0,"key":"SMITH"},{"data":"Rainbow","floor":30.0,"key":"SMITH"},{"floor":32.0,"key":"REST"},{"data":"Sunder","floor":40.0,"key":"SMITH"},{"floor":42.0,"key":"REST"},{"floor":49.0,"key":"RECALL"},{"data":"Chaos","floor":52.0,"key":"SMITH"}],"neow_cost":"NONE","seed_source_timestamp":5168163894152,"circlet_count":0,"master_deck":["Defend_B","Defend_B","Defend_B","Zap+1","Dualcast","Defragment+1","Sweeping Beam+1","Glacier+1","Conserve Battery+1","Rainbow+1","Coolheaded+1","Sunder+1","Chaos+1","Meteor Strike","Sweeping Beam+1","Go for the Eyes+1","Skim+1","Hologram+1","Defragment+1","Defragment+1","Self Repair+1","Force Field","Defragment+1","Static Discharge+1","BootSequence","Reboot"],"special_seed":0,"relics":["Cracked Core","Happy Flower","Pen Nib","Potion Belt","Unceasing Top","Blood Vial","Busted Crown","DataDisk","Art of War","Frozen Egg 2","Pear","Orrery","DollysMirror","Ancient Tea Set","Symbiotic Virus","Bag of Marbles"],"potions_floor_usage":[55,55,55,55],"damage_taken":[{"damage":0.0,"enemies":"Small Slimes","floor":1.0,"turns":3.0},{"damage":7.0,"enemies":"Jaw Worm","floor":5.0,"turns":4.0},{"damage":8.0,"enemies":"2 Louse","floor":7.0,"turns":2.0},{"damage":15.0,"enemies":"3 Sentries","floor":8.0,"turns":4.0},{"damage":37.0,"enemies":"Gremlin Nob","floor":10.0,"turns":4.0},{"damage":0.0,"enemies":"2 Fungi Beasts","floor":14.0,"turns":2.0},{"damage":29.0,"enemies":"Hexaghost","floor":16.0,"turns":15.0},{"damage":0.0,"enemies":"Shell Parasite","floor":18.0,"turns":5.0},{"damage":7.0,"enemies":"Book of Stabbing","floor":24.0,"turns":8.0},{"damage":0.0,"enemies":"3 Byrds","floor":28.0,"turns":4.0},{"damage":16.0,"enemies":"Slavers","floor":29.0,"turns":9.0},{"damage":16.0,"enemies":"Gremlin Leader","floor":31.0,"turns":8.0},{"damage":25.0,"enemies":"Champ","floor":33.0,"turns":16.0},{"damage":6.0,"enemies":"Orb Walker","floor":35.0,"turns":4.0},{"damage":11.0,"enemies":"3 Darklings","floor":37.0,"turns":5.0},{"damage":26.0,"enemies":"Nemesis","floor":41.0,"turns":9.0},{"damage":1.0,"enemies":"Reptomancer","floor":44.0,"turns":7.0},{"damage":9.0,"enemies":"Jaw Worm Horde","floor":46.0,"turns":5.0},{"damage":0.0,"enemies":"4 Shapes","floor":47.0,"turns":9.0},{"damage":0.0,"enemies":"Time Eater","floor":50.0,"turns":13.0},{"damage":37,"enemies":"Shield and Spear","floor":54,"turns":8},{"damage":44,"enemies":"The Heart","floor":55,"turns":10}],"seed_played":"-4423692449467893223","potions_obtained":[{"floor":1.0,"key":"Explosive Potion"},{"floor":7.0,"key":"Fire Potion"},{"floor":8.0,"key":"SkillPotion"},{"floor":31.0,"key":"PowerPotion"},{"floor":33.0,"key":"SneckoOil"},{"floor":35.0,"key":"SpeedPotion"},{"floor":44.0,"key":"FearPotion"},{"floor":47.0,"key":"Strength Potion"}],"is_trial":false,"path_per_floor":["M","?","?","?","M","R","M","E","T","E","?","$","$","M","R","B",null,"M","?","$","?","?","R","E","R","T","R","M","E","R","E","R","B",null,"M","$","M","?","$","R","E","R","T","E","?","M","M","$","R","B",null,"R","$","E","B",null],"character_chosen":"DEFECT","items_purchased":["Glacier","Blood Vial","Conserve Battery","DollysMirror","LiquidBronze","Static Discharge+1","BootSequence"],"campfire_rested":3,"item_purchase_floors":[12,12,13,36,48,53,53],"current_hp_per_floor":[75,75,64,69,62,62,54,39,39,2,2,2,2,4,28,1,60,62,62,62,62,62,62,57,57,57,57,59,45,45,41,68,45,79,75,75,66,66,66,66,42,67,67,68,68,71,83,83,83,85,85,85,85,58,16],"gold":66,"neow_bonus":"RANDOM_COMMON_RELIC","is_prod":false,"is_daily":false,"chose_seed":false,"campfire_upgraded":7,"win_rate":0,"timestamp":1549539722,"path_taken":["M","?","?","?","M","R","M","E","T","E","?","?","$","M","R","BOSS","M","?","$","?","?","R","E","R","T","R","M","E","R","E","R","BOSS","M","$","M","?","$","R","E","R","T","E","?","M","M","?","R","BOSS","R","$","E","BOSS"],"build_version":"2019-01-23","purchased_purges":2,"victory":true,"max_hp_per_floor":[75,75,75,80,80,80,80,80,80,80,80,80,80,80,80,80,80,80,80,80,80,80,80,80,80,80,80,80,80,80,90,90,90,90,90,90,90,85,85,85,85,85,85,85,85,85,85,85,85,85,85,85,85,85,85],"card_choices":[{"not_picked":["Rip and Tear","Beam Cell"],"picked":"Defragment","floor":1.0},{"not_picked":["Barrage","Compile Driver"],"picked":"Sweeping Beam","floor":5.0},{"not_picked":["Double Energy","Gash","Redo"],"picked":"SKIP","floor":7.0},{"not_picked":["Chaos","Beam Cell","Consume"],"picked":"SKIP","floor":8.0},{"not_picked":["Beam Cell","Static Discharge"],"picked":"Go for the Eyes","floor":10.0},{"not_picked":["Streamline","Heatsinks","Machine Learning"],"picked":"SKIP","floor":14.0},{"not_picked":["Creative AI","Amplify"],"picked":"Rainbow","floor":16.0},{"not_picked":[],"picked":"Coolheaded+1","floor":18.0},{"not_picked":["Cold Snap+1"],"picked":"SKIP","floor":24.0},{"not_picked":["Aggregate+1"],"picked":"SKIP","floor":28.0},{"not_picked":["Sweeping Beam"],"picked":"SKIP","floor":29.0},{"not_picked":["Leap"],"picked":"SKIP","floor":31.0},{"not_picked":[],"picked":"Meteor Strike","floor":33.0},{"not_picked":[],"picked":"Sweeping Beam+1","floor":34.0},{"not_picked":[],"picked":"Go for the Eyes+1","floor":34.0},{"not_picked":[],"picked":"Skim+1","floor":34.0},{"not_picked":[],"picked":"Hologram+1","floor":35.0},{"not_picked":["Leap"],"picked":"SKIP","floor":37.0},{"not_picked":[],"picked":"Defragment+1","floor":41.0},{"not_picked":["Self Repair+1"],"picked":"SKIP","floor":44.0},{"not_picked":[],"picked":"Self Repair+1","floor":44.0},{"not_picked":[],"picked":"Force Field","floor":46.0},{"not_picked":[],"picked":"Defragment+1","floor":47.0},{"not_picked":[],"picked":"Reboot","floor":54}],"player_experience":755698,"relics_obtained":[{"floor":8.0,"key":"Pen Nib"},{"floor":9.0,"key":"Potion Belt"},{"floor":10.0,"key":"Unceasing Top"},{"floor":24.0,"key":"DataDisk"},{"floor":26.0,"key":"Art of War"},{"floor":29.0,"key":"Frozen Egg 2"},{"floor":31.0,"key":"Pear"},{"floor":41.0,"key":"Ancient Tea Set"},{"floor":44.0,"key":"Symbiotic Virus"},{"floor":54,"key":"Bag of Marbles"}],"event_choices":[{"damage_healed":0.0,"max_hp_gain":0.0,"max_hp_loss":0.0,"gold_gain":0.0,"event_name":"Living Wall","player_choice":"Grow","floor":2.0,"gold_loss":0.0,"damage_taken":0.0,"cards_upgraded":["Defragment"]},{"damage_healed":0.0,"max_hp_gain":0.0,"max_hp_loss":0.0,"gold_gain":75.0,"event_name":"World of Goop","player_choice":"Gather Gold","floor":3.0,"gold_loss":0.0,"damage_taken":11.0},{"damage_healed":0.0,"max_hp_gain":5.0,"max_hp_loss":0.0,"gold_gain":0.0,"event_name":"Big Fish","player_choice":"Donut","floor":4.0,"gold_loss":0.0,"damage_taken":0.0},{"damage_healed":0.0,"max_hp_gain":0.0,"max_hp_loss":0.0,"gold_gain":0.0,"event_name":"Scrap Ooze","player_choice":"Fled","floor":11.0,"gold_loss":0.0,"damage_taken":0.0},{"cards_removed":["Strike_B"],"damage_healed":0.0,"max_hp_gain":0.0,"max_hp_loss":0.0,"gold_gain":0.0,"event_name":"Beggar","player_choice":"Gave Gold","floor":19.0,"gold_loss":75.0,"damage_taken":0.0},{"damage_healed":0.0,"max_hp_gain":0.0,"max_hp_loss":0.0,"gold_gain":0.0,"cards_transformed":["Strike_B","Strike_B"],"event_name":"Drug Dealer","player_choice":"Became Test Subject","floor":21.0,"gold_loss":0.0,"damage_taken":0.0,"cards_obtained":["Sunder","Chaos"]},{"damage_healed":0.0,"max_hp_gain":0.0,"max_hp_loss":0.0,"gold_gain":99.0,"event_name":"Nest","player_choice":"Stole From Cult","floor":22.0,"gold_loss":0.0,"damage_taken":0.0},{"damage_healed":0.0,"max_hp_gain":0.0,"max_hp_loss":5.0,"gold_gain":0.0,"event_name":"Winding Halls","player_choice":"Max HP","floor":38.0,"gold_loss":0.0,"damage_taken":0.0},{"cards_removed":["Go for the Eyes"],"damage_healed":0.0,"max_hp_gain":0.0,"max_hp_loss":0.0,"gold_gain":0.0,"event_name":"Falling","player_choice":"Removed Attack","floor":45.0,"gold_loss":0.0,"damage_taken":0.0}],"is_beta":false,"boss_relics":[{"not_picked":["Calling Bell","Pandora\u0027s Box"],"picked":"Busted Crown"},{"not_picked":["Runic Pyramid","Coffee Dripper"],"picked":"Orrery"}],"items_purged_floors":[20,53],"is_endless":false,"potions_floor_spawned":[1,7,8,31,33,35,44,47],"ascension_level":5}