{"gold_per_floor":[112,123,123,135,151,182,10,25,25,25,36,67,17,33,33,128,128,138,138,152,172,26,26,26],"floor_reached":24,"playtime":1674,"items_purged":["Strike_R"],"score":242,"play_id":"49b2a82e-4cb2-4b86-8770-2be2cb4c05e4","local_time":"20180822103900","is_ascension_mode":true,"campfire_choices":[{"floor":15,"key":"REST"},{"floor":23,"key":"REST"}],"neow_cost":"TEN_PERCENT_HP_LOSS","seed_source_timestamp":0,"circlet_count":0,"master_deck":["Strike_R","Defend_R","Defend_R","Defend_R","Defend_R","Bash","Brutality","Anger","Ghostly Armor","Battle Trance","Anger","Heavy Blade","True Grit","Metallicize","Armaments","Blood for Blood","Headbutt","Shrug It Off","Reaper","Pommel Strike+1","Rupture","Infernal Blade"],"special_seed":0,"relics":["Burning Blood","Juzu Bracelet","Pantograph","Vajra","Mark of Pain","Enchiridion","Lantern"],"potions_floor_usage":[12,12,12],"damage_taken":[{"damage":2.0,"enemies":"Cultist","floor":1.0,"turns":4.0},{"damage":11.0,"enemies":"Small Slimes","floor":2.0,"turns":4.0},{"damage":1.0,"enemies":"2 Louse","floor":4.0,"turns":3.0},{"damage":25.0,"enemies":"Large Slime","floor":5.0,"turns":6.0},{"damage":29.0,"enemies":"3 Sentries","floor":6.0,"turns":6.0},{"damage":4.0,"enemies":"Exordium Wildlife","floor":8.0,"turns":3.0},{"damage":3.0,"enemies":"Blue Slaver","floor":11.0,"turns":5.0},{"damage":15,"enemies":"Lagavulin","floor":12,"turns":5},{"damage":2,"enemies":"Exordium Thugs","floor":14,"turns":6},{"damage":39,"enemies":"The Guardian","floor":16,"turns":13},{"damage":13,"enemies":"Shell Parasite","floor":18,"turns":7},{"damage":24,"enemies":"3 Byrds","floor":20,"turns":5},{"damage":40,"enemies":"Centurion and Healer","floor":21,"turns":7},{"damage":52,"enemies":"Slavers","floor":24,"turns":3}],"seed_played":"6835480119697017316","potions_obtained":[{"floor":2.0,"key":"PowerPotion"},{"floor":4.0,"key":"Poison Potion"},{"floor":6.0,"key":"Swift Potion"},{"floor":8.0,"key":"Fire Potion"},{"floor":14,"key":"BloodPotion"}],"is_trial":false,"path_per_floor":["M","M","?","M","M","E","$","M","T","?","M","E","?","M","R","B",null,"M","?","M","M","$","R"],"character_chosen":"IRONCLAD","items_purchased":["True Grit","Metallicize","Lantern"],"campfire_rested":2,"item_purchase_floors":[7,7,22],"current_hp_per_floor":[72,67,60,65,46,23,23,25,25,25,28,19,19,23,44,36,72,72,56,44,18,18,39,0],"gold":26,"neow_bonus":"THREE_RARE_CARDS","is_prod":false,"is_daily":false,"chose_seed":false,"campfire_upgraded":0,"win_rate":0,"timestamp":1534959540,"path_taken":["M","?","?","M","M","E","$","M","T","?","M","E","?","M","R","BOSS","M","?","M","M","$","R","E"],"build_version":"2018-08-16","purchased_purges":1,"victory":false,"max_hp_per_floor":[72,72,72,72,72,72,72,72,72,72,72,72,72,72,72,72,72,72,72,72,72,72,72,72],"card_choices":[{"not_picked":["Fiend Fire","Juggernaut"],"picked":"Brutality","floor":0.0},{"not_picked":["Corruption","Reckless Charge"],"picked":"Anger","floor":1.0},{"not_picked":["Heavy Blade","Thunderclap"],"picked":"Ghostly Armor","floor":2.0},{"not_picked":["Pommel Strike","Burning Pact"],"picked":"Battle Trance","floor":4.0},{"not_picked":["Clash","Wild Strike"],"picked":"Anger","floor":5.0},{"not_picked":["Thunderclap","Sword Boomerang"],"picked":"Heavy Blade","floor":6.0},{"not_picked":["Body Slam","Brutality"],"picked":"Armaments","floor":8.0},{"not_picked":["Flex","Hemokinesis"],"picked":"Blood for Blood","floor":11.0},{"not_picked":["Evolve","Clash"],"picked":"Headbutt","floor":12},{"not_picked":["Iron Wave","Wild Strike"],"picked":"Shrug It Off","floor":14},{"not_picked":["Feed","Double Tap"],"picked":"Reaper","floor":16},{"not_picked":["Havoc","Armaments"],"picked":"Pommel Strike+1","floor":18},{"not_picked":["True Grit+1","Evolve"],"picked":"Rupture","floor":20},{"not_picked":["Clothesline","Flex"],"picked":"Infernal Blade","floor":21}],"player_experience":159034,"relics_obtained":[{"floor":6.0,"key":"Juzu Bracelet"},{"floor":9.0,"key":"Pantograph"},{"floor":12,"key":"Vajra"},{"floor":19,"key":"Enchiridion"}],"event_choices":[{"event_name":"Golden Wing","player_choice":"Card Removal","floor":3.0,"damage_taken":0.0},{"event_name":"Purifier","player_choice":"One Purge","floor":10.0,"damage_taken":0.0},{"event_name":"The Cleric","player_choice":"Card Removal","floor":13,"damage_taken":0},{"event_name":"Cursed Tome","player_choice":"Obtained Book","floor":19,"damage_taken":0}],"is_beta":false,"boss_relics":[{"not_picked":["Philosopher\u0027s Stone","Lizard Tail"],"picked":"Mark of Pain"}],"items_purged_floors":[7],"is_endless":false,"potions_floor_spawned":[2,4,6,8,14],"killed_by":"Slavers","ascension_level":3}