{"gold_per_floor":[119,119,44,58,75,106,106,138,198,224,236,264,276,77,77,150,150,165,176,176,190,190],"floor_reached":22,"playtime":2585,"items_purged":["Strike_G"],"score":407,"play_id":"d3073e8c-ffbb-4318-927e-f2b47e4ee423","local_time":"20190722180838","is_ascension_mode":true,"campfire_choices":[{"data":"Unload","floor":7.0,"key":"SMITH"},{"data":"Bouncing Flask","floor":15.0,"key":"SMITH"}],"neow_cost":"NONE","seed_source_timestamp":18230893694804,"circlet_count":0,"master_deck":["AscendersBane","Strike_G","Strike_G","Strike_G","Defend_G","Defend_G","Defend_G","Defend_G","Defend_G","Survivor","Neutralize","Well Laid Plans","Crippling Poison","Backflip","Unload+1","Leg Sweep","Catalyst","Masterful Stab","Bouncing Flask+1","Concentrate+1","Backstab"],"special_seed":0,"relics":["Sozu","Shuriken","MawBank","Strawberry","Lee\u0027s Waffle","Black Star"],"potions_floor_usage":[],"damage_taken":[{"damage":1.0,"enemies":"2 Louse","floor":1.0,"turns":3.0},{"damage":3.0,"enemies":"Cultist","floor":4.0,"turns":6.0},{"damage":0.0,"enemies":"Small Slimes","floor":5.0,"turns":4.0},{"damage":28.0,"enemies":"3 Sentries","floor":6.0,"turns":20.0},{"damage":21.0,"enemies":"Lagavulin","floor":8.0,"turns":8.0},{"damage":1.0,"enemies":"Blue Slaver","floor":10.0,"turns":4.0},{"damage":1.0,"enemies":"Exordium Thugs","floor":12.0,"turns":4.0},{"damage":22.0,"enemies":"The Guardian","floor":16.0,"turns":10.0},{"damage":10.0,"enemies":"Shell Parasite","floor":18.0,"turns":4.0},{"damage":4,"enemies":"Spheric Guardian","floor":19,"turns":5},{"damage":39,"enemies":"Centurion and Healer","floor":21,"turns":6},{"damage":51,"enemies":"Masked Bandits","floor":22,"turns":3}],"seed_played":"5127492694373849707","potions_obtained":[],"is_trial":false,"path_per_floor":["M","?","$","M","M","E","R","E","T","M","?","M","?","$","R","B",null,"M","M","?","M","?"],"character_chosen":"THE_SILENT","items_purchased":["Lee\u0027s Waffle"],"campfire_rested":0,"item_purchase_floors":[14],"current_hp_per_floor":[58,54,54,51,51,23,23,2,9,8,8,7,7,80,80,58,75,65,61,90,51,0],"gold":190,"neow_bonus":"BOSS_RELIC","is_prod":false,"is_daily":false,"chose_seed":false,"campfire_upgraded":2,"win_rate":0,"timestamp":1563844118,"path_taken":["M","?","$","?","M","E","R","E","T","M","?","M","?","$","R","BOSS","M","M","?","?","?"],"build_version":"2019-07-17","purchased_purges":1,"victory":false,"max_hp_per_floor":[66,66,66,66,66,66,66,66,73,73,73,73,73,80,80,80,80,80,80,90,90,90],"card_choices":[{"not_picked":["Blade Dance","Outmaneuver"],"picked":"Well Laid Plans","floor":1.0},{"not_picked":["Eviscerate","Underhanded Strike"],"picked":"Crippling Poison","floor":4.0},{"not_picked":["Quick Slash","Cloak And Dagger"],"picked":"Backflip","floor":5.0},{"not_picked":["PiercingWail","Underhanded Strike"],"picked":"Unload","floor":6.0},{"not_picked":["Eviscerate","Reflex"],"picked":"Leg Sweep","floor":8.0},{"not_picked":["Outmaneuver","Bane"],"picked":"Catalyst","floor":10.0},{"not_picked":["Footwork","Catalyst"],"picked":"Bouncing Flask","floor":12.0},{"not_picked":["Phantasmal Killer","Venomology"],"picked":"Die Die Die","floor":16.0},{"not_picked":["Outmaneuver","Blade Dance"],"picked":"Concentrate+1","floor":18.0},{"not_picked":["Well Laid Plans","Finisher","Concentrate"],"picked":"SKIP","floor":19},{"not_picked":["Endless Agony","Cloak And Dagger"],"picked":"Backstab","floor":21}],"player_experience":666156,"relics_obtained":[{"floor":6.0,"key":"Shuriken"},{"floor":8.0,"key":"MawBank"},{"floor":9.0,"key":"Strawberry"}],"event_choices":[{"damage_healed":0.0,"max_hp_gain":0.0,"max_hp_loss":0.0,"gold_gain":0.0,"event_name":"The Woman in Blue","player_choice":"Bought 0 Potions","floor":2.0,"gold_loss":0.0,"damage_taken":0.0},{"damage_healed":0.0,"max_hp_gain":0.0,"max_hp_loss":0.0,"gold_gain":0.0,"cards_transformed":["Strike_G"],"event_name":"Living Wall","player_choice":"Change","floor":11.0,"gold_loss":0.0,"damage_taken":0.0,"cards_obtained":["Masterful Stab"]},{"damage_healed":0.0,"max_hp_gain":0.0,"max_hp_loss":0.0,"gold_gain":0.0,"event_name":"Dead Adventurer","player_choice":"Searched \u00270\u0027 times","floor":13.0,"gold_loss":0.0,"damage_taken":0.0},{"cards_removed":["Die Die Die"],"damage_healed":19,"gold_gain":0,"player_choice":"Offered Rare","damage_taken":0,"max_hp_gain":10,"max_hp_loss":0,"event_name":"Bonfire Elementals","floor":20,"gold_loss":0},{"damage_healed":0,"gold_gain":0,"player_choice":"Fought Bandits","damage_taken":0,"max_hp_gain":0,"max_hp_loss":0,"event_name":"Masked Bandits","floor":22,"gold_loss":0}],"is_beta":false,"boss_relics":[{"not_picked":["Fusion Hammer","Velvet Choker"],"picked":"Black Star"}],"items_purged_floors":[3],"is_endless":false,"potions_floor_spawned":[1,6,10,21],"killed_by":"Masked Bandits","ascension_level":19}