{"gold_per_floor":[119,119,135,148,5,5,33,45,114,114,129,129,189,209,209,209],"floor_reached":16,"playtime":400,"items_purged":[],"score":138,"play_id":"2bca18a2-b07c-4461-bb38-278c7623f3ba","local_time":"20190113031350","is_ascension_mode":true,"campfire_choices":[{"data":"Zap","floor":6,"key":"SMITH"},{"data":"Hyperbeam","floor":10,"key":"SMITH"},{"data":"Defend_B","floor":12,"key":"PURGE"},{"data":"Strike_B","floor":15,"key":"PURGE"}],"neow_cost":"NONE","seed_source_timestamp":52019221898024,"circlet_count":0,"master_deck":["Strike_B","Strike_B","Defend_B","Defend_B","Defend_B","Zap+1","Dualcast","White Noise","Conserve Battery","Auto Shields","Hyperbeam+1","FTL"],"relics":["Cracked Core","NeowsBlessing","Vajra","Peace Pipe","Meat on the Bone","Tiny Chest"],"potions_floor_usage":[16],"damage_taken":[{"damage":0,"enemies":"Cultist","floor":1,"turns":1},{"damage":0,"enemies":"Small Slimes","floor":3,"turns":1},{"damage":0,"enemies":"Jaw Worm","floor":4,"turns":1},{"damage":12,"enemies":"Lagavulin","floor":7,"turns":8},{"damage":0,"enemies":"2 Fungi Beasts","floor":8,"turns":3},{"damage":11,"enemies":"Looter","floor":11,"turns":2},{"damage":7,"enemies":"Large Slime","floor":14,"turns":4},{"damage":45,"enemies":"Hexaghost","floor":16,"turns":10}],"seed_played":"-4658695427545870488","potions_obtained":[{"floor":1,"key":"Swift Potion"},{"floor":4,"key":"SmokeBomb"},{"floor":7,"key":"Poison Potion"}],"is_trial":false,"path_per_floor":["M","?","M","M","$","R","E","M","T","R","M","R","?","M","R","B"],"character_chosen":"DEFECT","items_purchased":["Vajra"],"campfire_rested":0,"item_purchase_floors":[5],"current_hp_per_floor":[68,68,68,68,68,68,56,56,56,56,45,45,45,38,38,0],"gold":209,"neow_bonus":"THREE_ENEMY_KILL","is_prod":false,"is_daily":false,"chose_seed":false,"campfire_upgraded":2,"win_rate":0,"timestamp":1547338430,"path_taken":["M","?","M","?","$","R","E","M","T","R","M","R","?","M","R","BOSS"],"build_version":"2019-01-10","purchased_purges":0,"victory":false,"max_hp_per_floor":[75,75,75,75,75,75,75,75,75,75,75,75,75,75,75,75],"card_choices":[{"not_picked":["Undo","Turbo"],"picked":"White Noise","floor":1},{"not_picked":["Steam Power","Stack"],"picked":"Conserve Battery","floor":3},{"not_picked":["Compile Driver","Fusion"],"picked":"Auto Shields","floor":4},{"not_picked":["Go for the Eyes","Double Energy"],"picked":"Hyperbeam","floor":7},{"not_picked":["Turbo","Heatsinks"],"picked":"FTL","floor":8},{"not_picked":["Turbo","Stack","Compile Driver"],"picked":"SKIP","floor":11},{"not_picked":["Conserve Battery","Go for the Eyes","Beam Cell"],"picked":"SKIP","floor":14}],"player_experience":684173,"relics_obtained":[{"floor":7,"key":"Peace Pipe"},{"floor":9,"key":"Meat on the Bone"}],"event_choices":[{"cards_removed":["Strike_B"],"damage_healed":0,"gold_gain":0,"player_choice":"Offered Basic","damage_taken":0,"max_hp_gain":0,"max_hp_loss":0,"event_name":"Bonfire Elementals","floor":2,"gold_loss":0},{"damage_healed":0,"gold_gain":30,"player_choice":"Searched \u00272\u0027 times","damage_taken":0,"relics_obtained":["Tiny Chest"],"max_hp_gain":0,"max_hp_loss":0,"event_name":"Dead Adventurer","floor":13,"gold_loss":0}],"is_beta":false,"boss_relics":[],"items_purged_floors":[],"is_endless":false,"potions_floor_spawned":[1,4,7],"killed_by":"Hexaghost","ascension_level":7}