{"gold_per_floor":[117,117,117,117,129,129,163,163,190,214,240,240,86,106,106,181,181,121,121,121,121,121,121,121,121,121,121,121,121,12,12,12,12,12,12,12,12,0,0,0,0,0,0,0,0,0,0,0,0,0],"floor_reached":50,"playtime":1584,"items_purged":["Strike_R"],"score":1180,"play_id":"11faedfe-9783-4ec5-a905-382cc4e88023","local_time":"20190307215535","is_ascension_mode":true,"campfire_choices":[{"data":"True Grit","floor":6.0,"key":"SMITH"},{"data":"Spot Weakness","floor":8.0,"key":"SMITH"},{"floor":12.0,"key":"REST"},{"data":"Carnage","floor":15.0,"key":"SMITH"},{"floor":24.0,"key":"REST"},{"data":"Offering","floor":27.0,"key":"SMITH"},{"data":"Exhume","floor":29.0,"key":"SMITH"},{"data":"Flame Barrier","floor":32.0,"key":"SMITH"},{"data":"Demon Form","floor":40.0,"key":"SMITH"},{"data":"Heavy Blade","floor":44.0,"key":"SMITH"},{"floor":46.0,"key":"RECALL"},{"floor":49.0,"key":"REST"}],"neow_cost":"NONE","seed_source_timestamp":31548439343555,"circlet_count":0,"master_deck":["AscendersBane","Strike_R+1","Strike_R+1","Strike_R+1","Defend_R+1","Defend_R+1","Defend_R+1","Defend_R+1","Bash+1","Spot Weakness+1","True Grit+1","Carnage+1","Offering+1","Exhume+1","Iron Wave+1","Clothesline+1","Heavy Blade+1","Pommel Strike","Flame Barrier+1","Demon Form+1","Shrug It Off+1","Juggernaut"],"special_seed":0,"relics":["Burning Blood","Incense Burner","Vajra","Regal Pillow","Red Skull","Orichalcum","Ectoplasm","WingedGreaves","Gremlin Horn","Lantern","Blood Vial","Art of War","Philosopher\u0027s Stone","Red Mask","FossilizedHelix","Omamori","War Paint"],"potions_floor_usage":[],"damage_taken":[{"damage":2.0,"enemies":"2 Louse","floor":1.0,"turns":4.0},{"damage":4.0,"enemies":"Jaw Worm","floor":5.0,"turns":4.0},{"damage":29.0,"enemies":"Gremlin Nob","floor":7.0,"turns":4.0},{"damage":11.0,"enemies":"Lagavulin","floor":11.0,"turns":7.0},{"damage":2.0,"enemies":"Small Slimes","floor":14.0,"turns":3.0},{"damage":35.0,"enemies":"The Guardian","floor":16.0,"turns":9.0},{"damage":11.0,"enemies":"2 Thieves","floor":18.0,"turns":4.0},{"damage":11.0,"enemies":"Colosseum Slavers","floor":20.0,"turns":4.0},{"damage":32.0,"enemies":"Colosseum Nobs","floor":20.0,"turns":5.0},{"damage":6.0,"enemies":"Book of Stabbing","floor":23.0,"turns":4.0},{"damage":22.0,"enemies":"Gremlin Leader","floor":25.0,"turns":5.0},{"damage":22.0,"enemies":"3 Byrds","floor":28.0,"turns":4.0},{"damage":8.0,"enemies":"Snecko","floor":31.0,"turns":3.0},{"damage":71.0,"enemies":"Automaton","floor":33.0,"turns":10.0},{"damage":14.0,"enemies":"3 Darklings","floor":35.0,"turns":4.0},{"damage":2.0,"enemies":"3 Shapes","floor":36.0,"turns":4.0},{"damage":12.0,"enemies":"Sphere and 2 Shapes","floor":37.0,"turns":4.0},{"damage":0.0,"enemies":"Mind Bloom Boss Battle","floor":39.0,"turns":4.0},{"damage":23.0,"enemies":"Giant Head","floor":41.0,"turns":6.0},{"damage":16.0,"enemies":"Writhing Mass","floor":42.0,"turns":4.0},{"damage":8.0,"enemies":"Reptomancer","floor":47.0,"turns":6.0},{"damage":94,"enemies":"Awakened One","floor":50,"turns":6}],"seed_played":"-5170867961868104351","potions_obtained":[{"floor":1.0,"key":"FairyPotion"},{"floor":5.0,"key":"Poison Potion"},{"floor":7.0,"key":"Poison Potion"},{"floor":16.0,"key":"PowerPotion"},{"floor":31.0,"key":"Swift Potion"},{"floor":33.0,"key":"Dexterity Potion"},{"floor":36.0,"key":"BloodPotion"},{"floor":42.0,"key":"LiquidBronze"}],"is_trial":false,"path_per_floor":["M","?","?","?","M","R","E","R","T","T","E","R","$","M","R","B",null,"M","?","?","?","?","E","R","E","T","R","M","R","$","M","R","B",null,"M","M","M","?","?","R","E","M","T","R","$","R","E","?","R","B"],"character_chosen":"IRONCLAD","items_purchased":["Carnage","Heavy Blade","Pommel Strike"],"campfire_rested":3,"item_purchase_floors":[13,30,30],"current_hp_per_floor":[79,79,84,79,81,81,58,58,58,58,53,87,87,87,87,58,80,75,75,44,44,44,44,85,69,69,69,55,55,55,55,55,14,69,63,69,65,65,73,73,58,50,50,50,50,50,50,50,87,0],"gold":0,"neow_bonus":"TEN_PERCENT_HP_BONUS","is_prod":false,"is_daily":false,"chose_seed":false,"campfire_upgraded":8,"win_rate":0,"timestamp":1551984935,"path_taken":["M","?","?","?","M","R","E","R","T","?","E","R","$","M","R","BOSS","M","?","?","?","?","E","R","E","T","R","M","R","$","M","R","BOSS","M","M","M","?","?","R","E","M","T","R","$","R","E","?","R","BOSS"],"build_version":"2019-01-23","purchased_purges":1,"victory":false,"max_hp_per_floor":[82,82,87,87,87,87,87,87,87,87,87,87,87,87,87,87,87,87,87,87,87,87,87,87,87,87,87,87,87,87,87,87,87,87,87,87,87,87,87,87,87,87,87,87,87,87,87,87,87,87],"card_choices":[{"not_picked":["Combust","Blood for Blood"],"picked":"Spot Weakness","floor":1.0},{"not_picked":["Rage","Whirlwind"],"picked":"True Grit","floor":5.0},{"not_picked":["Anger","Spot Weakness","Twin Strike"],"picked":"SKIP","floor":7.0},{"not_picked":["Havoc","Infernal Blade","Cleave"],"picked":"SKIP","floor":11.0},{"not_picked":["Wild Strike","Entrench","Fiend Fire"],"picked":"SKIP","floor":14.0},{"not_picked":["Barricade","Impervious"],"picked":"Offering","floor":16.0},{"not_picked":["Body Slam+1","Clash","Thunderclap"],"picked":"SKIP","floor":18.0},{"not_picked":["Second Wind","Brutality"],"picked":"Exhume","floor":23.0},{"not_picked":["Havoc","Blood for Blood"],"picked":"Iron Wave+1","floor":25.0},{"not_picked":["Wild Strike","Rampage"],"picked":"Clothesline+1","floor":28.0},{"not_picked":["True Grit","Warcry"],"picked":"Flame Barrier","floor":31.0},{"not_picked":["Fiend Fire","Barricade"],"picked":"Demon Form","floor":33.0},{"not_picked":["Armaments","Iron Wave","Perfected Strike"],"picked":"SKIP","floor":35.0},{"not_picked":["Searing Blow","Flex"],"picked":"Shrug It Off+1","floor":36.0},{"not_picked":["Body Slam","Heavy Blade","Pommel Strike"],"picked":"SKIP","floor":37.0},{"not_picked":["Power Through","Thunderclap","Cleave"],"picked":"SKIP","floor":41.0},{"not_picked":["Twin Strike+1","Thunderclap","Heavy Blade"],"picked":"SKIP","floor":42.0},{"not_picked":["Feel No Pain+1","Clash"],"picked":"Juggernaut","floor":47.0}],"player_experience":782995,"relics_obtained":[{"floor":7.0,"key":"Vajra"},{"floor":9.0,"key":"Regal Pillow"},{"floor":10.0,"key":"Red Skull"},{"floor":11.0,"key":"Orichalcum"},{"floor":20.0,"key":"WingedGreaves"},{"floor":20.0,"key":"Gremlin Horn"},{"floor":23.0,"key":"Lantern"},{"floor":25.0,"key":"Blood Vial"},{"floor":26.0,"key":"Art of War"},{"floor":39.0,"key":"FossilizedHelix"},{"floor":41.0,"key":"Omamori"},{"floor":47.0,"key":"War Paint"}],"event_choices":[{"damage_healed":0.0,"max_hp_gain":0.0,"max_hp_loss":0.0,"gold_gain":0.0,"event_name":"Living Wall","player_choice":"Grow","floor":2.0,"gold_loss":0.0,"damage_taken":0.0,"cards_upgraded":["Bash"]},{"damage_healed":0.0,"max_hp_gain":5.0,"max_hp_loss":0.0,"gold_gain":0.0,"event_name":"Big Fish","player_choice":"Donut","floor":3.0,"gold_loss":0.0,"damage_taken":0.0},{"damage_healed":0.0,"max_hp_gain":0.0,"max_hp_loss":0.0,"gold_gain":0.0,"event_name":"Scrap Ooze","player_choice":"Success","floor":4.0,"gold_loss":0.0,"damage_taken":5.0,"relics_obtained":["Incense Burner"]},{"damage_healed":0.0,"max_hp_gain":0.0,"max_hp_loss":0.0,"gold_gain":0.0,"event_name":"Back to Basics","player_choice":"Simplicity","floor":19.0,"gold_loss":0.0,"damage_taken":0.0,"cards_upgraded":["Strike_R","Strike_R","Strike_R","Strike_R","Defend_R","Defend_R","Defend_R","Defend_R"]},{"damage_healed":0.0,"max_hp_gain":0.0,"max_hp_loss":0.0,"gold_gain":0.0,"event_name":"Colosseum","player_choice":"Fight","floor":20.0,"gold_loss":0.0,"damage_taken":0.0},{"damage_healed":0.0,"max_hp_gain":0.0,"max_hp_loss":0.0,"gold_gain":0.0,"event_name":"Colosseum","player_choice":"Fought Nobs","floor":20.0,"gold_loss":0.0,"damage_taken":0.0},{"damage_healed":0.0,"max_hp_gain":0.0,"max_hp_loss":0.0,"gold_gain":0.0,"event_name":"Ghosts","player_choice":"Ignored","floor":21.0,"gold_loss":0.0,"damage_taken":0.0},{"damage_healed":0.0,"max_hp_gain":0.0,"max_hp_loss":0.0,"gold_gain":0.0,"event_name":"Cursed Tome","player_choice":"Ignored","floor":22.0,"gold_loss":0.0,"damage_taken":0.0},{"damage_healed":0.0,"max_hp_gain":0.0,"max_hp_loss":0.0,"gold_gain":0.0,"event_name":"Tomb of Lord Red Mask","player_choice":"Paid","floor":38.0,"gold_loss":12.0,"damage_taken":0.0,"relics_obtained":["Red Mask"]},{"damage_healed":0.0,"max_hp_gain":0.0,"max_hp_loss":0.0,"gold_gain":0.0,"event_name":"MindBloom","player_choice":"Fight","floor":39.0,"gold_loss":0.0,"damage_taken":0.0},{"cards_removed":["Strike_R"],"damage_healed":0.0,"max_hp_gain":0.0,"max_hp_loss":0.0,"gold_gain":0.0,"event_name":"Falling","player_choice":"Removed Attack","floor":48.0,"gold_loss":0.0,"damage_taken":0.0}],"is_beta":false,"boss_relics":[{"not_picked":["Calling Bell","Tiny House"],"picked":"Ectoplasm"},{"not_picked":["Astrolabe","Empty Cage"],"picked":"Philosopher\u0027s Stone"}],"items_purged_floors":[13],"is_endless":false,"potions_floor_spawned":[1,5,7,16,18,20,23,31,33,36,42],"killed_by":"Awakened One","ascension_level":20}