{"gold_per_floor":[111,130,130,305,305,305,338,338,338,338,356,10,10,30,30,161,161,174,174,174,25,25,25,56,56,129,129,129,145,185,201,201,326,326,346,679,281,281,301,301,335,335,335,361,72,72,85,102,102,102],"floor_reached":51,"playtime":4189,"items_purged":["Regret","Shame","Normality"],"score":1081,"play_id":"041ecc43-9428-450c-84cb-6cba12cc40ff","local_time":"20181117121354","is_ascension_mode":true,"campfire_choices":[{"data":"Neutralize","floor":6.0,"key":"SMITH"},{"floor":10.0,"key":"REST"},{"floor":13.0,"key":"REST"},{"floor":15.0,"key":"REST"},{"data":"Noxious Fumes","floor":23.0,"key":"SMITH"},{"floor":28.0,"key":"REST"},{"data":"Catalyst","floor":32.0,"key":"SMITH"},{"data":"J.A.X.","floor":40.0,"key":"SMITH"},{"data":"Footwork","floor":42.0,"key":"SMITH"},{"data":"Blur","floor":49,"key":"SMITH"}],"neow_cost":"NONE","seed_source_timestamp":0,"circlet_count":0,"master_deck":["AscendersBane","Defend_G","Defend_G","Defend_G","Survivor","Neutralize+1","Backflip+1","All Out Attack+1","Doppelganger+1","Heel Hook","Footwork+1","Tools of the Trade","J.A.X.+1","Bite","Bite","Bite","Bite","Bite","Blur+1","Noxious Fumes+1","Deflect","Backstab","Catalyst+1","Venomology","Caltrops+1","Heel Hook+1","Backstab","Outmaneuver+1","Well Laid Plans+1","Finesse","Heel Hook","Acrobatics+1"],"special_seed":0,"relics":["Astrolabe","Snake Skull","Anchor","Ice Cream","Letter Opener","TheAbacus","Empty Cage","Ancient Tea Set","FossilizedHelix","Darkstone Periapt","Oddly Smooth Stone","Cursed Key","Bronze Scales","Lantern","Frozen Egg 2","Mercury Hourglass","Potion Belt"],"potions_floor_usage":[44,47,50,50,50,50],"damage_taken":[{"damage":2.0,"enemies":"Small Slimes","floor":1.0,"turns":3.0},{"damage":0.0,"enemies":"2 Louse","floor":2.0,"turns":2.0},{"damage":41.0,"enemies":"Lagavulin","floor":7.0,"turns":10.0},{"damage":7.0,"enemies":"Jaw Worm","floor":11.0,"turns":4.0},{"damage":1.0,"enemies":"3 Louse","floor":14.0,"turns":2.0},{"damage":26.0,"enemies":"Hexaghost","floor":16.0,"turns":20.0},{"damage":2.0,"enemies":"3 Byrds","floor":18.0,"turns":4.0},{"damage":56.0,"enemies":"Gremlin Leader","floor":24.0,"turns":8.0},{"damage":0.0,"enemies":"Colosseum Slavers","floor":27.0,"turns":4.0},{"damage":0.0,"enemies":"Shell Parasite","floor":29.0,"turns":6.0},{"damage":11.0,"enemies":"Book of Stabbing","floor":30.0,"turns":7.0},{"damage":15.0,"enemies":"Centurion and Healer","floor":31.0,"turns":7.0},{"damage":53.0,"enemies":"Automaton","floor":33.0,"turns":12.0},{"damage":7.0,"enemies":"3 Shapes","floor":35.0,"turns":5.0},{"damage":20.0,"enemies":"Orb Walker","floor":39.0,"turns":4.0},{"damage":10.0,"enemies":"Nemesis","floor":41.0,"turns":7.0},{"damage":33,"enemies":"Giant Head","floor":44,"turns":9},{"damage":1,"enemies":"4 Shapes","floor":47,"turns":5},{"damage":13,"enemies":"Maw","floor":48,"turns":8},{"damage":74,"enemies":"Awakened One","floor":50,"turns":17}],"seed_played":"-7124840183157588202","potions_obtained":[{"floor":1.0,"key":"GamblersBrew"},{"floor":7.0,"key":"Swift Potion"},{"floor":11.0,"key":"GhostInAJar"},{"floor":24.0,"key":"Block Potion"},{"floor":29.0,"key":"EssenceOfSteel"},{"floor":31.0,"key":"Poison Potion"},{"floor":33.0,"key":"Block Potion"},{"floor":39.0,"key":"AttackPotion"},{"floor":41.0,"key":"AttackPotion"},{"floor":44,"key":"GhostInAJar"},{"floor":47,"key":"Explosive Potion"}],"is_trial":false,"path_per_floor":["M","M","?","?","?","R","E","?","T","R","M","$","R","M","R","B",null,"M","?","?","$","?","R","E","?","T","?","R","M","E","M","R","B",null,"M","?","$","?","M","R","E","R","T","E","$","$","M","M","R","B",null],"character_chosen":"THE_SILENT","items_purchased":["TheAbacus","Footwork","Blur","Noxious Fumes","Bronze Scales","Lantern","Well Laid Plans+1","Finesse"],"campfire_rested":4,"item_purchase_floors":[12,12,21,21,37,37,45,45],"current_hp_per_floor":[61,61,43,43,43,43,2,2,2,21,14,14,33,32,51,25,55,53,53,45,45,45,45,8,8,8,12,25,45,38,41,41,18,38,43,43,43,43,25,25,37,37,43,30,30,30,33,42,42,12],"gold":102,"neow_bonus":"BOSS_RELIC","is_prod":false,"is_daily":false,"chose_seed":false,"campfire_upgraded":6,"win_rate":0,"timestamp":1542485634,"path_taken":["M","M","?","?","?","R","E","?","T","R","M","$","R","M","R","BOSS","M","?","?","$","?","R","E","?","T","?","R","M","E","M","R","BOSS","M","?","$","?","M","R","E","R","T","E","?","$","?","M","R","BOSS"],"build_version":"2018-11-15","purchased_purges":3,"victory":true,"max_hp_per_floor":[70,70,70,70,70,70,70,65,65,65,65,65,65,65,65,65,65,65,65,45,45,45,45,45,45,45,45,45,45,45,45,45,45,45,45,45,45,45,45,45,45,45,51,51,51,51,51,51,51,51],"card_choices":[{"not_picked":["Poisoned Stab","Dagger Spray"],"picked":"Heel Hook","floor":1.0},{"not_picked":["Backflip","Bane","PiercingWail"],"picked":"SKIP","floor":2.0},{"not_picked":["Dodge and Roll","Bane"],"picked":"Deflect","floor":7.0},{"not_picked":["Sucker Punch","Eviscerate","Dodge and Roll"],"picked":"SKIP","floor":11.0},{"not_picked":["Choke","Setup","Dagger Throw"],"picked":"SKIP","floor":14.0},{"not_picked":["Burst","Phantasmal Killer"],"picked":"Tools of the Trade","floor":16.0},{"not_picked":["Underhanded Strike","Bane","Outmaneuver"],"picked":"SKIP","floor":18.0},{"not_picked":["Flechettes","Poisoned Stab","Masterful Stab"],"picked":"SKIP","floor":24.0},{"not_picked":["Finisher","Acrobatics"],"picked":"Deflect","floor":29.0},{"not_picked":["Accuracy","Calculated Gamble"],"picked":"Backstab","floor":30.0},{"not_picked":["Prepared","Dagger Throw"],"picked":"Catalyst","floor":31.0},{"not_picked":["Glass Knife","Phantasmal Killer"],"picked":"Venomology","floor":33.0},{"not_picked":["Deadly Poison+1","Footwork+1"],"picked":"Caltrops+1","floor":35.0},{"not_picked":["Terror+1","PiercingWail"],"picked":"Heel Hook+1","floor":39.0},{"not_picked":["Catalyst","PiercingWail"],"picked":"Backstab","floor":41.0},{"not_picked":["Calculated Gamble","Grand Finale"],"picked":"Outmaneuver+1","floor":44},{"not_picked":["Dodge and Roll+1","Dagger Throw"],"picked":"Heel Hook","floor":47},{"not_picked":["Underhanded Strike+1","Finisher"],"picked":"Acrobatics+1","floor":48}],"player_experience":437390,"relics_obtained":[{"floor":7.0,"key":"Ice Cream"},{"floor":9.0,"key":"Letter Opener"},{"floor":24.0,"key":"FossilizedHelix"},{"floor":26.0,"key":"Darkstone Periapt"},{"floor":30.0,"key":"Oddly Smooth Stone"},{"floor":41.0,"key":"Frozen Egg 2"},{"floor":43.0,"key":"Mercury Hourglass"},{"floor":44,"key":"Potion Belt"}],"event_choices":[{"damage_healed":0.0,"max_hp_gain":0.0,"max_hp_loss":0.0,"gold_gain":0.0,"event_name":"Scrap Ooze","player_choice":"Success","floor":3.0,"gold_loss":0.0,"damage_taken":18.0,"relics_obtained":["Snake Skull"]},{"damage_healed":0.0,"max_hp_gain":0.0,"max_hp_loss":0.0,"gold_gain":175.0,"event_name":"Liars Game","player_choice":"AGREE","floor":4.0,"gold_loss":0.0,"damage_taken":0.0,"cards_obtained":["Doubt"]},{"damage_healed":0.0,"max_hp_gain":0.0,"max_hp_loss":0.0,"gold_gain":0.0,"event_name":"Big Fish","player_choice":"Box","floor":5.0,"gold_loss":0.0,"damage_taken":0.0,"relics_obtained":["Anchor"],"cards_obtained":["Regret"]},{"damage_healed":0.0,"max_hp_gain":0.0,"max_hp_loss":5.0,"gold_gain":0.0,"event_name":"Golden Idol","player_choice":"Lose Max HP","floor":8.0,"gold_loss":0.0,"damage_taken":0.0,"relics_obtained":["Golden Idol"]},{"damage_healed":0.0,"max_hp_gain":0.0,"max_hp_loss":0.0,"gold_gain":0.0,"event_name":"Drug Dealer","player_choice":"Obtain J.A.X.","floor":19.0,"gold_loss":0.0,"damage_taken":0.0,"cards_obtained":["J.A.X."]},{"damage_healed":0.0,"max_hp_gain":0.0,"max_hp_loss":20.0,"gold_gain":0.0,"event_name":"Vampires","player_choice":"Became a vampire","floor":20.0,"gold_loss":0.0,"damage_taken":0.0,"cards_obtained":["Bite","Bite","Bite","Bite","Bite"]},{"damage_healed":0.0,"max_hp_gain":0.0,"max_hp_loss":0.0,"gold_gain":0.0,"event_name":"Addict","player_choice":"Stole Relic","floor":22.0,"gold_loss":0.0,"damage_taken":0.0,"relics_obtained":["Ancient Tea Set"],"cards_obtained":["Shame"]},{"damage_healed":0.0,"max_hp_gain":0.0,"max_hp_loss":0.0,"gold_gain":0.0,"event_name":"Cursed Tome","player_choice":"Ignored","floor":25.0,"gold_loss":0.0,"damage_taken":0.0},{"damage_healed":0.0,"max_hp_gain":0.0,"max_hp_loss":0.0,"gold_gain":0.0,"event_name":"Colosseum","player_choice":"Fight","floor":27.0,"gold_loss":0.0,"damage_taken":0.0},{"damage_healed":0.0,"max_hp_gain":0.0,"max_hp_loss":0.0,"gold_gain":0.0,"event_name":"Colosseum","player_choice":"Fled From Nobs","floor":27.0,"gold_loss":0.0,"damage_taken":0.0},{"damage_healed":0.0,"max_hp_gain":0.0,"max_hp_loss":0.0,"gold_gain":333.0,"event_name":"The Moai Head","player_choice":"Gave Idol","floor":36.0,"relics_lost":["Golden Idol"],"gold_loss":0.0,"damage_taken":0.0},{"cards_removed":["Deflect"],"damage_healed":0.0,"max_hp_gain":0.0,"max_hp_loss":0.0,"gold_gain":0.0,"event_name":"Falling","player_choice":"Removed Skill","floor":38.0,"gold_loss":0.0,"damage_taken":0.0}],"is_beta":false,"boss_relics":[{"not_picked":["Tiny House","Fusion Hammer"],"picked":"Empty Cage"},{"not_picked":["Busted Crown","Black Star"],"picked":"Cursed Key"}],"items_purged_floors":[12,37,45],"is_endless":false,"potions_floor_spawned":[1,7,11,24,29,31,33,39,41,44,47],"ascension_level":10}