{"gold_per_floor":[217,237,237,18,18,33,62,62,62,82,82,82,1,17,17,89,89,101,14,0,0,0,0,29,29,29,49,49,63,63],"floor_reached":30,"playtime":905,"items_purged":[],"score":480,"play_id":"d0d7ebc3-fadd-4998-8624-eba206f852f6","local_time":"20190127114930","is_ascension_mode":true,"campfire_choices":[{"floor":8,"key":"REST"},{"data":"Bouncing Flask","floor":11,"key":"SMITH"},{"data":"Noxious Fumes","floor":15,"key":"SMITH"},{"data":"Crippling Poison","floor":23,"key":"SMITH"},{"data":"Survivor","floor":25,"key":"SMITH"},{"floor":28,"key":"REST"}],"neow_cost":"NONE","seed_source_timestamp":3057234539634,"circlet_count":0,"master_deck":["AscendersBane","Defend_G","Defend_G","Defend_G","Defend_G","Defend_G","Strike_G","Strike_G","Strike_G","Survivor+1","Neutralize+1","Poisoned Stab+1","Crippling Poison+1","Deflect","After Image","Bouncing Flask+1","Flying Knee","Noxious Fumes+1","Malaise","Well Laid Plans","Backstab","Footwork"],"relics":["Ring of the Snake","Anchor","Mummified Hand","Dodecahedron","Empty Cage","Letter Opener","Ornamental Fan","Oddly Smooth Stone"],"potions_floor_usage":[16,16,29],"damage_taken":[{"damage":3,"enemies":"Cultist","floor":1,"turns":4},{"damage":2,"enemies":"Jaw Worm","floor":2,"turns":5},{"damage":0,"enemies":"Small Slimes","floor":6,"turns":3},{"damage":39,"enemies":"3 Sentries","floor":7,"turns":14},{"damage":8,"enemies":"Exordium Thugs","floor":10,"turns":4},{"damage":2,"enemies":"2 Fungi Beasts","floor":14,"turns":4},{"damage":2,"enemies":"Hexaghost","floor":16,"turns":7},{"damage":11,"enemies":"3 Byrds","floor":18,"turns":4},{"damage":12,"enemies":"Slavers","floor":24,"turns":6},{"damage":7,"enemies":"2 Thieves","floor":27,"turns":4},{"damage":47,"enemies":"Cultist and Chosen","floor":29,"turns":7},{"damage":2,"enemies":"Snake Plant","floor":30,"turns":3}],"seed_played":"-3735173050121412150","potions_obtained":[{"floor":2,"key":"Regen Potion"},{"floor":10,"key":"LiquidBronze"},{"floor":16,"key":"SpeedPotion"},{"floor":18,"key":"Weak Potion"}],"is_trial":false,"path_per_floor":["M","M","?","$","?","M","E","R","T","M","R","?","$","M","R","B",null,"M","$","?","T","$","R","E","R","T","M","R","M","M"],"character_chosen":"THE_SILENT","items_purchased":["Anchor","Deflect","Noxious Fumes","Well Laid Plans"],"campfire_rested":2,"item_purchase_floors":[4,4,13,19],"current_hp_per_floor":[56,54,54,54,54,54,15,34,34,26,26,26,26,24,24,37,59,48,48,48,48,48,48,36,36,36,29,48,1,0],"gold":63,"neow_bonus":"HUNDRED_GOLD","is_prod":false,"is_daily":false,"chose_seed":false,"campfire_upgraded":4,"win_rate":0,"timestamp":1548578970,"path_taken":["M","M","?","$","?","M","E","R","T","?","R","?","?","M","R","BOSS","M","$","?","?","$","R","E","R","T","M","R","M","M"],"build_version":"2019-01-23","purchased_purges":0,"victory":false,"max_hp_per_floor":[66,66,66,66,66,66,66,66,66,66,66,66,66,66,66,66,66,66,66,66,66,66,66,66,66,66,66,66,66,66],"card_choices":[{"not_picked":["Blade Dance","Backflip"],"picked":"Poisoned Stab","floor":1},{"not_picked":["Dagger Throw","Deflect"],"picked":"Crippling Poison","floor":2},{"not_picked":["Bane","Skewer"],"picked":"After Image","floor":6},{"not_picked":["All Out Attack","Prepared"],"picked":"Bouncing Flask","floor":7},{"not_picked":["Eviscerate","Blade Dance"],"picked":"Flying Knee","floor":10},{"not_picked":["Quick Slash","Dagger Throw","Finisher"],"picked":"SKIP","floor":14},{"not_picked":["Phantasmal Killer","Glass Knife"],"picked":"Malaise","floor":16},{"not_picked":["Flying Knee","Accuracy","Dagger Throw"],"picked":"SKIP","floor":18},{"not_picked":["Sucker Punch","Underhanded Strike","Terror"],"picked":"SKIP","floor":24},{"not_picked":["Bane","Infinite Blades"],"picked":"Backstab","floor":27},{"not_picked":["Outmaneuver","Blade Dance"],"picked":"Footwork","floor":29}],"player_experience":715188,"relics_obtained":[{"floor":7,"key":"Mummified Hand"},{"floor":9,"key":"Dodecahedron"},{"floor":21,"key":"Letter Opener"},{"floor":24,"key":"Ornamental Fan"},{"floor":26,"key":"Oddly Smooth Stone"}],"event_choices":[{"damage_healed":0,"gold_gain":0,"player_choice":"Grow","damage_taken":0,"max_hp_gain":0,"max_hp_loss":0,"event_name":"Living Wall","floor":3,"gold_loss":0,"cards_upgraded":["Poisoned Stab"]},{"damage_healed":0,"gold_gain":0,"player_choice":"Upgraded","damage_taken":0,"max_hp_gain":0,"max_hp_loss":0,"event_name":"Upgrade Shrine","floor":5,"gold_loss":0,"cards_upgraded":["Neutralize"]},{"damage_healed":0,"gold_gain":0,"player_choice":"Ignored","damage_taken":0,"max_hp_gain":0,"max_hp_loss":0,"event_name":"Shining Light","floor":12,"gold_loss":0},{"damage_healed":0,"gold_gain":0,"player_choice":"Paid Fearfully","damage_taken":0,"max_hp_gain":0,"max_hp_loss":0,"event_name":"Masked Bandits","floor":20,"gold_loss":14}],"is_beta":false,"boss_relics":[{"not_picked":["Runic Dome","Runic Pyramid"],"picked":"Empty Cage"}],"items_purged_floors":[],"is_endless":false,"potions_floor_spawned":[2,10,14,16,18,27],"killed_by":"Snake Plant","ascension_level":19}