{"gold_per_floor":[112,62,77,77,87,121,121,91,91,108,128,146,0,0,0,0],"floor_reached":16,"playtime":799,"items_purged":[],"score":102,"play_id":"105e66ad-3bbb-4ed9-9e7a-81e900f92723","local_time":"20180729184407","is_ascension_mode":false,"campfire_choices":[{"data":"Conserve Battery","floor":7,"key":"SMITH"},{"floor":15,"key":"REST"}],"neow_cost":"TEN_PERCENT_HP_LOSS","seed_source_timestamp":114364074738771,"circlet_count":0,"master_deck":["Strike_B","Defend_B","Defend_B","Defend_B","Defend_B","Zap","Dualcast","Beam Cell","Conserve Battery+1","Turbo","Static Discharge","Conserve Battery","Gash","Reinforced Body","BootSequence","Defragment","Steam","Sweeping Beam"],"relics":["Cracked Core","CultistMask","Calipers","Mummified Hand","Golden Idol"],"potions_floor_usage":[11],"damage_taken":[{"damage":0,"enemies":"Small Slimes","floor":1,"turns":2},{"damage":6,"enemies":"Jaw Worm","floor":3,"turns":3},{"damage":2,"enemies":"Cultist","floor":5,"turns":4},{"damage":49,"enemies":"Lagavulin","floor":6,"turns":10},{"damage":0,"enemies":"Looter","floor":8,"turns":4},{"damage":0,"enemies":"Exordium Wildlife","floor":10,"turns":4},{"damage":3,"enemies":"Gremlin Gang","floor":11,"turns":6},{"damage":3,"enemies":"3 Louse","floor":12,"turns":4},{"damage":27,"enemies":"Slime Boss","floor":16,"turns":13}],"seed_played":"-7162852021970357771","potions_obtained":[{"floor":1,"key":"Dexterity Potion"},{"floor":6,"key":"Weak Potion"}],"is_trial":false,"path_per_floor":["M","?","M","?","M","E","R","M","T","M","M","M","$","?","R"],"character_chosen":"DEFECT","items_purchased":["Defragment","Steam","Sweeping Beam"],"campfire_rested":1,"item_purchase_floors":[13,13,13],"current_hp_per_floor":[68,68,62,62,60,11,11,11,11,11,8,5,5,5,23,0],"gold":0,"neow_bonus":"REMOVE_TWO","is_prod":false,"is_daily":false,"chose_seed":false,"campfire_upgraded":1,"win_rate":0,"timestamp":1532882647,"path_taken":["M","?","M","?","M","E","R","?","T","M","?","M","$","?","R","BOSS"],"build_version":"2018-07-26","purchased_purges":0,"victory":false,"max_hp_per_floor":[68,68,68,68,68,68,68,68,68,68,68,68,68,63,63,63],"card_choices":[{"not_picked":["Self Repair","Double Energy"],"picked":"Beam Cell","floor":1},{"not_picked":["Streamline","Leap"],"picked":"Conserve Battery","floor":3},{"not_picked":["Leap","Redo"],"picked":"Turbo","floor":5},{"not_picked":["Buffer","Ball Lightning"],"picked":"Static Discharge","floor":6},{"not_picked":["Compile Driver","Beam Cell"],"picked":"Conserve Battery","floor":8},{"not_picked":["Turbo","Redo"],"picked":"Gash","floor":10},{"not_picked":["Rip and Tear","Aggregate"],"picked":"Reinforced Body","floor":11},{"not_picked":["Compile Driver","Turbo"],"picked":"BootSequence","floor":12}],"player_experience":91668,"relics_obtained":[{"floor":6,"key":"Calipers"},{"floor":9,"key":"Mummified Hand"}],"event_choices":[{"event_name":"The Cleric","player_choice":"Card Removal","floor":2,"damage_taken":0},{"event_name":"FaceTrader","player_choice":"Trade","floor":4,"damage_taken":0},{"event_name":"Golden Idol","player_choice":"Lose Max HP","floor":14,"damage_taken":0}],"is_beta":false,"boss_relics":[],"items_purged_floors":[],"is_endless":false,"potions_floor_spawned":[1,6],"killed_by":"Slime Boss","ascension_level":0}