{"gold_per_floor":[118,129,129,149,166,191,191,209,233,233,233,4,4,15,15,111,111,127,145,162,139,139,139,173,189,189,288,288],"floor_reached":28,"playtime":3350,"items_purged":[],"score":240,"play_id":"52dd1e19-d58c-4230-aa90-8e04e9612da4","local_time":"20190803144939","is_ascension_mode":false,"campfire_choices":[{"floor":7.0,"key":"REST"},{"data":"Bash","floor":10.0,"key":"SMITH"},{"data":"Searing Blow","floor":15.0,"key":"SMITH"},{"floor":23,"key":"REST"}],"neow_cost":"","seed_source_timestamp":0,"circlet_count":0,"master_deck":["Strike_R","Strike_R","Strike_R","Strike_R","Strike_R","Defend_R","Defend_R","Defend_R","Defend_R","Bash+1","Twin Strike","Seeing Red","Flex","Searing Blow+1","Berserk","Headbutt","The Bomb","Clothesline","Offering","Cleave","Flame Barrier+1","Cleave","Whirlwind+1","Armaments+1"],"special_seed":0,"relics":["Burning Blood","Red Skull","Paper Frog","Ancient Tea Set","Black Star","Nunchaku","Dodecahedron","Pantograph"],"potions_floor_usage":[24,25,28],"damage_taken":[{"damage":6.0,"enemies":"Cultist","floor":1.0,"turns":3.0},{"damage":17.0,"enemies":"Small Slimes","floor":2.0,"turns":4.0},{"damage":5.0,"enemies":"2 Louse","floor":4.0,"turns":3.0},{"damage":9.0,"enemies":"Blue Slaver","floor":5.0,"turns":3.0},{"damage":58.0,"enemies":"Lagavulin","floor":6.0,"turns":7.0},{"damage":0.0,"enemies":"Large Slime","floor":8.0,"turns":3.0},{"damage":15.0,"enemies":"Looter","floor":14.0,"turns":3.0},{"damage":54.0,"enemies":"The Guardian","floor":16.0,"turns":7.0},{"damage":11,"enemies":"Chosen","floor":18,"turns":5},{"damage":33,"enemies":"Spheric Guardian","floor":19,"turns":4},{"damage":25,"enemies":"Snecko","floor":20,"turns":4},{"damage":40,"enemies":"Slavers","floor":24,"turns":5},{"damage":17,"enemies":"Chosen and Byrds","floor":25,"turns":4},{"damage":15,"enemies":"Centurion and Healer","floor":28,"turns":1}],"seed_played":"-5629055876869578086","potions_obtained":[{"floor":2.0,"key":"Poison Potion"},{"floor":6.0,"key":"Weak Potion"},{"floor":8.0,"key":"Block Potion"},{"floor":16.0,"key":"Ancient Potion"},{"floor":24,"key":"Dexterity Potion"},{"floor":25,"key":"SteroidPotion"}],"is_trial":false,"path_per_floor":["M","M","T","M","M","E","R","M","T","R","?","$","?","M","R","B",null,"M","M","M","$","?","R","E","M","T","?","M"],"character_chosen":"IRONCLAD","items_purchased":["The Bomb","Inflame","Cleave"],"campfire_rested":2,"item_purchase_floors":[12,12,21],"current_hp_per_floor":[80,69,69,70,67,15,39,45,45,45,71,71,80,71,71,23,80,75,48,29,29,29,53,19,8,8,8,0],"gold":288,"neow_bonus":"","is_prod":false,"is_daily":false,"chose_seed":false,"campfire_upgraded":2,"win_rate":0.0,"timestamp":1564840179,"path_taken":["M","M","?","M","M","E","R","M","T","R","?","$","?","?","R","BOSS","M","M","M","$","?","R","E","M","T","?","M"],"build_version":"2019-07-17","purchased_purges":0,"victory":false,"max_hp_per_floor":[80,80,80,80,80,80,80,80,80,80,80,80,80,80,80,80,80,80,80,80,80,80,80,80,80,80,80,80],"card_choices":[{"not_picked":["Iron Wave","Clash"],"picked":"Twin Strike","floor":1.0},{"not_picked":["Iron Wave","Body Slam"],"picked":"Seeing Red","floor":2.0},{"not_picked":["True Grit","Warcry"],"picked":"Flex","floor":4.0},{"not_picked":["Sword Boomerang","Body Slam"],"picked":"Searing Blow","floor":5.0},{"not_picked":["Flex","Sword Boomerang"],"picked":"Berserk","floor":6.0},{"not_picked":["Twin Strike","Intimidate"],"picked":"Headbutt","floor":8.0},{"not_picked":["Shrug It Off","Cleave"],"picked":"Clothesline","floor":14.0},{"not_picked":["Berserk","Impervious"],"picked":"Offering","floor":16.0},{"not_picked":["Iron Wave","Perfected Strike"],"picked":"Cleave","floor":18},{"not_picked":["Sword Boomerang","Twin Strike","Cleave"],"picked":"SKIP","floor":19},{"not_picked":["Inflame","Shrug It Off"],"picked":"Flame Barrier+1","floor":20},{"not_picked":["Bloodletting","Sever Soul+1"],"picked":"Whirlwind+1","floor":24},{"not_picked":["Shrug It Off","Flex"],"picked":"Armaments+1","floor":25}],"player_experience":0,"relics_obtained":[{"floor":3.0,"key":"Red Skull"},{"floor":6.0,"key":"Paper Frog"},{"floor":9.0,"key":"Ancient Tea Set"},{"floor":24,"key":"Nunchaku"},{"floor":24,"key":"Dodecahedron"},{"floor":26,"key":"Pantograph"}],"event_choices":[{"damage_healed":26.0,"max_hp_gain":0.0,"max_hp_loss":0.0,"gold_gain":0.0,"event_name":"Big Fish","player_choice":"Banana","floor":11.0,"gold_loss":0.0,"damage_taken":0.0},{"cards_removed":["Inflame"],"damage_healed":9.0,"max_hp_gain":0.0,"max_hp_loss":0.0,"gold_gain":0.0,"event_name":"Bonfire Elementals","player_choice":"Offered Uncommon","floor":13.0,"gold_loss":0.0,"damage_taken":0.0},{"damage_healed":0,"gold_gain":0,"player_choice":"Ignored","damage_taken":0,"max_hp_gain":0,"max_hp_loss":0,"event_name":"Ghosts","floor":22,"gold_loss":0},{"damage_healed":0,"gold_gain":99,"player_choice":"Stole From Cult","damage_taken":0,"max_hp_gain":0,"max_hp_loss":0,"event_name":"Nest","floor":27,"gold_loss":0}],"is_beta":false,"boss_relics":[{"not_picked":["Ectoplasm","Mark of Pain"],"picked":"Black Star"}],"items_purged_floors":[],"is_endless":false,"potions_floor_spawned":[2,6,8,16,24,25],"killed_by":"Centurion and Healer","ascension_level":0}