{"gold_per_floor":[20,20,20,20,32,93,105,139,166,166],"floor_reached":10,"playtime":315,"items_purged":[],"score":114,"play_id":"32f333f8-84e5-4d6a-99c6-49ab87c652c7","local_time":"20190801135559","is_ascension_mode":true,"campfire_choices":[],"neow_cost":"NO_GOLD","seed_source_timestamp":54201244726008,"circlet_count":0,"master_deck":["AscendersBane","Strike_R","Strike_R","Strike_R","Strike_R","Defend_R","Defend_R","Defend_R","Defend_R","Bash","Limit Break","Pummel","Reaper"],"special_seed":0,"relics":["Burning Blood","Tiny Chest","PreservedInsect","Art of War"],"potions_floor_usage":[8,8],"damage_taken":[{"damage":5.0,"enemies":"Cultist","floor":1.0,"turns":4.0},{"damage":8.0,"enemies":"Jaw Worm","floor":5.0,"turns":5.0},{"damage":36.0,"enemies":"Gremlin Nob","floor":6.0,"turns":5.0},{"damage":0.0,"enemies":"2 Louse","floor":7.0,"turns":2.0},{"damage":39,"enemies":"3 Sentries","floor":8,"turns":10},{"damage":20,"enemies":"Lagavulin","floor":10,"turns":3}],"seed_played":"4294318047787196946","potions_obtained":[{"floor":5.0,"key":"Dexterity Potion"},{"floor":7.0,"key":"Explosive Potion"}],"is_trial":false,"path_per_floor":["M","$","$","?","M","E","M","E","T","E"],"character_chosen":"IRONCLAD","items_purchased":[],"campfire_rested":0,"item_purchase_floors":[],"current_hp_per_floor":[73,73,73,73,71,41,47,14,14,0],"gold":166,"neow_bonus":"THREE_RARE_CARDS","is_prod":false,"is_daily":false,"chose_seed":false,"campfire_upgraded":0,"win_rate":0,"timestamp":1564692959,"path_taken":["M","?","$","?","M","E","?","E","T","E"],"build_version":"2019-07-17","purchased_purges":0,"victory":false,"max_hp_per_floor":[80,80,80,80,80,80,80,80,80,80],"card_choices":[{"not_picked":["Reaper","Double Tap"],"picked":"Limit Break","floor":0.0},{"not_picked":["Heavy Blade","True Grit","Sword Boomerang"],"picked":"SKIP","floor":1.0},{"not_picked":["Iron Wave","Perfected Strike","Armaments"],"picked":"SKIP","floor":5.0},{"not_picked":["Headbutt","Metallicize","Wild Strike"],"picked":"SKIP","floor":6.0},{"not_picked":["Clothesline","Sever Soul","Warcry"],"picked":"SKIP","floor":7.0},{"not_picked":["Pommel Strike","Twin Strike"],"picked":"Reaper","floor":8}],"player_experience":713750,"relics_obtained":[{"floor":6.0,"key":"Tiny Chest"},{"floor":8,"key":"PreservedInsect"},{"floor":9,"key":"Art of War"}],"event_choices":[{"damage_healed":0.0,"max_hp_gain":0.0,"max_hp_loss":0.0,"gold_gain":0.0,"cards_transformed":["Strike_R"],"event_name":"Transmorgrifier","player_choice":"Transformed","floor":4.0,"gold_loss":0.0,"damage_taken":0.0,"cards_obtained":["Pummel"]}],"is_beta":false,"boss_relics":[],"items_purged_floors":[],"is_endless":false,"potions_floor_spawned":[5,7],"killed_by":"Lagavulin","ascension_level":10}