{"gold_per_floor":[112,131,131,149,324,350,362],"floor_reached":7,"playtime":620,"items_purged":[],"score":51,"play_id":"89fe6a1c-0793-4962-be2a-df64eecd9b3a","local_time":"20190720221904","is_ascension_mode":false,"campfire_choices":[],"neow_cost":"NONE","seed_source_timestamp":361751297359110,"circlet_count":0,"master_deck":["Slimebound:Strike_Slimebound","Slimebound:Strike_Slimebound","Slimebound:Strike_Slimebound","Slimebound:Tackle","Slimebound:Defend_Slimebound","Slimebound:Defend_Slimebound","Slimebound:Defend_Slimebound","Slimebound:Defend_Slimebound","Slimebound:Split","Slimebound:CorrosiveSpit","Slimebound:ComboTackle","Slimebound:LeechingTouch","Slimebound:LeechEnergy","Doubt","Slimebound:DivideAndConquer"],"relics":["Slimebound:AbsorbEndCombat","Slimebound:GreedOozeRelic","MawBank"],"potions_floor_usage":[7],"damage_taken":[{"damage":8,"enemies":"Jaw Worm","floor":1,"turns":4},{"damage":10,"enemies":"2 Louse","floor":2,"turns":2},{"damage":6,"enemies":"Small Slimes","floor":4,"turns":2},{"damage":66,"enemies":"3 Sentries","floor":6,"turns":8},{"damage":14,"enemies":"Gremlin Gang","floor":7,"turns":1}],"seed_played":"6163038189143157392","potions_obtained":[{"floor":6,"key":"Fire Potion"}],"is_trial":false,"path_per_floor":["M","M","?","M","?","E","M"],"character_chosen":"SLIMEBOUND","items_purchased":[],"campfire_rested":0,"item_purchase_floors":[],"current_hp_per_floor":[77,73,73,73,73,13,0],"gold":362,"neow_bonus":"TEN_PERCENT_HP_BONUS","is_prod":false,"is_daily":false,"chose_seed":false,"campfire_upgraded":0,"win_rate":0.0,"timestamp":1563675544,"path_taken":["M","M","?","M","?","E","M"],"build_version":"2019-07-17","purchased_purges":0,"victory":false,"max_hp_per_floor":[77,77,77,77,77,77,77],"card_choices":[{"not_picked":["Slimebound:SlimeSpikes","Slimebound:FlameTackle"],"picked":"Slimebound:ComboTackle","floor":1},{"not_picked":["Slimebound:VenomTackle","Slimebound:TendrilStrike"],"picked":"Slimebound:LeechingTouch","floor":2},{"not_picked":["Slimebound:FlameTackle","Slimebound:LeechingTouch"],"picked":"Slimebound:LeechEnergy","floor":4},{"not_picked":["Slimebound:SplitMire","Slimebound:SplitLeeching"],"picked":"Slimebound:DivideAndConquer","floor":6}],"player_experience":75375,"relics_obtained":[{"floor":6,"key":"MawBank"}],"event_choices":[{"damage_healed":0,"gold_gain":175,"player_choice":"AGREE","damage_taken":0,"max_hp_gain":0,"max_hp_loss":0,"event_name":"Liars Game","floor":5,"gold_loss":0,"cards_obtained":["Doubt"]}],"is_beta":false,"boss_relics":[],"items_purged_floors":[],"is_endless":false,"potions_floor_spawned":[6],"killed_by":"Gremlin Gang","ascension_level":0}