{"gold_per_floor":[113,113,130,130,205,205,239,253,253,253,253,253,287,297,297,374,374,384,399,399,2,28,28,86,86,86,86,86,106,124,155,155,232,232,243,243,243,543,554,554,302,302,353,353,353,384,6,16,16,16],"floor_reached":51,"playtime":1875,"items_purged":["Strike_B","Defend_B","Strike_B"],"score":1412,"play_id":"f962a9f9-f60a-4e42-9c67-4c7e5efe7868","local_time":"20190108135955","is_ascension_mode":true,"campfire_choices":[{"data":"Defragment","floor":6.0,"key":"SMITH"},{"floor":10.0,"key":"REST"},{"data":"Loop","floor":11.0,"key":"SMITH"},{"floor":12.0,"key":"REST"},{"data":"Cold Snap","floor":15.0,"key":"SMITH"},{"data":"Defragment","floor":23.0,"key":"SMITH"},{"data":"Coolheaded","floor":25.0,"key":"SMITH"},{"floor":27.0,"key":"REST"},{"floor":32.0,"key":"REST"},{"floor":40.0,"key":"REST"},{"floor":42.0,"key":"REST"},{"floor":49.0,"key":"REST"}],"neow_cost":"NONE","seed_source_timestamp":4712909483746,"circlet_count":0,"master_deck":["AscendersBane","Defend_B","Defend_B","Defend_B","Zap+1","Dualcast","Defragment+1","Loop+1","Leap","Cold Snap+1","Hello World","Biased Cognition","Loop","Coolheaded+1","Chaos","Ball Lightning","Defragment+1","Undo","Steam","BootSequence+1","White Noise","Electrodynamics","Blizzard+1","Force Field","Core Surge","Heatsinks","Coolheaded","Storm","Amplify"],"special_seed":0,"relics":["Cracked Core","StoneCalendar","WingedGreaves","Anchor","Inserter","Lee\u0027s Waffle","Lantern","Tiny Chest","Letter Opener","Art of War","Fusion Hammer","Old Coin","Regal Pillow","The Courier","Question Card"],"potions_floor_usage":[50,50],"damage_taken":[{"damage":1.0,"enemies":"Cultist","floor":1.0,"turns":4.0},{"damage":4.0,"enemies":"Jaw Worm","floor":3.0,"turns":3.0},{"damage":25.0,"enemies":"3 Sentries","floor":7.0,"turns":7.0},{"damage":3.0,"enemies":"2 Louse","floor":8.0,"turns":3.0},{"damage":11.0,"enemies":"Lagavulin","floor":13.0,"turns":6.0},{"damage":6.0,"enemies":"Large Slime","floor":14.0,"turns":5.0},{"damage":38.0,"enemies":"Slime Boss","floor":16.0,"turns":7.0},{"damage":3.0,"enemies":"Spheric Guardian","floor":18.0,"turns":4.0},{"damage":33.0,"enemies":"3 Byrds","floor":19.0,"turns":5.0},{"damage":30.0,"enemies":"Gremlin Leader","floor":24.0,"turns":6.0},{"damage":6.0,"enemies":"Snake Plant","floor":29.0,"turns":4.0},{"damage":15.0,"enemies":"Snecko","floor":30.0,"turns":5.0},{"damage":53.0,"enemies":"Slavers","floor":31.0,"turns":7.0},{"damage":0.0,"enemies":"Automaton","floor":33.0,"turns":7.0},{"damage":23.0,"enemies":"Orb Walker","floor":35.0,"turns":5.0},{"damage":0.0,"enemies":"3 Shapes","floor":39.0,"turns":5.0},{"damage":29.0,"enemies":"Reptomancer","floor":46.0,"turns":5.0},{"damage":30.0,"enemies":"Spire Growth","floor":48.0,"turns":4.0},{"damage":34,"enemies":"Time Eater","floor":50,"turns":12}],"seed_played":"-7763778929094499545","potions_obtained":[{"floor":1.0,"key":"Energy Potion"},{"floor":13.0,"key":"SpeedPotion"},{"floor":16.0,"key":"Swift Potion"},{"floor":29.0,"key":"Regen Potion"},{"floor":30.0,"key":"Ancient Potion"},{"floor":33.0,"key":"GamblersBrew"},{"floor":46.0,"key":"GamblersBrew"},{"floor":48.0,"key":"Dexterity Potion"}],"is_trial":false,"path_per_floor":["M","?","M","?","?","R","E","M","T","R","R","R","E","M","R","B",null,"M","M","?","$","T","R","E","R","T","R","?","M","M","E","R","B",null,"M","?","?","T","M","R","$","R","T","?","T","E","$","M","R","B",null],"character_chosen":"DEFECT","items_purchased":["Lee\u0027s Waffle","Ball Lightning","Defragment","Fruit Juice","Force Field","Heatsinks","Coolheaded","SpeedPotion","SteroidPotion","PowerPotion","Storm"],"campfire_rested":7,"item_purchase_floors":[21,21,21,41,41,47,47,47,47,47,47],"current_hp_per_floor":[63,63,59,59,48,48,23,20,20,41,41,62,51,45,45,7,55,52,19,19,78,78,78,48,48,48,71,71,65,50,12,35,35,67,44,44,44,44,44,67,67,78,78,78,78,54,54,24,63,29],"gold":16,"neow_bonus":"UPGRADE_CARD","is_prod":false,"is_daily":false,"chose_seed":false,"campfire_upgraded":5,"win_rate":0,"timestamp":1546945195,"path_taken":["M","?","M","?","?","R","E","M","T","R","R","R","E","M","R","BOSS","M","M","?","$","?","R","E","R","T","R","?","M","?","E","R","BOSS","M","?","?","?","?","R","?","R","T","?","?","E","$","M","R","BOSS"],"build_version":"2019-01-03v4","purchased_purges":3,"victory":true,"max_hp_per_floor":[71,71,71,71,71,71,71,71,71,71,71,71,71,71,71,71,71,71,71,71,78,78,78,78,78,78,78,78,78,78,78,78,78,78,78,78,78,78,78,78,78,78,78,78,78,83,83,83,83,83],"card_choices":[{"not_picked":["Barrage","Coolheaded"],"picked":"Defragment","floor":1.0},{"not_picked":["Redo","Stack"],"picked":"Loop","floor":3.0},{"not_picked":["Recycle","Barrage"],"picked":"Leap","floor":7.0},{"not_picked":["Hologram","Rebound"],"picked":"Cold Snap","floor":8.0},{"not_picked":["Meteor Strike","Redo","Compile Driver"],"picked":"SKIP","floor":13.0},{"not_picked":["Barrage","Compile Driver"],"picked":"Hello World","floor":14.0},{"not_picked":["Core Surge","Thunder Strike"],"picked":"Biased Cognition","floor":16.0},{"not_picked":["Leap","Genetic Algorithm"],"picked":"Loop","floor":18.0},{"not_picked":["Steam","Go for the Eyes"],"picked":"Coolheaded","floor":19.0},{"not_picked":["Coolheaded","Leap"],"picked":"Undo","floor":24.0},{"not_picked":["Rip and Tear","Steam"],"picked":"BootSequence+1","floor":29.0},{"not_picked":["Reinforced Body","Multi-Cast"],"picked":"White Noise","floor":30.0},{"not_picked":["Rebound","Sweeping Beam","Stack"],"picked":"SKIP","floor":31.0},{"not_picked":["Thunder Strike","Creative AI"],"picked":"Electrodynamics","floor":33.0},{"not_picked":["Beam Cell","Leap+1"],"picked":"Blizzard+1","floor":35.0},{"not_picked":["Leap","Gash","Storm"],"picked":"SKIP","floor":39.0},{"not_picked":["Melter","White Noise"],"picked":"Core Surge","floor":46.0},{"not_picked":["Rebound","Cold Snap","Barrage"],"picked":"Amplify","floor":48.0}],"player_experience":667097,"relics_obtained":[{"floor":7.0,"key":"StoneCalendar"},{"floor":9.0,"key":"WingedGreaves"},{"floor":13.0,"key":"Anchor"},{"floor":22.0,"key":"Lantern"},{"floor":24.0,"key":"Tiny Chest"},{"floor":26.0,"key":"Letter Opener"},{"floor":31.0,"key":"Art of War"},{"floor":38.0,"key":"Old Coin"},{"floor":43.0,"key":"Regal Pillow"},{"floor":45.0,"key":"The Courier"},{"floor":46.0,"key":"Question Card"}],"event_choices":[{"damage_healed":0.0,"max_hp_gain":0.0,"max_hp_loss":0.0,"gold_gain":0.0,"event_name":"Shining Light","player_choice":"Ignored","floor":2.0,"gold_loss":0.0,"damage_taken":0.0},{"damage_healed":0.0,"max_hp_gain":0.0,"max_hp_loss":0.0,"gold_gain":0.0,"event_name":"Liars Game","player_choice":"Ignored","floor":4.0,"gold_loss":0.0,"damage_taken":0.0},{"damage_healed":0.0,"max_hp_gain":0.0,"max_hp_loss":0.0,"gold_gain":75.0,"event_name":"World of Goop","player_choice":"Gather Gold","floor":5.0,"gold_loss":0.0,"damage_taken":11.0},{"damage_healed":0.0,"max_hp_gain":0.0,"max_hp_loss":0.0,"gold_gain":0.0,"cards_transformed":["Strike_B"],"event_name":"Transmorgrifier","player_choice":"Transformed","floor":20.0,"gold_loss":0.0,"damage_taken":0.0,"cards_obtained":["Chaos"]},{"damage_healed":0.0,"max_hp_gain":0.0,"max_hp_loss":0.0,"gold_gain":0.0,"event_name":"Match and Keep!","player_choice":"1 cards matched","floor":28.0,"gold_loss":0.0,"damage_taken":0.0,"cards_obtained":["Steam"]},{"damage_healed":0.0,"max_hp_gain":0.0,"max_hp_loss":0.0,"gold_gain":0.0,"event_name":"Tomb of Lord Red Mask","player_choice":"Ignored","floor":36.0,"gold_loss":0.0,"damage_taken":0.0},{"damage_healed":0.0,"max_hp_gain":0.0,"max_hp_loss":0.0,"gold_gain":0.0,"event_name":"Mysterious Sphere","player_choice":"Ignored","floor":37.0,"gold_loss":0.0,"damage_taken":0.0},{"cards_removed":["Strike_B"],"damage_healed":0.0,"max_hp_gain":0.0,"max_hp_loss":0.0,"gold_gain":0.0,"event_name":"Falling","player_choice":"Removed Attack","floor":44.0,"gold_loss":0.0,"damage_taken":0.0}],"is_beta":false,"boss_relics":[{"not_picked":["Runic Dome","Astrolabe"],"picked":"Inserter"},{"not_picked":["Calling Bell","Lizard Tail"],"picked":"Fusion Hammer"}],"items_purged_floors":[21,41,47],"is_endless":false,"potions_floor_spawned":[1,13,16,29,30,33,46,48],"ascension_level":18}