{"gold_per_floor":[110,110,14,24,24,24,57,57,80,96,123,138,171,79,79,179,179,198,198,226,240,44,77,93,93,143,20,295,295,308,308],"floor_reached":31,"playtime":1703,"items_purged":["Corruption"],"score":298,"play_id":"4881773f-8c03-46a5-a63d-f2c49512ab77","local_time":"20180822032811","is_ascension_mode":true,"campfire_choices":[{"data":"Entrench","floor":6.0,"key":"SMITH"},{"data":"Fiend Fire","floor":8.0,"key":"SMITH"},{"floor":15.0,"key":"REST"},{"data":"Perfected Strike","floor":25.0,"key":"PURGE"}],"neow_cost":"PERCENT_DAMAGE","seed_source_timestamp":0,"circlet_count":0,"master_deck":["Bash+1","Searing Blow","Rupture+1","Heavy Blade","Entrench+1","Fiend Fire+1","Brutality","Clash","Seeing Red","Body Slam","Discovery","Juggernaut","Wild Strike","Shockwave","Twin Strike","Anger","Clothesline+1","Rupture+1","Inflame+1","Entrench","Pummel+1","Metallicize","Regret","Heavy Blade+1"],"special_seed":0,"relics":["Burning Blood","Centennial Puzzle","Whetstone","Peace Pipe","Meat on the Bone","Pandora\u0027s Box","Red Mask","Toolbox","Smiling Mask","Vajra"],"potions_floor_usage":[30,31],"damage_taken":[{"damage":3.0,"enemies":"2 Louse","floor":1.0,"turns":4.0},{"damage":6.0,"enemies":"Cultist","floor":4.0,"turns":4.0},{"damage":14.0,"enemies":"Gremlin Nob","floor":7.0,"turns":3.0},{"damage":2.0,"enemies":"Jaw Worm","floor":10.0,"turns":2.0},{"damage":16.0,"enemies":"Lagavulin","floor":11.0,"turns":5.0},{"damage":7.0,"enemies":"Blue Slaver","floor":12.0,"turns":3.0},{"damage":11.0,"enemies":"3 Sentries","floor":13.0,"turns":8.0},{"damage":14.0,"enemies":"Hexaghost","floor":16.0,"turns":5.0},{"damage":14.0,"enemies":"Shell Parasite","floor":18.0,"turns":2.0},{"damage":46.0,"floor":20.0,"turns":4.0},{"damage":19.0,"enemies":"3 Byrds","floor":21.0,"turns":5.0},{"damage":31.0,"enemies":"Book of Stabbing","floor":23.0,"turns":4.0},{"damage":20.0,"enemies":"Centurion and Healer","floor":24.0,"turns":5.0},{"damage":22,"enemies":"Snake Plant","floor":30,"turns":2},{"damage":28,"enemies":"Shelled Parasite and Fungi","floor":31,"turns":2}],"seed_played":"6329160641843906569","potions_obtained":[{"floor":1.0,"key":"SteroidPotion"},{"floor":10.0,"key":"Fire Potion"},{"floor":16.0,"key":"Regen Potion"},{"floor":20.0,"key":"SkillPotion"},{"floor":24.0,"key":"Swift Potion"},{"floor":30,"key":"Fire Potion"}],"is_trial":false,"path_per_floor":["M","?","$","M","?","R","E","R","T","M","E","M","E","$","R","B",null,"M","?","?","M","$","E","M","R","T","$","?","?","M"],"character_chosen":"IRONCLAD","items_purchased":["Rupture","Heavy Blade","Discovery","Toolbox","Metallicize"],"campfire_rested":1,"item_purchase_floors":[3,3,14,22,27],"current_hp_per_floor":[59,59,59,59,43,43,35,35,35,39,29,28,23,23,47,51,80,72,72,56,55,55,42,40,40,40,40,40,25,21,0],"gold":308,"neow_bonus":"REMOVE_TWO","is_prod":false,"is_daily":false,"chose_seed":false,"campfire_upgraded":2,"win_rate":0,"timestamp":1534933691,"path_taken":["M","?","$","M","?","R","E","R","T","?","E","M","E","?","R","BOSS","M","?","?","?","$","E","M","R","T","$","?","?","M","M"],"build_version":"2018-08-16","purchased_purges":1,"victory":false,"max_hp_per_floor":[80,80,80,80,80,80,80,80,80,80,80,80,80,80,80,80,80,80,80,80,80,80,80,80,80,80,80,80,85,85,85],"card_choices":[{"not_picked":["Pommel Strike","True Grit"],"picked":"Searing Blow","floor":1.0},{"not_picked":["Perfected Strike","Havoc"],"picked":"Entrench","floor":4.0},{"not_picked":["Pommel Strike","Shrug It Off"],"picked":"Fiend Fire","floor":7.0},{"not_picked":["Warcry","Combust"],"picked":"Brutality","floor":10.0},{"not_picked":["Sword Boomerang","Flex"],"picked":"Clash","floor":11.0},{"not_picked":["Corruption","True Grit"],"picked":"Seeing Red","floor":12.0},{"not_picked":["Twin Strike","Pommel Strike"],"picked":"Body Slam","floor":13.0},{"not_picked":["Immolate","Fiend Fire"],"picked":"Juggernaut","floor":16.0},{"not_picked":["Perfected Strike","Flex"],"picked":"Clothesline+1","floor":18.0},{"not_picked":["Shrug It Off","Headbutt+1"],"picked":"Inflame+1","floor":20.0},{"not_picked":["Pommel Strike","Wild Strike","Cleave"],"picked":"SKIP","floor":21.0},{"not_picked":["Clash","Clothesline"],"picked":"Entrench","floor":23.0},{"not_picked":["Pommel Strike+1","Anger+1"],"picked":"Pummel+1","floor":24.0},{"not_picked":["Anger+1","Shrug It Off"],"picked":"Heavy Blade+1","floor":30}],"player_experience":152744,"relics_obtained":[{"floor":7.0,"key":"Centennial Puzzle"},{"floor":9.0,"key":"Whetstone"},{"floor":11.0,"key":"Peace Pipe"},{"floor":13.0,"key":"Meat on the Bone"},{"floor":20.0,"key":"Red Mask"},{"floor":23.0,"key":"Smiling Mask"},{"floor":26.0,"key":"Vajra"}],"event_choices":[{"event_name":"Bonfire Elementals","player_choice":"BASIC","floor":2.0,"damage_taken":0.0},{"event_name":"Shining Light","player_choice":"Entered Light","floor":5.0,"damage_taken":0.0},{"event_name":"Duplicator","player_choice":"One dupe","floor":19.0,"damage_taken":0.0},{"event_name":"Masked Bandits","player_choice":"Fought Bandits","floor":20.0,"damage_taken":0.0},{"event_name":"Golden Shrine","player_choice":"Desecrate","floor":28.0,"damage_taken":0.0},{"event_name":"Forgotten Altar","player_choice":"Shed Blood","floor":29.0,"damage_taken":0.0}],"is_beta":false,"boss_relics":[{"not_picked":["Black Star","Black Blood"],"picked":"Pandora\u0027s Box"}],"items_purged_floors":[27],"is_endless":false,"potions_floor_spawned":[1,10,16,20,24,30],"killed_by":"Shelled Parasite and Fungi","ascension_level":2}