{"gold_per_floor":[116,116,116,135,60,60,89,164,164,164,164,183,209,223,223,349,349,362,362,23,23,38,38,62,77,100,135,135,151,164,185,185,306,306,326,351,375,36,61,61],"floor_reached":40,"playtime":1802,"items_purged":["Strike_G","Strike_G"],"score":513,"play_id":"f186e888-b852-4da8-97c3-a82c9358f8ab","local_time":"20190203143127","is_ascension_mode":true,"campfire_choices":[{"data":"Neutralize","floor":6.0,"key":"SMITH"},{"floor":11.0,"key":"REST"},{"data":"Dash","floor":15.0,"key":"SMITH"},{"data":"Skewer","floor":23.0,"key":"SMITH"},{"floor":28,"key":"REST"},{"floor":32,"key":"REST"}],"neow_cost":"NONE","seed_source_timestamp":6328561767832,"circlet_count":0,"master_deck":["Defend_G","Defend_G","Defend_G","Defend_G","Defend_G","Strike_G","Strike_G","Survivor","Neutralize+1","Distraction","All Out Attack","Deflect","Dash+1","Doppelganger","RitualDagger","Well Laid Plans","Skewer+1","PiercingWail","Malaise","Noxious Fumes","PiercingWail","Bouncing Flask+1","After Image","Sucker Punch+1"],"special_seed":0,"relics":["Ring of the Snake","Paper Crane","Pantograph","Golden Idol","Anchor","Sozu","Lee\u0027s Waffle","Dream Catcher","Vajra","Cursed Key","Bottled Flame"],"potions_floor_usage":[],"damage_taken":[{"damage":1.0,"enemies":"2 Louse","floor":1.0,"turns":3.0},{"damage":0.0,"enemies":"Cultist","floor":4.0,"turns":4.0},{"damage":48.0,"enemies":"Gremlin Nob","floor":7.0,"turns":6.0},{"damage":0.0,"enemies":"Small Slimes","floor":12.0,"turns":4.0},{"damage":9.0,"enemies":"2 Fungi Beasts","floor":14.0,"turns":3.0},{"damage":21.0,"enemies":"The Guardian","floor":16.0,"turns":18.0},{"damage":25.0,"enemies":"Spheric Guardian","floor":18.0,"turns":10.0},{"damage":5.0,"enemies":"Shell Parasite","floor":22.0,"turns":6.0},{"damage":16.0,"enemies":"Sentry and Sphere","floor":24.0,"turns":4.0},{"damage":12.0,"enemies":"Shelled Parasite and Fungi","floor":25.0,"turns":6.0},{"damage":18,"enemies":"Slavers","floor":27,"turns":7},{"damage":0,"enemies":"Centurion and Healer","floor":29,"turns":5},{"damage":11,"enemies":"Chosen and Byrds","floor":30,"turns":6},{"damage":0,"enemies":"Snake Plant","floor":31,"turns":4},{"damage":62,"enemies":"Automaton","floor":33,"turns":12},{"damage":0,"enemies":"3 Shapes","floor":35,"turns":4},{"damage":9,"enemies":"3 Darklings","floor":36,"turns":7},{"damage":30,"enemies":"Transient","floor":37,"turns":5},{"damage":9,"enemies":"Jaw Worm Horde","floor":39,"turns":7},{"damage":14,"enemies":"Reptomancer","floor":40,"turns":2}],"seed_played":"3540553665030119656","potions_obtained":[{"floor":1.0,"key":"SneckoOil"},{"floor":4.0,"key":"LiquidBronze"}],"is_trial":false,"path_per_floor":["M","?","?","M","$","R","E","?","T","?","R","M","T","M","R","B",null,"M","?","$","?","M","R","M","M","T","E","R","M","M","M","R","B",null,"M","M","M","$","M","E"],"character_chosen":"THE_SILENT","items_purchased":["Lee\u0027s Waffle","Well Laid Plans","Skewer","Bottled Flame"],"campfire_rested":3,"item_purchase_floors":[20,20,20,38],"current_hp_per_floor":[69,74,74,74,74,74,26,15,15,15,35,35,35,26,26,30,59,34,28,76,76,71,71,55,43,43,25,47,47,36,36,58,14,61,61,52,22,22,13,0],"gold":61,"neow_bonus":"THREE_CARDS","is_prod":false,"is_daily":false,"chose_seed":false,"campfire_upgraded":3,"win_rate":0,"timestamp":1549193487,"path_taken":["M","?","?","?","$","R","E","?","T","?","R","M","?","M","R","BOSS","M","?","$","?","M","R","M","M","T","E","R","M","M","M","R","BOSS","M","M","M","$","M","E"],"build_version":"2019-01-23","purchased_purges":2,"victory":false,"max_hp_per_floor":[70,75,75,75,75,75,75,75,75,69,69,69,69,69,69,69,69,69,69,76,76,76,76,76,76,76,76,76,76,76,76,76,76,76,76,76,76,76,76,76],"card_choices":[{"not_picked":["Acrobatics","Slice"],"picked":"Distraction","floor":0.0},{"not_picked":["Caltrops","Quick Slash"],"picked":"All Out Attack","floor":1.0},{"not_picked":["Underhanded Strike","Finisher"],"picked":"Deflect","floor":4.0},{"not_picked":["Dodge and Roll","Dagger Throw"],"picked":"Dash","floor":7.0},{"not_picked":["Dodge and Roll","Setup","Blur"],"picked":"SKIP","floor":12.0},{"not_picked":["Acrobatics","Expertise","Quick Slash"],"picked":"SKIP","floor":14.0},{"not_picked":["Wraith Form v2","Storm of Steel"],"picked":"Doppelganger","floor":16.0},{"not_picked":["Prepared+1","Slice","Quick Slash"],"picked":"SKIP","floor":18.0},{"not_picked":["Slice","Poisoned Stab","Endless Agony"],"picked":"SKIP","floor":22.0},{"not_picked":["Slice+1","Acrobatics"],"picked":"PiercingWail","floor":24.0},{"not_picked":["Distraction","Dodge and Roll"],"picked":"Malaise","floor":25.0},{"not_picked":["Underhanded Strike+1","Outmaneuver+1","Deflect"],"picked":"SKIP","floor":27},{"not_picked":["Endless Agony","Predator"],"picked":"Noxious Fumes","floor":29},{"not_picked":["Blur+1","Sucker Punch+1"],"picked":"PiercingWail","floor":30},{"not_picked":["Endless Agony","Deadly Poison"],"picked":"Bouncing Flask+1","floor":31},{"not_picked":["Grand Finale","Tools of the Trade"],"picked":"After Image","floor":33},{"not_picked":["Choke+1","Blade Dance"],"picked":"Sucker Punch+1","floor":35},{"not_picked":["Cloak And Dagger","Escape Plan+1","Slice+1"],"picked":"SKIP","floor":36},{"not_picked":["Cloak And Dagger+1","Predator","Dodge and Roll"],"picked":"SKIP","floor":37},{"not_picked":["Setup+1","Poisoned Stab+1","Dodge and Roll"],"picked":"SKIP","floor":39}],"player_experience":737957,"relics_obtained":[{"floor":7.0,"key":"Paper Crane"},{"floor":9.0,"key":"Pantograph"},{"floor":13.0,"key":"Anchor"},{"floor":26.0,"key":"Dream Catcher"},{"floor":27,"key":"Vajra"}],"event_choices":[{"damage_healed":0.0,"max_hp_gain":5.0,"max_hp_loss":0.0,"gold_gain":0.0,"event_name":"Big Fish","player_choice":"Donut","floor":2.0,"gold_loss":0.0,"damage_taken":0.0},{"cards_removed":["Strike_G"],"damage_healed":0.0,"max_hp_gain":0.0,"max_hp_loss":0.0,"gold_gain":0.0,"event_name":"Purifier","player_choice":"Purged","floor":3.0,"gold_loss":0.0,"damage_taken":0.0},{"damage_healed":0.0,"max_hp_gain":0.0,"max_hp_loss":0.0,"gold_gain":75.0,"event_name":"World of Goop","player_choice":"Gather Gold","floor":8.0,"gold_loss":0.0,"damage_taken":11.0},{"damage_healed":0.0,"max_hp_gain":0.0,"max_hp_loss":6.0,"gold_gain":0.0,"event_name":"Golden Idol","player_choice":"Lose Max HP","floor":10.0,"gold_loss":0.0,"damage_taken":0.0,"relics_obtained":["Golden Idol"]},{"damage_healed":0.0,"max_hp_gain":0.0,"max_hp_loss":0.0,"gold_gain":0.0,"event_name":"Nest","player_choice":"Joined the Cult","floor":19.0,"gold_loss":0.0,"damage_taken":6.0,"cards_obtained":["RitualDagger"]},{"damage_healed":0.0,"max_hp_gain":0.0,"max_hp_loss":0.0,"gold_gain":0.0,"event_name":"Vampires","player_choice":"Ignored","floor":21.0,"gold_loss":0.0,"damage_taken":0.0}],"is_beta":false,"boss_relics":[{"not_picked":["WristBlade","Black Star"],"picked":"Sozu"},{"not_picked":["Philosopher\u0027s Stone","Ring of the Serpent"],"picked":"Cursed Key"}],"items_purged_floors":[5,38],"is_endless":false,"potions_floor_spawned":[1,4,22,24,27,29,33,36],"killed_by":"Reptomancer","ascension_level":5}