{"gold_per_floor":[119,2,19,36,36,36,36,36,36,36,70,80,80,80,80,154,154,170,95,95,95,110,110,110,129,129,129],"floor_reached":27,"playtime":619,"items_purged":["Strike_G"],"score":408,"play_id":"39c2730b-4d2c-48b3-a454-64d1fd41d580","local_time":"20190121220232","is_ascension_mode":true,"campfire_choices":[{"data":"Footwork","floor":6,"key":"SMITH"},{"data":"Neutralize","floor":8,"key":"SMITH"},{"data":"Survivor","floor":10,"key":"SMITH"},{"floor":15,"key":"REST"},{"floor":23,"key":"REST"}],"neow_cost":"NONE","seed_source_timestamp":36849238847126,"circlet_count":0,"master_deck":["AscendersBane","Defend_G","Defend_G","Defend_G","Strike_G+1","Survivor+1","Neutralize+1","Poisoned Stab","Footwork+1","Deflect+1","Poisoned Stab","PiercingWail+1","Venomology","A Thousand Cuts","Unload+1","Quick Slash+1","Accuracy+1","Crippling Poison+1","Noxious Fumes+1","Catalyst"],"relics":["Ring of the Snake","NeowsBlessing","Dodecahedron","Astrolabe","Nloth\u0027s Gift","Frozen Egg 2"],"potions_floor_usage":[16,16,22],"damage_taken":[{"damage":0,"enemies":"Small Slimes","floor":1,"turns":1},{"damage":0,"enemies":"Cultist","floor":3,"turns":1},{"damage":0,"enemies":"Jaw Worm","floor":4,"turns":1},{"damage":25,"enemies":"Gremlin Nob","floor":11,"turns":6},{"damage":1,"enemies":"Looter","floor":12,"turns":4},{"damage":3,"enemies":"The Guardian","floor":16,"turns":14},{"damage":10,"enemies":"Spheric Guardian","floor":18,"turns":6},{"damage":31,"enemies":"Shell Parasite","floor":22,"turns":6},{"damage":14,"enemies":"Snake Plant","floor":25,"turns":6},{"damage":26,"enemies":"Centurion and Healer","floor":27,"turns":3}],"seed_played":"9190809425342353344","potions_obtained":[{"floor":3,"key":"Fire Potion"},{"floor":12,"key":"SpeedPotion"}],"is_trial":false,"path_per_floor":["M","$","M","M","$","R","?","R","T","R","E","M","?","?","R","B",null,"M","?","?","?","M","R","?","M","T","M"],"character_chosen":"THE_SILENT","items_purchased":["Footwork"],"campfire_rested":2,"item_purchase_floors":[2],"current_hp_per_floor":[59,59,59,59,59,59,59,59,59,59,34,33,33,13,32,29,57,47,47,47,47,16,35,35,21,21,0],"gold":129,"neow_bonus":"THREE_ENEMY_KILL","is_prod":false,"is_daily":false,"chose_seed":false,"campfire_upgraded":3,"win_rate":0,"timestamp":1548097352,"path_taken":["M","$","M","M","$","R","?","R","T","R","E","M","?","?","R","BOSS","M","?","?","?","?","R","?","M","T","?"],"build_version":"2019-01-17v2","purchased_purges":1,"victory":false,"max_hp_per_floor":[66,66,66,66,66,66,66,66,66,66,66,66,66,66,66,66,66,66,66,66,66,66,66,66,66,66,66],"card_choices":[{"not_picked":["Deflect","Acrobatics"],"picked":"Poisoned Stab","floor":1},{"not_picked":["Prepared","Escape Plan"],"picked":"Deflect","floor":3},{"not_picked":["Calculated Gamble","Acrobatics"],"picked":"Poisoned Stab","floor":4},{"not_picked":["Dagger Throw","Dodge and Roll"],"picked":"PiercingWail","floor":11},{"not_picked":["Infinite Blades","Dodge and Roll"],"picked":"Venomology","floor":12},{"not_picked":["After Image","Burst"],"picked":"A Thousand Cuts","floor":16},{"not_picked":["Quick Slash","Predator"],"picked":"Crippling Poison+1","floor":18},{"not_picked":["Caltrops","Choke"],"picked":"Noxious Fumes","floor":22},{"not_picked":["Endless Agony","PiercingWail"],"picked":"Catalyst","floor":25}],"player_experience":711181,"relics_obtained":[{"floor":9,"key":"Dodecahedron"},{"floor":11,"key":"Juzu Bracelet"},{"floor":26,"key":"Frozen Egg 2"}],"event_choices":[{"damage_healed":0,"gold_gain":0,"player_choice":"Grow","damage_taken":0,"max_hp_gain":0,"max_hp_loss":0,"event_name":"Living Wall","floor":7,"gold_loss":0,"cards_upgraded":["Deflect"]},{"cards_removed":["Strike_G"],"damage_healed":0,"gold_gain":0,"player_choice":"Card Removal","damage_taken":0,"max_hp_gain":0,"max_hp_loss":0,"event_name":"Wheel of Change","floor":13,"gold_loss":0},{"damage_healed":0,"gold_gain":0,"player_choice":"Entered Light","damage_taken":20,"max_hp_gain":0,"max_hp_loss":0,"event_name":"Shining Light","floor":14,"gold_loss":0,"cards_upgraded":["Strike_G","PiercingWail"]},{"cards_removed":["Strike_G"],"damage_healed":0,"gold_gain":0,"player_choice":"Gave Gold","damage_taken":0,"max_hp_gain":0,"max_hp_loss":0,"event_name":"Beggar","floor":19,"gold_loss":75},{"damage_healed":0,"gold_gain":0,"player_choice":"Ignored","damage_taken":0,"max_hp_gain":0,"max_hp_loss":0,"event_name":"The Mausoleum","floor":20,"gold_loss":0},{"damage_healed":0,"gold_gain":0,"player_choice":"Traded Relic","damage_taken":0,"relics_obtained":["Nloth\u0027s Gift"],"max_hp_gain":0,"max_hp_loss":0,"event_name":"N\u0027loth","floor":21,"relics_lost":["Juzu Bracelet"],"gold_loss":0},{"damage_healed":0,"gold_gain":0,"player_choice":"Upgraded","damage_taken":0,"max_hp_gain":0,"max_hp_loss":0,"event_name":"Upgrade Shrine","floor":24,"gold_loss":0,"cards_upgraded":["Noxious Fumes"]}],"is_beta":false,"boss_relics":[{"not_picked":["Runic Dome","Ring of the Serpent"],"picked":"Astrolabe"}],"items_purged_floors":[2],"is_endless":false,"potions_floor_spawned":[3,12],"killed_by":"Centurion and Healer","ascension_level":19}