{"gold_per_floor":[114,132,143,143,162,162,178,178,178,328,328,344,344,57,57,133,133,143,43,43,53,123,138,138,138,162,162,162,185,185,204,204,281,281,297,97,97,111,129,129,162,162,162,177,190,207,207,236,236,236],"floor_reached":51,"playtime":1947,"items_purged":["Strike_R","Doubt","Strike_R"],"score":1263,"play_id":"c80d95db-86ef-4acd-ad87-6731a8501742","local_time":"20181222010948","is_ascension_mode":true,"campfire_choices":[{"data":"Madness","floor":6,"key":"SMITH"},{"data":"Armaments","floor":8,"key":"SMITH"},{"data":"Flame Barrier","floor":11,"key":"SMITH"},{"data":"Inflame","floor":15,"key":"SMITH"},{"floor":25,"key":"REST"},{"floor":28,"key":"REST"},{"floor":30,"key":"REST"},{"floor":32,"key":"REST"},{"floor":40,"key":"REST"},{"floor":42,"key":"REST"},{"floor":47,"key":"REST"},{"floor":49,"key":"REST"}],"neow_cost":"TEN_PERCENT_HP_LOSS","seed_source_timestamp":45788112966420,"circlet_count":0,"master_deck":["AscendersBane","Strike_R","Strike_R+1","Defend_R","Defend_R","Defend_R","Bash","Panacea","Madness+1","Cleave+1","Flame Barrier+1","Twin Strike","Battle Trance","Armaments+1","Inflame+1","Immolate","Shrug It Off","Barricade","Body Slam","Metallicize","Limit Break","Metallicize","Shockwave+1","Body Slam+1"],"relics":["Burning Blood","Self Forming Clay","Gremlin Horn","Fusion Hammer","Pear","Whetstone","Strawberry","Runic Pyramid","The Courier","Shuriken","Molten Egg 2"],"potions_floor_usage":[16,24,45,50,50],"damage_taken":[{"damage":8,"enemies":"Jaw Worm","floor":1,"turns":4},{"damage":6,"enemies":"Cultist","floor":2,"turns":3},{"damage":9,"enemies":"2 Louse","floor":3,"turns":3},{"damage":12,"enemies":"Exordium Wildlife","floor":5,"turns":6},{"damage":6,"enemies":"2 Fungi Beasts","floor":7,"turns":3},{"damage":6,"enemies":"Looter","floor":12,"turns":4},{"damage":52,"enemies":"Hexaghost","floor":16,"turns":10},{"damage":15,"enemies":"Chosen","floor":18,"turns":5},{"damage":8,"enemies":"Shell Parasite","floor":21,"turns":5},{"damage":26,"enemies":"Cultist and Chosen","floor":23,"turns":6},{"damage":0,"enemies":"Sentry and Sphere","floor":24,"turns":3},{"damage":18,"enemies":"Centurion and Healer","floor":31,"turns":6},{"damage":11,"enemies":"Champ","floor":33,"turns":13},{"damage":20,"enemies":"Orb Walker","floor":35,"turns":5},{"damage":26,"enemies":"3 Darklings","floor":38,"turns":4},{"damage":12,"enemies":"4 Shapes","floor":39,"turns":8},{"damage":48,"enemies":"Reptomancer","floor":41,"turns":7},{"damage":0,"enemies":"Maw","floor":44,"turns":7},{"damage":24,"enemies":"Jaw Worm Horde","floor":45,"turns":4},{"damage":20,"enemies":"Sphere and 2 Shapes","floor":46,"turns":7},{"damage":50,"enemies":"Nemesis","floor":48,"turns":9},{"damage":34,"enemies":"Awakened One","floor":50,"turns":14}],"seed_played":"624707574233350721","potions_obtained":[{"floor":1,"key":"SmokeBomb"},{"floor":12,"key":"Energy Potion"},{"floor":16,"key":"SkillPotion"},{"floor":33,"key":"Poison Potion"},{"floor":35,"key":"PowerPotion"},{"floor":45,"key":"SkillPotion"}],"is_trial":false,"path_per_floor":["M","M","M","?","M","R","M","R","T","?","R","M","?","$","R","B",null,"M","$","?","M","T","M","M","R","T","?","R","T","R","M","R","B",null,"M","$","?","M","M","R","E","R","T","M","M","M","R","E","R","B",null],"character_chosen":"IRONCLAD","items_purchased":["Inflame","Immolate","Shrug It Off","Metallicize"],"campfire_rested":8,"item_purchase_floors":[14,14,14,36],"current_hp_per_floor":[66,66,63,63,57,57,57,57,57,57,57,57,57,57,57,11,54,45,45,45,43,53,33,39,62,62,40,64,71,90,78,90,85,89,75,75,75,55,49,76,34,61,61,67,49,35,62,18,45,17],"gold":236,"neow_bonus":"RANDOM_COLORLESS_2","is_prod":false,"is_daily":false,"chose_seed":false,"campfire_upgraded":4,"win_rate":0,"timestamp":1545430188,"path_taken":["M","M","M","?","?","R","M","R","T","?","R","M","?","$","R","BOSS","M","$","?","M","?","M","M","R","T","?","R","?","R","?","R","BOSS","M","$","?","M","M","R","E","R","T","M","M","M","R","E","R","BOSS"],"build_version":"2018-12-20","purchased_purges":3,"victory":true,"max_hp_per_floor":[68,68,68,68,68,68,68,68,68,68,68,68,68,68,68,68,68,68,68,68,68,78,78,78,78,78,83,83,90,90,90,90,90,90,90,90,90,90,90,90,90,90,90,90,90,90,90,90,90,90],"card_choices":[{"not_picked":["Warcry","Shrug It Off"],"picked":"Cleave","floor":1},{"not_picked":["Evolve","Sentinel"],"picked":"Flame Barrier","floor":2},{"not_picked":["Havoc","True Grit"],"picked":"Twin Strike","floor":3},{"not_picked":["Bloodletting","Infernal Blade"],"picked":"Battle Trance","floor":5},{"not_picked":["Combust","Pommel Strike"],"picked":"Armaments","floor":7},{"not_picked":["Wild Strike","Blood for Blood","Sever Soul"],"picked":"SKIP","floor":12},{"not_picked":["Offering","Berserk"],"picked":"Barricade","floor":16},{"not_picked":["Anger","Wild Strike","Infernal Blade"],"picked":"SKIP","floor":18},{"not_picked":["Pommel Strike","Dual Wield"],"picked":"Body Slam","floor":21},{"not_picked":["Fire Breathing","Spot Weakness"],"picked":"Metallicize","floor":23},{"not_picked":["Anger","Cleave","Clash"],"picked":"SKIP","floor":31},{"not_picked":["Brutality","Offering"],"picked":"Limit Break","floor":33},{"not_picked":["Armaments","Bloodletting","Warcry+1"],"picked":"SKIP","floor":35},{"not_picked":["Iron Wave","Sever Soul","Clash"],"picked":"SKIP","floor":38},{"not_picked":["Cleave","Armaments","Sword Boomerang"],"picked":"SKIP","floor":39},{"not_picked":["Brutality","Sword Boomerang"],"picked":"Shockwave+1","floor":41},{"not_picked":["Twin Strike","Battle Trance","Perfected Strike"],"picked":"SKIP","floor":44},{"not_picked":["Metallicize","Spot Weakness"],"picked":"Body Slam+1","floor":45},{"not_picked":["Heavy Blade","Battle Trance","Warcry"],"picked":"SKIP","floor":46},{"not_picked":["Cleave","Armaments","Spot Weakness"],"picked":"SKIP","floor":48}],"player_experience":601669,"relics_obtained":[{"floor":9,"key":"Self Forming Clay"},{"floor":22,"key":"Pear"},{"floor":26,"key":"Whetstone"},{"floor":29,"key":"Strawberry"},{"floor":41,"key":"The Courier"},{"floor":43,"key":"Shuriken"},{"floor":48,"key":"Molten Egg 2"}],"event_choices":[{"damage_healed":0,"gold_gain":0,"player_choice":"0 cards matched","damage_taken":0,"max_hp_gain":0,"max_hp_loss":0,"event_name":"Match and Keep!","floor":4,"gold_loss":0,"cards_obtained":[]},{"damage_healed":0,"gold_gain":150,"player_choice":"AGREE","damage_taken":0,"max_hp_gain":0,"max_hp_loss":0,"event_name":"Liars Game","floor":10,"gold_loss":0,"cards_obtained":["Doubt"]},{"damage_healed":0,"gold_gain":0,"player_choice":"Searched \u00271\u0027 times","damage_taken":0,"relics_obtained":["Gremlin Horn"],"max_hp_gain":0,"max_hp_loss":0,"event_name":"Dead Adventurer","floor":13,"gold_loss":0},{"cards_removed":["Strike_R"],"damage_healed":0,"gold_gain":0,"player_choice":"Elegance","damage_taken":0,"max_hp_gain":0,"max_hp_loss":0,"event_name":"Back to Basics","floor":20,"gold_loss":0},{"damage_healed":0,"gold_gain":0,"player_choice":"Shed Blood","damage_taken":27,"max_hp_gain":5,"max_hp_loss":0,"event_name":"Forgotten Altar","floor":27,"gold_loss":0},{"cards_removed":["Defend_R"],"damage_healed":0,"gold_gain":0,"player_choice":"Removed Skill","damage_taken":0,"max_hp_gain":0,"max_hp_loss":0,"event_name":"Falling","floor":37,"gold_loss":0}],"is_beta":false,"boss_relics":[{"not_picked":["Empty Cage","Pandora\u0027s Box"],"picked":"Fusion Hammer"},{"not_picked":["Black Blood","Snecko Eye"],"picked":"Runic Pyramid"}],"items_purged_floors":[14,19,36],"is_endless":false,"potions_floor_spawned":[1,12,16,18,23,33,35,44,45,48],"ascension_level":16}