{"gold_per_floor":[111,61,61,61,75,75,75,75,75,0,75,90,103,119,119,224,224,238,138,151,151,26,26],"floor_reached":23,"playtime":935,"items_purged":["Defend_B","Strike_B","Strike_B"],"score":179,"play_id":"f891b65d-6442-43a0-846e-977539ca6fb0","local_time":"20181012232743","is_ascension_mode":false,"campfire_choices":[{"data":"1","floor":6.0,"key":"LIFT"},{"data":"2","floor":8.0,"key":"LIFT"},{"data":"3","floor":15.0,"key":"LIFT"}],"neow_cost":"NONE","seed_source_timestamp":0,"circlet_count":0,"master_deck":["Strike_B+1","Defend_B","Defend_B","Defend_B+1","Zap","Dualcast","Buffer+1","Gash"],"special_seed":0,"relics":["Lizard Tail","Girya","Frozen Egg 2","Inserter"],"potions_floor_usage":[20,20],"damage_taken":[{"damage":6.0,"enemies":"2 Louse","floor":1.0,"turns":3.0},{"damage":0.0,"enemies":"Small Slimes","floor":5.0,"turns":3.0},{"damage":0.0,"enemies":"Cultist","floor":12.0,"turns":3.0},{"damage":12.0,"enemies":"Looter","floor":13.0,"turns":3.0},{"damage":0.0,"enemies":"Large Slime","floor":14.0,"turns":5.0},{"damage":70.0,"enemies":"Slime Boss","floor":16.0,"turns":11.0},{"damage":24.0,"enemies":"Shell Parasite","floor":18.0,"turns":9.0},{"damage":6,"enemies":"3 Byrds","floor":20,"turns":4},{"damage":48,"enemies":"Gremlin Leader","floor":23,"turns":8}],"seed_played":"2725993105417561351","potions_obtained":[{"floor":1.0,"key":"Weak Potion"},{"floor":5.0,"key":"FocusPotion"},{"floor":12.0,"key":"FairyPotion"},{"floor":16.0,"key":"SpeedPotion"},{"floor":18.0,"key":"LiquidBronze"}],"is_trial":false,"path_per_floor":["M","?","?","?","M","R","?","R","T","$","?","M","M","M","R","B",null,"M","$","M","?","$"],"character_chosen":"DEFECT","items_purchased":[],"campfire_rested":0,"item_purchase_floors":[],"current_hp_per_floor":[69,69,69,54,54,54,54,54,54,54,43,43,31,31,31,9,75,51,51,45,45,45,0],"gold":26,"neow_bonus":"BOSS_RELIC","is_prod":false,"is_daily":false,"chose_seed":false,"campfire_upgraded":0,"win_rate":0,"timestamp":1539412063,"path_taken":["M","?","?","?","?","R","?","R","T","$","?","M","?","M","R","BOSS","M","?","M","?","$","E"],"build_version":"2018-10-11","purchased_purges":3,"victory":false,"max_hp_per_floor":[75,75,75,75,75,75,75,75,75,75,75,75,75,75,75,75,75,75,75,75,75,75,75],"card_choices":[{"not_picked":["Reprogram","Leap","Rip and Tear"],"picked":"SKIP","floor":1.0},{"not_picked":["Streamline","Genetic Algorithm","Doom and Gloom"],"picked":"SKIP","floor":5.0},{"not_picked":["Aggregate","Cold Snap","Barrage"],"picked":"SKIP","floor":12.0},{"not_picked":["Compile Driver","Redo","FTL"],"picked":"SKIP","floor":13.0},{"not_picked":["Genetic Algorithm","Rebound","Steam Power"],"picked":"SKIP","floor":14.0},{"not_picked":["Thunder Strike","Seek"],"picked":"Buffer+1","floor":16.0},{"not_picked":["Turbo","Undo","Sunder"],"picked":"SKIP","floor":18.0},{"not_picked":["Sunder","Steam"],"picked":"Gash","floor":20}],"player_experience":368785,"relics_obtained":[{"floor":9.0,"key":"Frozen Egg 2"}],"event_choices":[{"event_name":"The Cleric","player_choice":"Card Removal","floor":2.0,"damage_taken":0.0},{"event_name":"WeMeetAgain","player_choice":"Potion","floor":3.0,"damage_taken":0.0},{"event_name":"Shining Light","player_choice":"Entered Light","floor":4.0,"damage_taken":0.0},{"event_name":"Dead Adventurer","player_choice":"Searched \u00271\u0027 times","floor":7.0,"damage_taken":0.0},{"event_name":"World of Goop","player_choice":"Gather Gold","floor":11.0,"damage_taken":0.0},{"event_name":"The Woman in Blue","player_choice":"Bought 0 Potions","floor":21,"damage_taken":0}],"is_beta":false,"boss_relics":[{"not_picked":["Cursed Key","Runic Dome"],"picked":"Inserter"}],"items_purged_floors":[10,19,22],"is_endless":false,"potions_floor_spawned":[1,5,12,16,18],"killed_by":"Gremlin Leader","ascension_level":0}