{"gold_per_floor":[117,127,26,36,36,36,71,71,150,166,224,237,269,249,249,353,353,366,385,385,8,8,33,52,82,107,142,142,155,155,183,183,283,283,299,104,104,104,120,148,159,159,459,66,93,93,125,158,158,158],"floor_reached":51,"playtime":1920,"items_purged":["Regret","Shame","Strike_R","Fire Breathing"],"score":1418,"play_id":"f6588c19-94b4-489d-8a77-d6b376cab8dc","local_time":"20190204223950","is_ascension_mode":true,"campfire_choices":[{"data":"Whirlwind","floor":6.0,"key":"SMITH"},{"data":"True Grit","floor":8.0,"key":"SMITH"},{"data":"Immolate","floor":15.0,"key":"SMITH"},{"data":"Demon Form","floor":28.0,"key":"SMITH"},{"floor":30.0,"key":"REST"},{"data":"1","floor":32.0,"key":"LIFT"},{"floor":42,"key":"REST"},{"data":"2","floor":49,"key":"LIFT"}],"neow_cost":"CURSE","seed_source_timestamp":14733502707140,"circlet_count":0,"master_deck":["Defend_R","Defend_R","Defend_R","Defend_R","Bash","Carnage","Shrug It Off","Flex","Whirlwind+1","Battle Trance","True Grit+1","Immolate+1","Demon Form+1","Armaments+1","Flame Barrier+1","Skim+1","All For One","Uppercut","Outmaneuver+1","Night Terror","Pummel","All For One"],"special_seed":0,"relics":["Burning Blood","Regal Pillow","Gremlin Horn","Red Skull","Shuriken","Snecko Eye","Bronze Scales","PrismaticShard","Pear","WingedGreaves","Omamori","Girya","Frozen Egg 2","Philosopher\u0027s Stone","Happy Flower","Old Coin","Chemical X","Centennial Puzzle","PreservedInsect","Boot"],"potions_floor_usage":[],"damage_taken":[{"damage":6.0,"enemies":"Cultist","floor":1.0,"turns":3.0},{"damage":9.0,"enemies":"2 Louse","floor":2.0,"turns":4.0},{"damage":4.0,"enemies":"Small Slimes","floor":4.0,"turns":4.0},{"damage":20.0,"enemies":"3 Sentries","floor":7.0,"turns":4.0},{"damage":6.0,"enemies":"Red Slaver","floor":10.0,"turns":3.0},{"damage":2.0,"enemies":"3 Sentries","floor":11.0,"turns":2.0},{"damage":0.0,"enemies":"3 Louse","floor":12.0,"turns":1.0},{"damage":34.0,"enemies":"Lagavulin","floor":13.0,"turns":5.0},{"damage":13.0,"enemies":"Slime Boss","floor":16.0,"turns":8.0},{"damage":7.0,"enemies":"Chosen","floor":18.0,"turns":4.0},{"damage":10.0,"enemies":"Spheric Guardian","floor":19.0,"turns":4.0},{"damage":0.0,"enemies":"Gremlin Leader","floor":23.0,"turns":3.0},{"damage":7.0,"enemies":"Centurion and Healer","floor":24.0,"turns":3.0},{"damage":14.0,"enemies":"Book of Stabbing","floor":25.0,"turns":4.0},{"damage":22.0,"enemies":"Slavers","floor":27.0,"turns":3.0},{"damage":17.0,"enemies":"Shelled Parasite and Fungi","floor":29.0,"turns":4.0},{"damage":20.0,"enemies":"Book of Stabbing","floor":31.0,"turns":5.0},{"damage":60.0,"enemies":"Automaton","floor":33.0,"turns":8.0},{"damage":20.0,"enemies":"3 Darklings","floor":35.0,"turns":3.0},{"damage":0,"enemies":"3 Shapes","floor":39,"turns":2},{"damage":24,"enemies":"Nemesis","floor":40,"turns":7},{"damage":14,"enemies":"Transient","floor":41,"turns":5},{"damage":0,"enemies":"Reptomancer","floor":45,"turns":2},{"damage":0,"enemies":"Nemesis","floor":47,"turns":3},{"damage":14,"enemies":"Giant Head","floor":48,"turns":5},{"damage":50,"enemies":"Time Eater","floor":50,"turns":4}],"seed_played":"-8667162035614592701","potions_obtained":[{"floor":1.0,"key":"FearPotion"},{"floor":4.0,"key":"AttackPotion"},{"floor":11.0,"key":"Energy Potion"},{"floor":14.0,"key":"SpeedPotion"},{"floor":23.0,"key":"Swift Potion"},{"floor":35.0,"key":"SteroidPotion"},{"floor":40,"key":"SkillPotion"}],"is_trial":false,"path_per_floor":["M","M","$","M","?","R","E","R","T","M","?","M","E","?","R","B",null,"M","M","?","$","?","E","M","E","T","E","R","M","R","E","R","B",null,"M","$","?","?","M","E","M","R","T","$","E","?","E","E","R","B",null],"character_chosen":"IRONCLAD","items_purchased":["Flex","Flame Barrier","PrismaticShard","Uppercut","Chemical X","Swift Potion"],"campfire_rested":2,"item_purchase_floors":[3,21,21,36,44,44],"current_hp_per_floor":[80,77,77,79,79,79,65,65,65,65,69,75,47,47,47,40,70,69,65,65,65,65,81,80,72,72,56,56,45,87,73,73,19,72,58,58,58,58,64,46,38,80,80,80,86,86,90,82,82,38],"gold":158,"neow_bonus":"TRANSFORM_TWO_CARDS","is_prod":false,"is_daily":false,"chose_seed":false,"campfire_upgraded":4,"win_rate":0,"timestamp":1549309190,"path_taken":["M","M","$","M","?","R","E","R","T","?","?","M","E","?","R","BOSS","M","M","?","$","?","E","M","E","T","E","R","M","R","E","R","BOSS","M","$","?","?","?","E","M","R","T","$","E","?","E","E","R","BOSS"],"build_version":"2019-01-23","purchased_purges":4,"victory":true,"max_hp_per_floor":[80,80,80,80,80,80,80,80,80,80,80,80,80,80,80,80,80,80,80,80,80,80,90,90,90,90,90,90,90,90,90,90,90,90,90,90,90,90,90,90,90,90,90,90,90,90,90,90,90,90],"card_choices":[{"not_picked":["Havoc","Flex"],"picked":"Carnage","floor":1.0},{"not_picked":["Clash","Hemokinesis"],"picked":"Shrug It Off","floor":2.0},{"not_picked":["Havoc","Rampage"],"picked":"Whirlwind","floor":4.0},{"not_picked":["Anger","Burning Pact"],"picked":"True Grit","floor":7.0},{"not_picked":["Corruption","Thunderclap"],"picked":"Immolate","floor":10.0},{"not_picked":["Power Through","Wild Strike","Warcry"],"picked":"SKIP","floor":12.0},{"not_picked":["Perfected Strike","Iron Wave","Clash"],"picked":"SKIP","floor":13.0},{"not_picked":["Fiend Fire","Double Tap"],"picked":"Demon Form","floor":16.0},{"not_picked":["Cleave","Pommel Strike","Shrug It Off"],"picked":"SKIP","floor":18.0},{"not_picked":["Perfected Strike","Flex+1"],"picked":"Armaments+1","floor":19.0},{"not_picked":["Blade Dance","Cleave","Quick Slash"],"picked":"SKIP","floor":23.0},{"not_picked":["Conserve Battery","Flash of Steel","Hello World"],"picked":"SKIP","floor":24.0},{"not_picked":["Static Discharge","Tools of the Trade","Prepared"],"picked":"SKIP","floor":25.0},{"not_picked":["Pommel Strike","Terror"],"picked":"Skim+1","floor":27.0},{"not_picked":["Recycle","Blade Dance","Anger"],"picked":"SKIP","floor":29.0},{"not_picked":["Sentinel","Cleave+1","Rage"],"picked":"SKIP","floor":31.0},{"not_picked":["Secret Technique","Dark Embrace+1"],"picked":"All For One","floor":33.0},{"not_picked":["Infinite Blades+1","Sucker Punch","Armaments"],"picked":"SKIP","floor":35.0},{"not_picked":["Skim+1","Blur","Bloodletting"],"picked":"SKIP","floor":39},{"not_picked":["True Grit","Static Discharge+1"],"picked":"Outmaneuver+1","floor":40},{"not_picked":["Rebound+1","Conserve Battery","Offering"],"picked":"SKIP","floor":41},{"not_picked":["Magnetism+1","Machine Learning+1"],"picked":"Night Terror","floor":45},{"not_picked":["Intimidate","Heatsinks+1","Riddle With Holes"],"picked":"SKIP","floor":47},{"not_picked":["Heel Hook+1","Leg Sweep"],"picked":"All For One","floor":48}],"player_experience":745551,"relics_obtained":[{"floor":7.0,"key":"Regal Pillow"},{"floor":9.0,"key":"Gremlin Horn"},{"floor":11.0,"key":"Red Skull"},{"floor":13.0,"key":"Shuriken"},{"floor":23.0,"key":"Pear"},{"floor":25.0,"key":"WingedGreaves"},{"floor":26.0,"key":"Omamori"},{"floor":27.0,"key":"Girya"},{"floor":31.0,"key":"Frozen Egg 2"},{"floor":40,"key":"Happy Flower"},{"floor":43,"key":"Old Coin"},{"floor":45,"key":"Centennial Puzzle"},{"floor":47,"key":"PreservedInsect"},{"floor":48,"key":"Boot"}],"event_choices":[{"damage_healed":0.0,"max_hp_gain":0.0,"max_hp_loss":0.0,"gold_gain":0.0,"cards_transformed":["Strike_R"],"event_name":"Transmorgrifier","player_choice":"Transformed","floor":5.0,"gold_loss":0.0,"damage_taken":0.0,"cards_obtained":["Battle Trance"]},{"damage_healed":0.0,"max_hp_gain":0.0,"max_hp_loss":0.0,"gold_gain":0.0,"event_name":"Dead Adventurer","player_choice":"Searched \u00272\u0027 times","floor":11.0,"gold_loss":0.0,"damage_taken":0.0},{"damage_healed":0.0,"max_hp_gain":0.0,"max_hp_loss":0.0,"gold_gain":0.0,"event_name":"The Woman in Blue","player_choice":"Bought 1 Potion","floor":14.0,"gold_loss":0.0,"damage_taken":0.0},{"damage_healed":0.0,"max_hp_gain":0.0,"max_hp_loss":0.0,"gold_gain":0.0,"event_name":"Addict","player_choice":"Stole Relic","floor":20.0,"gold_loss":0.0,"damage_taken":0.0,"relics_obtained":["Bronze Scales"],"cards_obtained":["Shame"]},{"damage_healed":0.0,"max_hp_gain":0.0,"max_hp_loss":0.0,"gold_gain":0.0,"event_name":"Ghosts","player_choice":"Ignored","floor":22.0,"gold_loss":0.0,"damage_taken":0.0},{"cards_removed":["Dark Embrace"],"damage_healed":0,"gold_gain":0,"player_choice":"Removed Power","damage_taken":0,"max_hp_gain":0,"max_hp_loss":0,"event_name":"Falling","floor":37,"gold_loss":0},{"damage_healed":0,"gold_gain":0,"player_choice":"Forge","damage_taken":0,"max_hp_gain":0,"max_hp_loss":0,"event_name":"Accursed Blacksmith","floor":38,"gold_loss":0,"cards_upgraded":["Flame Barrier"]},{"damage_healed":0,"gold_gain":0,"cards_transformed":["Strike_R"],"player_choice":"Transformed","damage_taken":0,"max_hp_gain":0,"max_hp_loss":0,"event_name":"Transmorgrifier","floor":46,"gold_loss":0,"cards_obtained":["Pummel"]}],"is_beta":false,"boss_relics":[{"not_picked":["Runic Dome","Black Star"],"picked":"Snecko Eye"},{"not_picked":["Busted Crown","Empty Cage"],"picked":"Philosopher\u0027s Stone"}],"items_purged_floors":[3,21,36,44],"is_endless":false,"potions_floor_spawned":[1,4,11,18,23,24,35,40],"ascension_level":5}