{"gold_per_floor":[118,118,138,138,7,7,34,309,309,309,279,293,368,318,318,318],"floor_reached":16,"playtime":680,"items_purged":[],"score":101,"play_id":"34569235-a774-431c-a6da-053185243d29","local_time":"20180818204640","is_ascension_mode":true,"campfire_choices":[{"data":"Loop","floor":6,"key":"SMITH"},{"floor":15,"key":"REST"}],"neow_cost":"NONE","seed_source_timestamp":27936846204030,"circlet_count":0,"master_deck":["Strike_B","Strike_B","Strike_B","Strike_B","Defend_B","Defend_B","Defend_B+1","Zap","Dualcast+1","Loop+1","Force Field","Heatsinks","Capacitor","Enlightenment+1","Reprogram+1","Gash"],"relics":["Cracked Core","Juzu Bracelet","Toxic Egg 2","Darkstone Periapt","Pantograph"],"potions_floor_usage":[16,16,16],"damage_taken":[{"damage":7,"enemies":"Small Slimes","floor":1,"turns":3},{"damage":4,"enemies":"2 Louse","floor":3,"turns":3},{"damage":2,"enemies":"Lagavulin","floor":7,"turns":7},{"damage":8,"enemies":"Cultist","floor":12,"turns":4},{"damage":79,"enemies":"Slime Boss","floor":16,"turns":11}],"seed_played":"-2507514184499657990","potions_obtained":[{"floor":1,"key":"LiquidBronze"},{"floor":11,"key":"Poison Potion"},{"floor":11,"key":"SpeedPotion"},{"floor":12,"key":"PowerPotion"}],"is_trial":false,"path_per_floor":["M","?","M","?","$","R","E","?","T","?","?","M","?","?","R"],"character_chosen":"DEFECT","items_purchased":["Capacitor","Enlightenment+1"],"campfire_rested":1,"item_purchase_floors":[5,5],"current_hp_per_floor":[68,68,64,57,57,57,55,61,61,45,45,37,26,26,50,0],"gold":318,"neow_bonus":"RANDOM_COMMON_RELIC","is_prod":false,"is_daily":false,"chose_seed":false,"campfire_upgraded":1,"win_rate":0,"timestamp":1534621600,"path_taken":["M","?","M","?","?","R","E","?","T","?","?","M","?","?","R","BOSS"],"build_version":"2018-08-16","purchased_purges":0,"victory":false,"max_hp_per_floor":[75,75,75,75,75,75,75,81,81,81,81,81,81,81,81,81],"card_choices":[{"not_picked":["Coolheaded","Go for the Eyes"],"picked":"Loop","floor":1},{"not_picked":["Streamline","Conserve Battery"],"picked":"Heatsinks","floor":3},{"not_picked":["Stack+1","Biased Cognition"],"picked":"Reprogram+1","floor":7},{"not_picked":["Conserve Battery+1","Cold Snap"],"picked":"Gash","floor":12}],"player_experience":116021,"relics_obtained":[{"floor":7,"key":"Darkstone Periapt"},{"floor":9,"key":"Pantograph"}],"event_choices":[{"event_name":"Living Wall","player_choice":"Change","floor":2,"damage_taken":0},{"event_name":"Scrap Ooze","player_choice":"success","floor":4,"damage_taken":7},{"event_name":"Golden Shrine","player_choice":"Desecrate","floor":8,"damage_taken":0},{"event_name":"Shining Light","player_choice":"Entered Light","floor":10,"damage_taken":0},{"event_name":"The Woman in Blue","player_choice":"Bought 2 Potions","floor":11,"damage_taken":0},{"event_name":"World of Goop","player_choice":"Gather Gold","floor":13,"damage_taken":0},{"event_name":"The Cleric","player_choice":"Card Removal","floor":14,"damage_taken":0}],"is_beta":false,"boss_relics":[],"items_purged_floors":[],"is_endless":false,"potions_floor_spawned":[1,12],"killed_by":"Slime Boss","ascension_level":1}