{"gold_per_floor":[113,123,123,138,185,220,56,66,66,66,86,86,106,121,121,222,222,241,259,273,32,32,66,66,27,54,54,28,41,41,55,55,152,202,214,73,87,104,124,155,175,175,175,175,194,211,211,224,224,224],"floor_reached":50,"playtime":4783,"items_purged":[],"score":575,"play_id":"0c719820-794b-44b5-9bbd-6cf5a51601a8","local_time":"20180720173122","is_ascension_mode":false,"campfire_choices":[{"data":"Demon Form","floor":10,"key":"SMITH"},{"floor":12,"key":"REST"},{"data":"Anger","floor":15,"key":"SMITH"},{"floor":24,"key":"REST"},{"data":"Rage","floor":27,"key":"SMITH"},{"data":"Enlightenment","floor":32,"key":"SMITH"},{"floor":42,"key":"REST"},{"floor":44,"key":"REST"},{"floor":49,"key":"REST"}],"neow_cost":"CURSE","seed_source_timestamp":8649613857980,"circlet_count":0,"master_deck":["Strike_R","Strike_R","Strike_R","Strike_R","Strike_R","Defend_R","Defend_R","Defend_R","Bash","Demon Form+1","Shockwave","Anger+1","Pommel Strike","Sword Boomerang","Impervious","Bandage Up","Sword Boomerang+1","Thunderclap+1","Iron Wave+1","Blood for Blood+1","Reaper+1","Twin Strike+1","Sword Boomerang+1","Twin Strike+1","Enlightenment+1","Hemokinesis+1","Blood for Blood+1","Rage+1","Whirlwind+1","Perfected Strike+1","Iron Wave+1","Heavy Blade+1","Offering","Dropkick+1","Warcry+1","Finesse","Perfected Strike+1","Blood for Blood+1","Flex","Body Slam+1","Whirlwind+1","Twin Strike+1","Clash+1","Headbutt+1","Sword Boomerang+1","Heavy Blade+1","Anger+1"],"relics":["Burning Blood","Potion Belt","Shuriken","Molten Egg 2","Runic Cube","Dream Catcher","Lantern","Bottled Lightning","Tiny House","Centennial Puzzle","Ornamental Fan"],"potions_floor_usage":[31,33,33,33,33,40,40,41,50,50],"damage_taken":[{"damage":5,"enemies":"Small Slimes","floor":1,"turns":4},{"damage":14,"enemies":"2 Louse","floor":2,"turns":3},{"damage":13,"enemies":"Jaw Worm","floor":4,"turns":3},{"damage":25,"enemies":"3 Sentries","floor":6,"turns":7},{"damage":10,"enemies":"Red Slaver","floor":8,"turns":4},{"damage":26,"enemies":"Exordium Wildlife","floor":11,"turns":4},{"damage":7,"enemies":"Exordium Thugs","floor":13,"turns":4},{"damage":0,"enemies":"Large Slime","floor":14,"turns":4},{"damage":34,"enemies":"Hexaghost","floor":16,"turns":7},{"damage":14,"enemies":"2 Thieves","floor":18,"turns":3},{"damage":27,"enemies":"Spheric Guardian","floor":19,"turns":5},{"damage":16,"enemies":"Snecko","floor":20,"turns":5},{"damage":31,"enemies":"Gremlin Leader","floor":23,"turns":4},{"damage":5,"enemies":"Chosen and Byrds","floor":29,"turns":4},{"damage":3,"enemies":"Sentry and Sphere","floor":31,"turns":3},{"damage":80,"enemies":"Collector","floor":33,"turns":7},{"damage":20,"enemies":"3 Darklings","floor":35,"turns":3},{"damage":23,"enemies":"3 Shapes","floor":37,"turns":2},{"damage":43,"enemies":"3 Darklings","floor":38,"turns":3},{"damage":38,"enemies":"Sphere and 2 Shapes","floor":39,"turns":2},{"damage":16,"enemies":"Giant Head","floor":40,"turns":4},{"damage":26,"enemies":"Flame Bruiser 2 Orb","floor":41,"turns":3},{"damage":22,"enemies":"Transient","floor":45,"turns":5},{"damage":17,"enemies":"3 Darklings","floor":46,"turns":3},{"damage":5,"enemies":"Flame Bruiser 2 Orb","floor":48,"turns":3},{"damage":92,"enemies":"Awakened One","floor":50,"turns":7}],"seed_played":"-2004596288726513302","potions_obtained":[{"floor":4,"key":"Fire Potion"},{"floor":6,"key":"Weak Potion"},{"floor":8,"key":"Fire Potion"},{"floor":19,"key":"GamblersBrew"},{"floor":23,"key":"Poison Potion"},{"floor":29,"key":"SkillPotion"},{"floor":33,"key":"GamblersBrew"},{"floor":34,"key":"AttackPotion"},{"floor":39,"key":"Energy Potion"},{"floor":41,"key":"Fire Potion"},{"floor":48,"key":"SpeedPotion"}],"is_trial":false,"path_per_floor":["M","M","?","M","T","E","$","M","T","R","M","R","M","M","R","B",null,"M","M","M","$","?","E","R","$","T","R","$","M","T","M","R","B",null,"M","$","M","M","M","E","M","R","T","R","M","M","?","M","R"],"character_chosen":"IRONCLAD","items_purchased":["Impervious","Bandage Up","Enlightenment","Hemokinesis+1","Whirlwind+1","Perfected Strike+1","Finesse","Perfected Strike+1"],"campfire_rested":5,"item_purchase_floors":[7,7,21,21,25,28,36,36],"current_hp_per_floor":[80,72,65,58,58,39,39,39,39,39,23,46,49,59,59,35,77,77,60,66,66,52,46,70,70,70,70,70,71,71,78,78,14,87,73,73,72,39,23,17,13,39,39,65,49,38,38,51,77,0],"gold":224,"neow_bonus":"THREE_RARE_CARDS","is_prod":false,"is_daily":false,"chose_seed":false,"campfire_upgraded":4,"win_rate":0.0,"timestamp":1532088082,"path_taken":["M","M","?","M","?","E","$","M","T","R","?","R","M","M","R","BOSS","M","M","M","$","?","E","R","$","T","R","$","M","?","M","R","BOSS","M","$","M","M","M","E","M","R","T","R","M","M","?","M","R","BOSS"],"build_version":"2018-07-19","purchased_purges":0,"victory":false,"max_hp_per_floor":[80,80,77,77,77,77,77,77,77,77,77,77,77,77,77,77,77,77,77,77,77,82,82,82,82,82,82,82,82,82,82,82,82,87,87,87,87,87,87,87,87,87,87,87,87,87,87,87,87,87],"card_choices":[{"not_picked":["Fiend Fire","Bludgeon"],"picked":"Demon Form","floor":0},{"not_picked":["Spot Weakness","Entrench"],"picked":"Shockwave","floor":1},{"not_picked":["Iron Wave","Body Slam"],"picked":"Anger","floor":2},{"not_picked":["Body Slam","Armaments"],"picked":"Pommel Strike","floor":4},{"not_picked":["Feel No Pain","Sever Soul"],"picked":"Sword Boomerang","floor":6},{"not_picked":["Headbutt","Pommel Strike"],"picked":"Sword Boomerang","floor":8},{"not_picked":["Clothesline+1","Shockwave"],"picked":"Thunderclap+1","floor":11},{"not_picked":["Perfected Strike+1","Heavy Blade+1"],"picked":"Iron Wave+1","floor":13},{"not_picked":["Disarm","Sever Soul+1"],"picked":"Blood for Blood+1","floor":14},{"not_picked":["Bludgeon+1","Limit Break"],"picked":"Reaper+1","floor":16},{"not_picked":["Clash+1","Shockwave"],"picked":"Twin Strike+1","floor":18},{"not_picked":["Cleave+1","True Grit"],"picked":"Sword Boomerang+1","floor":19},{"not_picked":["Armaments","Power Through"],"picked":"Twin Strike+1","floor":20},{"not_picked":["Infernal Blade","Cleave+1"],"picked":"Blood for Blood+1","floor":23},{"not_picked":["Power Through+1","Spot Weakness"],"picked":"Rage","floor":24},{"not_picked":["Headbutt+1","Clothesline+1"],"picked":"Iron Wave+1","floor":29},{"not_picked":["Clash+1","Perfected Strike+1"],"picked":"Heavy Blade+1","floor":31},{"not_picked":["Dark Embrace","Brutality"],"picked":"Offering","floor":33},{"not_picked":["Perfected Strike+1","Entrench"],"picked":"Dropkick+1","floor":34},{"not_picked":["Armaments","Cleave+1"],"picked":"Warcry+1","floor":35},{"not_picked":["Shrug It Off","Feel No Pain+1"],"picked":"Blood for Blood+1","floor":37},{"not_picked":["Corruption","Shrug It Off+1"],"picked":"Flex","floor":38},{"not_picked":["True Grit","Blood for Blood+1"],"picked":"Body Slam+1","floor":39},{"not_picked":["Reckless Charge+1","Cleave+1"],"picked":"Whirlwind+1","floor":40},{"not_picked":["Power Through+1","Clash+1"],"picked":"Twin Strike+1","floor":41},{"not_picked":["Dropkick+1","Body Slam+1"],"picked":"Clash+1","floor":42},{"not_picked":["Combust+1","Warcry"],"picked":"Headbutt+1","floor":44},{"not_picked":["True Grit","Headbutt+1","Clothesline+1"],"picked":"SKIP","floor":45},{"not_picked":["Twin Strike+1","Warcry"],"picked":"Sword Boomerang+1","floor":46},{"not_picked":["Blood for Blood+1","Brutality"],"picked":"Heavy Blade+1","floor":48},{"not_picked":["Cleave+1","Headbutt+1"],"picked":"Anger+1","floor":49}],"player_experience":20540,"relics_obtained":[{"floor":5,"key":"Potion Belt"},{"floor":6,"key":"Shuriken"},{"floor":9,"key":"Molten Egg 2"},{"floor":23,"key":"Dream Catcher"},{"floor":26,"key":"Lantern"},{"floor":30,"key":"Bottled Lightning"},{"floor":40,"key":"Centennial Puzzle"},{"floor":43,"key":"Ornamental Fan"}],"event_choices":[{"event_name":"Golden Wing","player_choice":"Card Removal","floor":3,"damage_taken":0},{"event_name":"Forgotten Altar","player_choice":"Shed Blood","floor":22,"damage_taken":0},{"event_name":"Purifier","player_choice":"One Purge","floor":47,"damage_taken":0}],"is_beta":false,"boss_relics":[{"not_picked":["Runic Dome","Velvet Choker"],"picked":"Runic Cube"},{"not_picked":["Runic Pyramid","Philosopher\u0027s Stone"],"picked":"Tiny House"}],"items_purged_floors":[],"is_endless":false,"potions_floor_spawned":[4,6,8,19,23,29,33,39,41,48],"killed_by":"Awakened One","ascension_level":0}