{"gold_per_floor":[116,66,66,66,29,29,48,48,73,105,119,154,154,187,187,289,289,306,231,231,54,54,54,84,34,34,68,68,97,97,116,116,221,221,234,247,21,71,71,71,100,100,100,100,110,127,140,17,17,17],"floor_reached":51,"playtime":1985,"items_purged":["Strike_G","Strike_G","Defend_G"],"score":1205,"play_id":"53bb6982-6aeb-4c6e-afaa-fa7647158435","local_time":"20190104210515","is_ascension_mode":true,"campfire_choices":[{"data":"Noxious Fumes","floor":6.0,"key":"SMITH"},{"data":"Footwork","floor":13.0,"key":"SMITH"},{"data":"Dash","floor":15.0,"key":"SMITH"},{"floor":23.0,"key":"REST"},{"data":"Noxious Fumes","floor":30.0,"key":"SMITH"},{"data":"Survivor","floor":32.0,"key":"SMITH"},{"data":"Footwork","floor":40.0,"key":"SMITH"},{"floor":42.0,"key":"REST"},{"floor":44.0,"key":"REST"},{"floor":49,"key":"REST"}],"neow_cost":"NONE","seed_source_timestamp":26506337032077,"circlet_count":0,"master_deck":["AscendersBane","Defend_G","Survivor+1","Neutralize","Footwork+1","Noxious Fumes+1","Sucker Punch","Die Die Die","Dash+1","Terror","Adrenaline","Escape Plan+1","A Thousand Cuts+1","All Out Attack+1","Dodge and Roll","Noxious Fumes+1","Cloak And Dagger","Backstab","Doppelganger","Corpse Explosion","Footwork+1","Dark Shackles","Backflip","PiercingWail","Dodge and Roll+1","Calculated Gamble+1"],"special_seed":0,"relics":["Ring of the Snake","NeowsBlessing","Bag of Preparation","Juzu Bracelet","Smiling Mask","Blood Vial","Astrolabe","Happy Flower","Mummified Hand","Ninja Scroll","Du-Vu Doll","Potion Belt","Philosopher\u0027s Stone","Bag of Marbles","FossilizedHelix","Shovel","Prayer Wheel"],"potions_floor_usage":[50,50,50,50,50],"damage_taken":[{"damage":0.0,"enemies":"Small Slimes","floor":1.0,"turns":1.0},{"damage":0.0,"enemies":"2 Louse","floor":7.0,"turns":1.0},{"damage":0.0,"enemies":"3 Sentries","floor":10.0,"turns":1.0},{"damage":2.0,"enemies":"Jaw Worm","floor":11.0,"turns":5.0},{"damage":8.0,"enemies":"Lagavulin","floor":12.0,"turns":7.0},{"damage":11.0,"enemies":"3 Sentries","floor":14.0,"turns":5.0},{"damage":27.0,"enemies":"Hexaghost","floor":16.0,"turns":12.0},{"damage":17.0,"enemies":"Spheric Guardian","floor":18.0,"turns":6.0},{"damage":18.0,"enemies":"Gremlin Leader","floor":24.0,"turns":6.0},{"damage":15.0,"enemies":"Slavers","floor":27.0,"turns":5.0},{"damage":10.0,"enemies":"Book of Stabbing","floor":29.0,"turns":5.0},{"damage":0.0,"enemies":"2 Thieves","floor":31.0,"turns":1.0},{"damage":56.0,"enemies":"Champ","floor":33.0,"turns":14.0},{"damage":0.0,"enemies":"Orb Walker","floor":35.0,"turns":2.0},{"damage":0.0,"enemies":"3 Darklings","floor":36.0,"turns":1.0},{"damage":3.0,"enemies":"2 Orb Walkers","floor":38.0,"turns":2.0},{"damage":47.0,"enemies":"Reptomancer","floor":41.0,"turns":6.0},{"damage":0.0,"enemies":"Maw","floor":45.0,"turns":6.0},{"damage":0.0,"enemies":"4 Shapes","floor":46.0,"turns":1.0},{"damage":12.0,"enemies":"3 Darklings","floor":47.0,"turns":4.0},{"damage":0,"enemies":"Time Eater","floor":50,"turns":13}],"seed_played":"9180551074990195443","potions_obtained":[{"floor":1.0,"key":"Dexterity Potion"},{"floor":11.0,"key":"EntropicBrew"},{"floor":18.0,"key":"SpeedPotion"},{"floor":27.0,"key":"EssenceOfSteel"},{"floor":45.0,"key":"Fruit Juice"},{"floor":46.0,"key":"EssenceOfSteel"},{"floor":47.0,"key":"Weak Potion"}],"is_trial":false,"path_per_floor":["M","?","?","?","$","R","M","$","T","E","M","E","R","E","R","B",null,"M","?","?","$","?","R","E","$","T","E","?","E","R","M","R","B",null,"M","M","$","?","?","R","E","R","T","R","M","M","M","$","R","B",null],"character_chosen":"THE_SILENT","items_purchased":["Noxious Fumes","Noxious Fumes","Cloak And Dagger","Footwork","Bag of Marbles","LiquidBronze"],"campfire_rested":4,"item_purchase_floors":[5,21,21,37,37,48],"current_hp_per_floor":[63,63,56,61,61,61,61,61,61,61,59,51,51,40,40,15,60,45,45,45,45,45,67,51,51,51,38,63,55,55,57,57,3,57,59,61,61,60,60,60,15,37,37,59,61,63,58,58,80,80],"gold":17,"neow_bonus":"THREE_ENEMY_KILL","is_prod":false,"is_daily":false,"chose_seed":false,"campfire_upgraded":6,"win_rate":0,"timestamp":1546625115,"path_taken":["M","?","?","?","$","R","M","$","T","E","M","E","R","E","R","BOSS","M","?","?","$","?","R","E","$","T","E","?","E","R","M","R","BOSS","M","M","$","?","?","R","E","R","T","R","M","M","M","$","R","BOSS"],"build_version":"2019-01-03v3","purchased_purges":3,"victory":true,"max_hp_per_floor":[70,70,70,75,75,75,75,75,75,75,75,75,75,75,75,75,75,75,75,75,75,75,75,75,75,75,75,75,75,75,75,75,75,75,75,75,75,75,75,75,75,75,75,75,75,75,80,80,80,80],"card_choices":[{"not_picked":["Reflex","Flechettes"],"picked":"Footwork","floor":1.0},{"not_picked":["Deadly Poison","Deflect"],"picked":"Sucker Punch","floor":7.0},{"not_picked":["Outmaneuver","Sucker Punch"],"picked":"Die Die Die","floor":10.0},{"not_picked":["Dagger Throw","Accuracy"],"picked":"Dash","floor":11.0},{"not_picked":["Deflect","Acrobatics"],"picked":"Terror","floor":12.0},{"not_picked":["Quick Slash","Sucker Punch","Expertise"],"picked":"SKIP","floor":14.0},{"not_picked":["Bullet Time","Grand Finale"],"picked":"Adrenaline","floor":16.0},{"not_picked":["Terror","Flechettes+1"],"picked":"Dodge and Roll","floor":18.0},{"not_picked":["Terror","Endless Agony","Underhanded Strike+1"],"picked":"SKIP","floor":24.0},{"not_picked":["Distraction","Underhanded Strike","Poisoned Stab"],"picked":"SKIP","floor":27.0},{"not_picked":["Finisher","Bane"],"picked":"Backstab","floor":29.0},{"not_picked":["Slice","Quick Slash"],"picked":"Doppelganger","floor":31.0},{"not_picked":["Die Die Die","Bullet Time"],"picked":"Corpse Explosion","floor":33.0},{"not_picked":["Prepared","Dagger Spray+1","Endless Agony+1"],"picked":"SKIP","floor":35.0},{"not_picked":["Bane+1","Calculated Gamble","Blade Dance+1"],"picked":"SKIP","floor":36.0},{"not_picked":["Bandage Up","Purity"],"picked":"Dark Shackles","floor":39.0},{"not_picked":["Storm of Steel","Acrobatics+1"],"picked":"Backflip","floor":41.0},{"not_picked":["Prepared+1","Eviscerate"],"picked":"PiercingWail","floor":45.0},{"not_picked":["Sucker Punch","Tactician+1"],"picked":"Dodge and Roll+1","floor":45.0},{"not_picked":["Dagger Spray","Cloak And Dagger"],"picked":"Calculated Gamble+1","floor":46.0},{"not_picked":["Expertise+1","Prepared+1","Deflect"],"picked":"SKIP","floor":46.0},{"not_picked":["Deflect","Flechettes+1","Doppelganger"],"picked":"SKIP","floor":47.0},{"not_picked":["Outmaneuver+1","Bane","Prepared"],"picked":"SKIP","floor":47.0}],"player_experience":652282,"relics_obtained":[{"floor":9.0,"key":"Bag of Preparation"},{"floor":10.0,"key":"Juzu Bracelet"},{"floor":12.0,"key":"Smiling Mask"},{"floor":14.0,"key":"Blood Vial"},{"floor":24.0,"key":"Mummified Hand"},{"floor":26.0,"key":"Ninja Scroll"},{"floor":27.0,"key":"Du-Vu Doll"},{"floor":29.0,"key":"Potion Belt"},{"floor":38.0,"key":"FossilizedHelix"},{"floor":41.0,"key":"Shovel"},{"floor":43.0,"key":"Prayer Wheel"}],"event_choices":[{"cards_removed":["Strike_G"],"damage_healed":0.0,"max_hp_gain":0.0,"max_hp_loss":0.0,"gold_gain":0.0,"event_name":"The Cleric","player_choice":"Card Removal","floor":2.0,"gold_loss":50.0,"damage_taken":0.0},{"cards_removed":["Strike_G"],"damage_healed":0.0,"max_hp_gain":0.0,"max_hp_loss":0.0,"gold_gain":0.0,"event_name":"Golden Wing","player_choice":"Card Removal","floor":3.0,"gold_loss":0.0,"damage_taken":7.0},{"damage_healed":0.0,"max_hp_gain":5.0,"max_hp_loss":0.0,"gold_gain":0.0,"event_name":"Big Fish","player_choice":"Donut","floor":4.0,"gold_loss":0.0,"damage_taken":0.0},{"cards_removed":["Defend_G"],"damage_healed":0.0,"max_hp_gain":0.0,"max_hp_loss":0.0,"gold_gain":0.0,"event_name":"Beggar","player_choice":"Gave Gold","floor":19.0,"gold_loss":75.0,"damage_taken":0.0},{"damage_healed":0.0,"max_hp_gain":0.0,"max_hp_loss":0.0,"gold_gain":0.0,"event_name":"Ghosts","player_choice":"Ignored","floor":20.0,"gold_loss":0.0,"damage_taken":0.0},{"damage_healed":0.0,"max_hp_gain":0.0,"max_hp_loss":0.0,"gold_gain":0.0,"event_name":"WeMeetAgain","player_choice":"Gave Potion","floor":22.0,"gold_loss":0.0,"damage_taken":0.0,"relics_obtained":["Happy Flower"]},{"damage_healed":25.0,"max_hp_gain":0.0,"max_hp_loss":0.0,"gold_gain":0.0,"event_name":"The Library","player_choice":"Heal","floor":28.0,"gold_loss":0.0,"damage_taken":0.0},{"damage_healed":0.0,"max_hp_gain":0.0,"max_hp_loss":0.0,"gold_gain":0.0,"event_name":"Mysterious Sphere","player_choice":"Fight","floor":38.0,"gold_loss":0.0,"damage_taken":0.0},{"damage_healed":0.0,"max_hp_gain":0.0,"max_hp_loss":0.0,"gold_gain":0.0,"event_name":"SensoryStone","player_choice":"Memory 1","floor":39.0,"gold_loss":0.0,"damage_taken":0.0}],"is_beta":false,"boss_relics":[{"not_picked":["Runic Pyramid","HoveringKite"],"picked":"Astrolabe"},{"not_picked":["Lizard Tail","WristBlade"],"picked":"Philosopher\u0027s Stone"}],"items_purged_floors":[21,25,48],"is_endless":false,"potions_floor_spawned":[1,11,18,27,45,46,47],"ascension_level":10}