{"gold_per_floor":[119,43,43,59,75,75,101,101,101,101,133,148,167,167,167,269,269,288,83,8,108,119,119,132,160,160,160,185,0,18,0,0,0],"floor_reached":33,"playtime":978,"items_purged":["Strike_R"],"score":366,"play_id":"42de9292-88a5-44ac-b8e7-2198a9e50d05","local_time":"20190115201419","is_ascension_mode":true,"campfire_choices":[{"data":"Inflame","floor":6.0,"key":"SMITH"},{"data":"Bludgeon","floor":8.0,"key":"SMITH"},{"data":"Cleave","floor":10.0,"key":"SMITH"},{"data":"Bash","floor":15.0,"key":"SMITH"},{"data":"Shrug It Off","floor":23,"key":"SMITH"},{"floor":27,"key":"REST"},{"floor":32,"key":"REST"}],"neow_cost":"NONE","seed_source_timestamp":24350468725287,"circlet_count":0,"master_deck":["Strike_R","Strike_R","Defend_R","Defend_R","Defend_R","Defend_R","Bash+1","Cleave+1","Inflame+1","Spot Weakness","Iron Wave","Bludgeon+1","Clothesline","Shrug It Off+1","Demon Form+1","True Grit+1","Shrug It Off+1","Metallicize"],"special_seed":0,"relics":["Burning Blood","Smiling Mask","Gambling Chip","Sundial","Pear","Black Star","Orichalcum","Paper Frog","Bag of Preparation","Du-Vu Doll","Blood Vial","Thread and Needle","Bronze Scales"],"potions_floor_usage":[25,25,28],"damage_taken":[{"damage":1.0,"enemies":"Cultist","floor":1.0,"turns":3.0},{"damage":18.0,"enemies":"Small Slimes","floor":4.0,"turns":4.0},{"damage":7.0,"enemies":"2 Louse","floor":5.0,"turns":2.0},{"damage":15.0,"enemies":"Gremlin Nob","floor":7.0,"turns":4.0},{"damage":25.0,"enemies":"Lagavulin","floor":11.0,"turns":4.0},{"damage":0.0,"enemies":"Large Slime","floor":12.0,"turns":4.0},{"damage":0.0,"enemies":"Lots of Slimes","floor":13.0,"turns":1.0},{"damage":49.0,"enemies":"Hexaghost","floor":16.0,"turns":6.0},{"damage":11.0,"enemies":"Chosen","floor":18.0,"turns":4.0},{"damage":5,"enemies":"Spheric Guardian","floor":22,"turns":3},{"damage":13,"enemies":"Centurion and Healer","floor":24,"turns":5},{"damage":41,"enemies":"Gremlin Leader","floor":25,"turns":6},{"damage":41,"enemies":"Slavers","floor":28,"turns":4},{"damage":9,"enemies":"Shelled Parasite and Fungi","floor":30,"turns":4},{"damage":58,"enemies":"Automaton","floor":33,"turns":6}],"seed_played":"-4372092300633647507","potions_obtained":[{"floor":4.0,"key":"BloodPotion"},{"floor":11.0,"key":"GamblersBrew"},{"floor":12.0,"key":"SteroidPotion"},{"floor":24,"key":"PowerPotion"}],"is_trial":false,"path_per_floor":["M","$","?","M","M","R","E","R","T","R","E","M","M","?","R","B",null,"M","$","?","?","M","R","M","E","T","R","E","$","M","?","R","B"],"character_chosen":"IRONCLAD","items_purchased":["Inflame","Orichalcum","Bronze Scales","Metallicize"],"campfire_rested":2,"item_purchase_floors":[2,19,29,29],"current_hp_per_floor":[80,80,80,68,67,67,58,58,58,58,49,55,61,61,61,18,72,67,67,67,67,68,68,61,35,35,62,27,27,26,26,53,0],"gold":0,"neow_bonus":"RANDOM_COMMON_RELIC","is_prod":false,"is_daily":false,"chose_seed":false,"campfire_upgraded":5,"win_rate":0,"timestamp":1547572459,"path_taken":["M","?","?","?","M","R","E","R","T","R","E","M","M","?","R","BOSS","M","$","?","?","M","R","M","E","T","R","E","$","?","?","R","BOSS"],"build_version":"2019-01-10","purchased_purges":1,"victory":false,"max_hp_per_floor":[80,80,80,80,80,80,80,80,80,80,90,90,90,90,90,90,90,90,90,90,90,90,90,90,90,90,90,90,90,90,90,90,90],"card_choices":[{"not_picked":["Dual Wield","Armaments"],"picked":"Cleave","floor":1.0},{"not_picked":["Thunderclap","Clash"],"picked":"Spot Weakness","floor":4.0},{"not_picked":["Rupture","Burning Pact"],"picked":"Iron Wave","floor":5.0},{"not_picked":["Havoc","Armaments"],"picked":"Bludgeon","floor":7.0},{"not_picked":["Pommel Strike","Havoc"],"picked":"Clothesline","floor":11.0},{"not_picked":["Whirlwind","Sword Boomerang"],"picked":"Shrug It Off","floor":12.0},{"not_picked":["Iron Wave","True Grit"],"picked":"Demon Form","floor":13.0},{"not_picked":["Metallicize","Clash","True Grit"],"picked":"SKIP","floor":18.0},{"not_picked":["Armaments","Corruption","Blood for Blood"],"picked":"SKIP","floor":22},{"not_picked":["Sword Boomerang","Body Slam"],"picked":"True Grit+1","floor":24},{"not_picked":["Fiend Fire","Body Slam"],"picked":"Shrug It Off+1","floor":25},{"not_picked":["Armaments","Barricade","Evolve"],"picked":"SKIP","floor":28},{"not_picked":["Infernal Blade","Clash","Evolve"],"picked":"SKIP","floor":30}],"player_experience":689791,"relics_obtained":[{"floor":7.0,"key":"Gambling Chip"},{"floor":9.0,"key":"Sundial"},{"floor":11.0,"key":"Pear"},{"floor":25,"key":"Paper Frog"},{"floor":25,"key":"Bag of Preparation"},{"floor":26,"key":"Du-Vu Doll"},{"floor":28,"key":"Blood Vial"},{"floor":28,"key":"Thread and Needle"}],"event_choices":[{"cards_removed":["Strike_R"],"damage_healed":0.0,"max_hp_gain":0.0,"max_hp_loss":0.0,"gold_gain":0.0,"event_name":"Purifier","player_choice":"Purged","floor":3.0,"gold_loss":0.0,"damage_taken":0.0},{"damage_healed":0.0,"max_hp_gain":0.0,"max_hp_loss":0.0,"gold_gain":0.0,"event_name":"Living Wall","player_choice":"Grow","floor":14.0,"gold_loss":0.0,"damage_taken":0.0,"cards_upgraded":["Demon Form"]},{"cards_removed":["Strike_R"],"damage_healed":0.0,"max_hp_gain":0.0,"max_hp_loss":0.0,"gold_gain":0.0,"event_name":"Beggar","player_choice":"Gave Gold","floor":20.0,"gold_loss":75.0,"damage_taken":0.0},{"damage_healed":0.0,"max_hp_gain":0.0,"max_hp_loss":0.0,"gold_gain":100.0,"event_name":"Golden Shrine","player_choice":"Pray","floor":21.0,"gold_loss":0.0,"damage_taken":0.0},{"damage_healed":0,"gold_gain":0,"player_choice":"Paid Fearfully","damage_taken":0,"max_hp_gain":0,"max_hp_loss":0,"event_name":"Masked Bandits","floor":31,"gold_loss":18}],"is_beta":false,"boss_relics":[{"not_picked":["Black Blood","Tiny House"],"picked":"Black Star"}],"items_purged_floors":[19],"is_endless":false,"potions_floor_spawned":[4,11,12,13,18,24],"killed_by":"Automaton","ascension_level":5}