{"gold_per_floor":[114,33,48,48,48,67,86,86,111,169,169,219,219,238,238,363,363,382,401,120,139,158,158,158],"floor_reached":24,"playtime":2650,"items_purged":[],"score":213,"play_id":"91004549-6cdc-4182-8b52-c4801defb03b","local_time":"20190805164914","daily_mods":["Specialized","Green Cards","Lethality"],"is_ascension_mode":false,"campfire_choices":[{"data":"Carnage","floor":8,"key":"SMITH"},{"data":"Entrench","floor":11,"key":"SMITH"},{"floor":15,"key":"REST"},{"floor":23,"key":"REST"}],"neow_cost":"","seed_source_timestamp":448975375679031,"circlet_count":0,"master_deck":["Strike_R","Strike_R","Strike_R","Strike_R","Strike_R","Defend_R+1","Defend_R+1","Defend_R","Defend_R","Bash","Metallicize","Metallicize","Metallicize","Metallicize","Metallicize","Shrug It Off","Entrench+1","Carnage+1","Clash","Perfected Strike","Backstab","Barricade","Uppercut","Pommel Strike","Sentinel","Infernal Blade+1","Body Slam"],"special_seed":18113,"relics":["Burning Blood","Golden Idol","Red Skull","Girya","War Paint","Runic Cube","Medical Kit"],"potions_floor_usage":[16,16,22,22,24],"damage_taken":[{"damage":4,"enemies":"Small Slimes","floor":1,"turns":5},{"damage":16,"enemies":"2 Louse","floor":3,"turns":4},{"damage":11,"enemies":"Jaw Worm","floor":6,"turns":3},{"damage":12,"enemies":"2 Fungi Beasts","floor":7,"turns":3},{"damage":12,"enemies":"Lagavulin Event","floor":10,"turns":10},{"damage":32,"enemies":"Gremlin Gang","floor":14,"turns":7},{"damage":46,"enemies":"The Guardian","floor":16,"turns":11},{"damage":23,"enemies":"Shell Parasite","floor":18,"turns":7},{"damage":25,"enemies":"Spheric Guardian","floor":19,"turns":6},{"damage":3,"enemies":"Snecko","floor":21,"turns":3},{"damage":39,"enemies":"Centurion and Healer","floor":22,"turns":4},{"damage":30,"enemies":"Sentry and Sphere","floor":24,"turns":4}],"seed_played":"4943417397018078465","potions_obtained":[{"floor":1,"key":"SkillPotion"},{"floor":6,"key":"AttackPotion"},{"floor":7,"key":"Energy Potion"},{"floor":16,"key":"Poison Potion"},{"floor":19,"key":"Strength Potion"},{"floor":22,"key":"EssenceOfSteel"}],"is_trial":false,"path_per_floor":["M","$","M","$","?","M","M","R","T","?","R","T","?","M","R","B",null,"M","M","$","M","M","R","M"],"character_chosen":"IRONCLAD","items_purchased":["Entrench","Sentinel","Medical Kit"],"campfire_rested":2,"item_purchase_floors":[2,20,20],"current_hp_per_floor":[80,80,70,70,70,65,59,59,59,53,53,53,74,48,70,30,74,57,38,38,41,8,30,0],"gold":158,"neow_bonus":"","is_prod":false,"is_daily":true,"chose_seed":false,"campfire_upgraded":2,"win_rate":0.0,"timestamp":1565038154,"path_taken":["M","$","M","$","?","M","M","R","T","?","R","?","?","M","R","BOSS","M","M","$","M","M","R","M"],"build_version":"2019-07-17","purchased_purges":0,"victory":false,"max_hp_per_floor":[80,80,80,80,74,74,74,74,74,74,74,74,74,74,74,74,74,74,74,74,74,74,74,74],"card_choices":[{"not_picked":["Masterful Stab","Outmaneuver"],"picked":"Shrug It Off","floor":1},{"not_picked":["Dodge and Roll","True Grit"],"picked":"Carnage","floor":3},{"not_picked":["Setup","Backflip"],"picked":"Clash","floor":6},{"not_picked":["Distraction","Cleave"],"picked":"Perfected Strike","floor":7},{"not_picked":["Expertise","Backflip"],"picked":"Well Laid Plans","floor":10},{"not_picked":["Cloak And Dagger","PiercingWail"],"picked":"Backstab","floor":14},{"not_picked":["Night Terror","Brutality"],"picked":"Barricade","floor":16},{"not_picked":["Perfected Strike","Headbutt"],"picked":"Uppercut","floor":18},{"not_picked":["Dagger Throw","Inflame"],"picked":"Pommel Strike","floor":19},{"not_picked":["Rage","Backstab"],"picked":"Infernal Blade+1","floor":21},{"not_picked":["Bouncing Flask+1","Clash+1"],"picked":"Body Slam","floor":22}],"player_experience":10599,"relics_obtained":[{"floor":9,"key":"Red Skull"},{"floor":12,"key":"War Paint"}],"event_choices":[{"damage_healed":0,"gold_gain":0,"player_choice":"Lose Max HP","damage_taken":0,"relics_obtained":["Golden Idol"],"max_hp_gain":0,"max_hp_loss":6,"event_name":"Golden Idol","floor":5,"gold_loss":0},{"damage_healed":0,"gold_gain":0,"player_choice":"Searched \u00272\u0027 times","damage_taken":0,"relics_obtained":["Girya"],"max_hp_gain":0,"max_hp_loss":0,"event_name":"Dead Adventurer","floor":10,"gold_loss":0},{"cards_removed":["Well Laid Plans"],"damage_healed":21,"gold_gain":0,"player_choice":"Offered Uncommon","damage_taken":0,"max_hp_gain":0,"max_hp_loss":0,"event_name":"Bonfire Elementals","floor":13,"gold_loss":0}],"is_beta":false,"boss_relics":[{"not_picked":["Calling Bell","Black Blood"],"picked":"Runic Cube"}],"items_purged_floors":[],"is_endless":false,"potions_floor_spawned":[1,6,7,16,19,22],"killed_by":"Sentry and Sphere","ascension_level":0}