{"gold_per_floor":[118,118,64,81,99,99,132,132,155,155,180,180,197,224,224,327,327,346,346,143,160,160,160,160,192,192,192],"floor_reached":27,"playtime":676,"items_purged":["Strike_R"],"score":284,"play_id":"b55bac4b-13d5-4fb8-84a3-7ac802d46231","local_time":"20190629212249","is_ascension_mode":true,"campfire_choices":[{"data":"Bash","floor":6.0,"key":"SMITH"},{"data":"Flame Barrier","floor":8.0,"key":"SMITH"},{"data":"Feed","floor":12,"key":"SMITH"},{"floor":15,"key":"RECALL"},{"data":"Demon Form","floor":23,"key":"SMITH"}],"neow_cost":"NONE","seed_source_timestamp":14032339807262,"circlet_count":0,"master_deck":["Strike_R","Strike_R","Strike_R","Strike_R+1","Defend_R","Defend_R","Defend_R","Defend_R","Bash+1","Whirlwind+1","Flex+1","Flame Barrier+1","Thunderclap+1","Feed+1","Demon Form+1","Offering","Shrug It Off+1","Warcry","Clothesline+1"],"special_seed":0,"relics":["Burning Blood","Smiling Mask","Whetstone","Omamori","Paper Frog","Gremlin Horn","Cursed Key","PreservedInsect"],"potions_floor_usage":[16,16],"damage_taken":[{"damage":0.0,"enemies":"2 Louse","floor":1.0,"turns":4.0},{"damage":6.0,"enemies":"Cultist","floor":4.0,"turns":3.0},{"damage":8.0,"enemies":"Small Slimes","floor":5.0,"turns":2.0},{"damage":36.0,"enemies":"Lagavulin","floor":7.0,"turns":8.0},{"damage":8,"enemies":"Gremlin Nob","floor":11,"turns":4},{"damage":0,"enemies":"Looter","floor":13,"turns":4},{"damage":26,"enemies":"Lagavulin","floor":14,"turns":5},{"damage":25,"enemies":"Slime Boss","floor":16,"turns":12},{"damage":27,"enemies":"Shell Parasite","floor":18,"turns":7},{"damage":32,"enemies":"Spheric Guardian","floor":21,"turns":7},{"damage":36,"enemies":"Slavers","floor":25,"turns":6},{"damage":17,"enemies":"Centurion and Healer","floor":27,"turns":2}],"seed_played":"-3315275592176005365","potions_obtained":[{"floor":7.0,"key":"EntropicBrew"},{"floor":13,"key":"Regen Potion"}],"is_trial":false,"path_per_floor":["M","?","$","M","M","R","E","R","T","?","E","R","M","E","R","B",null,"M","?","$","M","?","R","?","E","T","M"],"character_chosen":"IRONCLAD","items_purchased":["Flex","Offering"],"campfire_rested":0,"item_purchase_floors":[3,20],"current_hp_per_floor":[80,80,80,80,78,78,48,48,48,48,46,46,52,36,36,36,88,71,71,71,49,49,49,40,14,14,0],"gold":192,"neow_bonus":"RANDOM_COMMON_RELIC","is_prod":false,"is_daily":false,"chose_seed":false,"campfire_upgraded":4,"win_rate":0,"timestamp":1561832569,"path_taken":["M","?","$","?","M","R","E","R","T","?","E","R","M","E","R","BOSS","M","?","$","M","?","R","?","E","T","?"],"build_version":"2019-01-23","purchased_purges":1,"victory":false,"max_hp_per_floor":[80,80,80,80,80,80,80,80,80,80,80,80,80,84,84,88,88,92,92,92,96,96,96,96,100,100,100],"card_choices":[{"not_picked":["Cleave","Metallicize"],"picked":"Whirlwind","floor":1.0},{"not_picked":["Havoc","Searing Blow","Sentinel"],"picked":"SKIP","floor":4.0},{"not_picked":["Armaments","Feel No Pain"],"picked":"Flame Barrier","floor":5.0},{"not_picked":["Hemokinesis","Pommel Strike"],"picked":"Thunderclap","floor":7.0},{"not_picked":["Seeing Red","Disarm"],"picked":"Feed","floor":11},{"not_picked":["Rupture","Entrench","Metallicize"],"picked":"SKIP","floor":13},{"not_picked":["Heavy Blade","Anger","Sentinel"],"picked":"SKIP","floor":14},{"not_picked":["Berserk","Immolate"],"picked":"Demon Form","floor":16},{"not_picked":["Wild Strike","Clothesline","Twin Strike"],"picked":"SKIP","floor":18},{"not_picked":["Armaments","Pommel Strike"],"picked":"Shrug It Off+1","floor":21},{"not_picked":["Perfected Strike","Infernal Blade+1"],"picked":"Clothesline+1","floor":25}],"player_experience":1022359,"relics_obtained":[{"floor":7.0,"key":"Whetstone"},{"floor":9.0,"key":"Omamori"},{"floor":11,"key":"Paper Frog"},{"floor":14,"key":"Gremlin Horn"},{"floor":25,"key":"PreservedInsect"}],"event_choices":[{"damage_healed":0.0,"max_hp_gain":0.0,"max_hp_loss":0.0,"gold_gain":0.0,"event_name":"Accursed Blacksmith","player_choice":"Forge","floor":2.0,"gold_loss":0.0,"damage_taken":0.0,"cards_upgraded":["Whirlwind"]},{"damage_healed":0,"gold_gain":0,"player_choice":"Grow","damage_taken":0,"max_hp_gain":0,"max_hp_loss":0,"event_name":"Living Wall","floor":10,"gold_loss":0,"cards_upgraded":["Flex"]},{"damage_healed":0,"gold_gain":0,"player_choice":"Ignored","damage_taken":0,"max_hp_gain":0,"max_hp_loss":0,"event_name":"Vampires","floor":19,"gold_loss":0},{"damage_healed":0,"gold_gain":0,"player_choice":"Read","damage_taken":0,"max_hp_gain":0,"max_hp_loss":0,"event_name":"The Library","floor":22,"gold_loss":0,"cards_obtained":["Warcry"]},{"damage_healed":0,"gold_gain":0,"player_choice":"Damaged","damage_taken":9,"max_hp_gain":0,"max_hp_loss":0,"event_name":"Wheel of Change","floor":24,"gold_loss":0}],"is_beta":false,"boss_relics":[{"not_picked":["Orrery","Tiny House"],"picked":"Cursed Key"}],"items_purged_floors":[20],"is_endless":false,"potions_floor_spawned":[7,13,16,25],"killed_by":"Centurion and Healer","ascension_level":1}