{"gold_per_floor":[110,260,55,75,42,42,76,76,102,130,130,155,155,171,171,244,244,254,100,111,111,111,111,136,151,151,165,165,165,93,113,113,185,185,196,6,23,23,23,23,37,37,37,37,0,10,29,48,48,48],"floor_reached":50,"playtime":1534,"items_purged":["Doubt","Defend_B"],"score":880,"play_id":"762e968c-7c8e-4aa0-a6ad-0c30e632d16c","local_time":"20180803063642","is_ascension_mode":true,"campfire_choices":[{"data":"Zap","floor":6.0,"key":"SMITH"},{"data":"Rip and Tear","floor":8.0,"key":"SMITH"},{"data":"Self Repair","floor":13.0,"key":"SMITH"},{"data":"Ball Lightning","floor":15.0,"key":"SMITH"},{"data":"Cold Snap","floor":23.0,"key":"SMITH"},{"data":"Coolheaded","floor":28,"key":"SMITH"},{"data":"Defragment","floor":32,"key":"SMITH"},{"data":"Defragment","floor":40,"key":"SMITH"},{"data":"Biased Cognition","floor":42,"key":"SMITH"},{"data":"Consume","floor":49,"key":"SMITH"}],"neow_cost":"NONE","seed_source_timestamp":1045324070113,"circlet_count":0,"master_deck":["Zap+1","Dualcast","AscendersBane","Ball Lightning+1","Self Repair+1","Conserve Battery","Leap","Rip and Tear+1","Coolheaded+1","Electrodynamics","Cold Snap+1","Auto Shields","Defragment+1","Static Discharge","Biased Cognition+1","Consume+1","Steam Power","Beam Cell","Leap","Double Energy","Redo","Defragment+1"],"special_seed":0,"relics":["Cracked Core","NeowsBlessing","Bottled Lightning","Oddly Smooth Stone","StoneCalendar","Torii","Gambling Chip","Cursed Key","Du-Vu Doll","Pandora\u0027s Box","ClockworkSouvenir","Red Mask"],"potions_floor_usage":[33,33,37,50],"damage_taken":[{"damage":0.0,"enemies":"Cultist","floor":1.0,"turns":1.0},{"damage":0.0,"enemies":"2 Louse","floor":4.0,"turns":1.0},{"damage":0.0,"enemies":"Gremlin Nob","floor":7.0,"turns":1.0},{"damage":16.0,"enemies":"Lagavulin","floor":10.0,"turns":6.0},{"damage":2.0,"enemies":"3 Sentries","floor":12.0,"turns":7.0},{"damage":6.0,"enemies":"Small Slimes","floor":14.0,"turns":2.0},{"damage":20.0,"enemies":"Hexaghost","floor":16.0,"turns":9.0},{"damage":30.0,"enemies":"Shell Parasite","floor":18.0,"turns":5.0},{"damage":1.0,"enemies":"Chosen","floor":20.0,"turns":4.0},{"damage":19.0,"enemies":"Slavers","floor":24.0,"turns":4.0},{"damage":12.0,"enemies":"Snake Plant","floor":25.0,"turns":3.0},{"damage":7,"enemies":"Centurion and Healer","floor":27,"turns":6},{"damage":1,"enemies":"Cultist and Chosen","floor":31,"turns":5},{"damage":30,"enemies":"Champ","floor":33,"turns":11},{"damage":0,"enemies":"Flame Bruiser 1 Orb","floor":35,"turns":3},{"damage":19,"enemies":"3 Darklings","floor":37,"turns":3},{"damage":22,"enemies":"Transient","floor":41,"turns":5},{"damage":6,"enemies":"Flame Bruiser 2 Orb","floor":46,"turns":3},{"damage":0,"enemies":"Maw","floor":47,"turns":7},{"damage":9,"enemies":"Transient","floor":48,"turns":5},{"damage":64,"enemies":"Time Eater","floor":50,"turns":7}],"seed_played":"-7117022489479665061","potions_obtained":[{"floor":7.0,"key":"SteroidPotion"},{"floor":14.0,"key":"EssenceOfSteel"},{"floor":20.0,"key":"Weak Potion"},{"floor":24.0,"key":"PowerPotion"},{"floor":31,"key":"Weak Potion"},{"floor":33,"key":"Block Potion"},{"floor":41,"key":"Strength Potion"},{"floor":48,"key":"SteroidPotion"}],"is_trial":false,"path_per_floor":["M","?","$","M","$","R","E","R","T","E","?","E","R","M","R","B",null,"M","$","M","?","?","R","E","M","T","M","R","?","$","M","R","B",null,"M","$","M","?","$","R","M","R","T","$","?","M","M","M","R"],"character_chosen":"DEFECT","items_purchased":["Self Repair","Conserve Battery","Rip and Tear","Cold Snap","Defragment","ClockworkSouvenir"],"campfire_rested":0,"item_purchase_floors":[3,3,5,19,30,36],"current_hp_per_floor":[64,64,64,71,71,71,71,71,71,62,44,49,49,53,53,43,64,44,44,53,53,53,53,44,42,42,45,45,45,45,54,54,34,62,62,62,53,58,58,58,46,46,46,46,46,50,60,61,61,0],"gold":48,"neow_bonus":"THREE_ENEMY_KILL","is_prod":false,"is_daily":false,"chose_seed":false,"campfire_upgraded":10,"win_rate":0,"timestamp":1533267402,"path_taken":["M","?","$","M","$","R","E","R","T","E","?","E","R","M","R","BOSS","M","$","M","?","?","R","E","M","T","M","R","?","$","M","R","BOSS","M","$","M","?","$","R","M","R","T","?","?","?","M","M","R","BOSS"],"build_version":"2018-08-02","purchased_purges":2,"victory":false,"max_hp_per_floor":[71,71,71,71,71,71,71,71,71,71,71,71,71,71,71,71,71,71,71,71,71,71,71,71,71,71,71,71,71,71,71,71,71,71,71,71,71,71,71,71,71,71,71,71,71,71,71,71,71,71],"card_choices":[{"not_picked":["Coolheaded","Aggregate"],"picked":"Ball Lightning","floor":1.0},{"not_picked":["Lockon","Heatsinks"],"picked":"Leap","floor":4.0},{"not_picked":["Redo","Leap","Rebound"],"picked":"SKIP","floor":7.0},{"not_picked":["Machine Learning","Fusion"],"picked":"Coolheaded","floor":10.0},{"not_picked":["Conserve Battery","Heatsinks","Streamline"],"picked":"SKIP","floor":12.0},{"not_picked":["Rip and Tear","Skim","Rebound"],"picked":"SKIP","floor":14.0},{"not_picked":["Seek","Rainbow"],"picked":"Electrodynamics","floor":16.0},{"not_picked":["Aggregate","Barrage","Rebound"],"picked":"SKIP","floor":18.0},{"not_picked":["Rip and Tear","Force Field"],"picked":"Auto Shields","floor":20.0},{"not_picked":["Beam Cell","Redo","Compile Driver+1"],"picked":"SKIP","floor":24.0},{"not_picked":["Compile Driver","Darkness","Ball Lightning+1"],"picked":"SKIP","floor":25.0},{"not_picked":["Sweeping Beam","Genetic Algorithm","Hello World"],"picked":"SKIP","floor":27},{"not_picked":["Steam","Ball Lightning"],"picked":"Static Discharge","floor":31},{"not_picked":["Multi-Cast","All For One"],"picked":"Biased Cognition","floor":33},{"not_picked":["Streamline+1","Stack","Rip and Tear"],"picked":"SKIP","floor":35},{"not_picked":["Cold Snap","Hologram"],"picked":"Defragment","floor":37},{"not_picked":["Stack","Scrape+1","Turbo"],"picked":"SKIP","floor":41},{"not_picked":["Hologram","Double Energy+1","Cold Snap+1"],"picked":"SKIP","floor":46},{"not_picked":["Coolheaded+1","Leap+1","Ball Lightning+1"],"picked":"SKIP","floor":47},{"not_picked":["FTL+1","Cold Snap","Hologram"],"picked":"SKIP","floor":48}],"player_experience":397276,"relics_obtained":[{"floor":7.0,"key":"Bottled Lightning"},{"floor":9.0,"key":"Oddly Smooth Stone"},{"floor":10.0,"key":"StoneCalendar"},{"floor":12.0,"key":"Gambling Chip"},{"floor":24.0,"key":"Du-Vu Doll"}],"event_choices":[{"event_name":"Liars Game","player_choice":"agreed","floor":2.0,"damage_taken":0.0},{"event_name":"Scrap Ooze","player_choice":"success","floor":11.0,"damage_taken":18.0},{"event_name":"Addict","player_choice":"Ignored","floor":21.0,"damage_taken":0.0},{"event_name":"Back to Basics","player_choice":"Simplicity","floor":22.0,"damage_taken":0.0},{"event_name":"Ghosts","player_choice":"Ignored","floor":29,"damage_taken":0},{"event_name":"Bonfire Elementals","player_choice":"COMMON","floor":38,"damage_taken":0},{"event_name":"Tomb of Lord Red Mask","player_choice":"Paid","floor":45,"damage_taken":0}],"is_beta":false,"boss_relics":[{"not_picked":["White Beast Statue","Inserter"],"picked":"Cursed Key"},{"not_picked":["Orrery","Velvet Choker"],"picked":"Pandora\u0027s Box"}],"items_purged_floors":[3,19],"is_endless":false,"potions_floor_spawned":[7,14,20,24,31,33,41,48],"killed_by":"Time Eater","ascension_level":15}