{"gold_per_floor":[112,112,128,128,141,141,172,28,55,55,117,117,144,166,178,190],"floor_reached":16,"playtime":494,"items_purged":["Defend_G"],"score":189,"play_id":"2ae9c575-c4dd-4494-9e21-b868775d47d1","local_time":"20190412010616","is_ascension_mode":true,"campfire_choices":[{"data":"Riddle With Holes","floor":6,"key":"SMITH"},{"data":"Blur","floor":12,"key":"SMITH"},{"data":"Poisoned Stab","floor":15,"key":"SMITH"}],"neow_cost":"NONE","seed_source_timestamp":134499716766413,"circlet_count":0,"master_deck":["AscendersBane","Defend_G","Defend_G","Defend_G","Defend_G","Strike_G","Strike_G","Strike_G","Strike_G","Survivor","Neutralize+1","Dodge and Roll","Riddle With Holes+1","Blur+1","Well Laid Plans","Poisoned Stab+1"],"relics":["Runic Dome","Bag of Preparation","Art of War","Tiny Chest","MawBank"],"potions_floor_usage":[16],"damage_taken":[{"damage":0,"enemies":"Jaw Worm","floor":1,"turns":5},{"damage":0,"enemies":"2 Louse","floor":3,"turns":6},{"damage":0,"enemies":"Small Slimes","floor":5,"turns":5},{"damage":35,"enemies":"Gremlin Nob","floor":7,"turns":5},{"damage":6,"enemies":"Lagavulin","floor":11,"turns":9},{"damage":0,"enemies":"Looter","floor":14,"turns":4},{"damage":27,"enemies":"Hexaghost","floor":16,"turns":9}],"seed_played":"1295494276986919908","potions_obtained":[{"floor":5,"key":"Regen Potion"},{"floor":7,"key":"Fire Potion"}],"is_trial":false,"path_per_floor":["M","?","M","?","M","R","E","$","T","?","E","R","T","M","R","B"],"character_chosen":"THE_SILENT","items_purchased":["Well Laid Plans"],"campfire_rested":0,"item_purchase_floors":[8],"current_hp_per_floor":[59,59,59,52,52,52,17,17,17,17,11,11,11,11,11,0],"gold":190,"neow_bonus":"BOSS_RELIC","is_prod":false,"is_daily":false,"chose_seed":false,"campfire_upgraded":3,"win_rate":0,"timestamp":1555020376,"path_taken":["M","?","M","?","M","R","E","$","T","?","E","R","?","M","R","BOSS"],"build_version":"2019-01-23","purchased_purges":1,"victory":false,"max_hp_per_floor":[66,66,66,66,66,66,66,66,66,66,66,66,66,66,66,66],"card_choices":[{"not_picked":["Accuracy","Flying Knee"],"picked":"Dodge and Roll","floor":1},{"not_picked":["Endless Agony","Slice","Dagger Throw"],"picked":"SKIP","floor":3},{"not_picked":["Terror","Underhanded Strike"],"picked":"Riddle With Holes","floor":5},{"not_picked":["Backflip","Tactician"],"picked":"Blur","floor":7},{"not_picked":["Dagger Throw","Bane","Heel Hook"],"picked":"SKIP","floor":11},{"not_picked":["PiercingWail","Distraction"],"picked":"Poisoned Stab","floor":14}],"player_experience":839632,"relics_obtained":[{"floor":7,"key":"Bag of Preparation"},{"floor":9,"key":"Art of War"},{"floor":11,"key":"Tiny Chest"},{"floor":13,"key":"MawBank"}],"event_choices":[{"damage_healed":0,"gold_gain":0,"player_choice":"Grow","damage_taken":0,"max_hp_gain":0,"max_hp_loss":0,"event_name":"Living Wall","floor":2,"gold_loss":0,"cards_upgraded":["Neutralize"]},{"cards_removed":["Strike_G"],"damage_healed":0,"gold_gain":0,"player_choice":"Card Removal","damage_taken":7,"max_hp_gain":0,"max_hp_loss":0,"event_name":"Golden Wing","floor":4,"gold_loss":0},{"damage_healed":0,"gold_gain":0,"player_choice":"Ignored","damage_taken":0,"max_hp_gain":0,"max_hp_loss":0,"event_name":"Liars Game","floor":10,"gold_loss":0}],"is_beta":false,"boss_relics":[],"items_purged_floors":[8],"is_endless":false,"potions_floor_spawned":[5,7,11,14],"killed_by":"Hexaghost","ascension_level":15}