{"gold_per_floor":[115,1,1,21,38,72,72,83,107,39,74,1,1,18,18,113,113,131,150,161,111,111,111,126,161,161,176,57,69,89,102,102,199,199,209,159,207,0,25,25,45,55,80,80,104,118,118,34,34,34],"floor_reached":51,"playtime":3306,"items_purged":["Strike_B","Strike_B","Strike_B","Regret","Defend_B","Regret"],"score":754,"play_id":"180849d4-67af-430f-bd54-6dfe488c3d4e","local_time":"20190806014543","is_ascension_mode":false,"campfire_choices":[{"floor":7,"key":"REST"},{"floor":15,"key":"REST"},{"data":"Dualcast","floor":23,"key":"SMITH"},{"data":"Defragment","floor":32,"key":"SMITH"},{"floor":40,"key":"REST"},{"floor":44,"key":"REST"},{"data":"Echo Form","floor":47,"key":"SMITH"},{"data":"Loop","floor":49,"key":"SMITH"}],"neow_cost":"NONE","seed_source_timestamp":24451442609027,"circlet_count":0,"master_deck":["Defend_B","Defend_B","Defend_B","Zap","Dualcast+1","Heatsinks","Defragment+1","Cold Snap","Compile Driver","Self Repair","BootSequence","Electrodynamics","Ball Lightning","Reboot","Loop+1","Genetic Algorithm","White Noise","Chill","Echo Form+1","Doubt","Parasite","Double Energy"],"relics":["Cracked Core","NeowsBlessing","Ancient Tea Set","Bag of Preparation","Smiling Mask","WarpedTongs","Cursed Key","Centennial Puzzle","Letter Opener","Inserter","Du-Vu Doll","Red Mask","Anchor","DataDisk","Dream Catcher"],"potions_floor_usage":[6,16,16,24,25,30,33,41,50,50,50],"damage_taken":[{"damage":0,"enemies":"Cultist","floor":1,"turns":1},{"damage":0,"enemies":"Small Slimes","floor":4,"turns":1},{"damage":0,"enemies":"2 Louse","floor":5,"turns":1},{"damage":44,"enemies":"Lagavulin","floor":6,"turns":7},{"damage":5,"enemies":"Exordium Thugs","floor":8,"turns":6},{"damage":19,"enemies":"Gremlin Nob","floor":11,"turns":4},{"damage":0,"enemies":"Gremlin Gang","floor":14,"turns":1},{"damage":32,"enemies":"Hexaghost","floor":16,"turns":13},{"damage":12,"enemies":"2 Thieves","floor":18,"turns":2},{"damage":10,"enemies":"Spheric Guardian","floor":19,"turns":4},{"damage":31,"enemies":"Centurion and Healer","floor":20,"turns":5},{"damage":1,"enemies":"Snake Plant","floor":24,"turns":4},{"damage":25,"enemies":"Slavers","floor":25,"turns":4},{"damage":2,"enemies":"3 Cultists","floor":27,"turns":3},{"damage":0,"enemies":"Cultist and Chosen","floor":29,"turns":4},{"damage":4,"enemies":"Centurion and Healer","floor":30,"turns":5},{"damage":1,"enemies":"Snecko","floor":31,"turns":5},{"damage":26,"enemies":"Collector","floor":33,"turns":8},{"damage":1,"enemies":"3 Shapes","floor":35,"turns":3},{"damage":36,"enemies":"2 Orb Walkers","floor":37,"turns":5},{"damage":0,"enemies":"3 Darklings","floor":41,"turns":4},{"damage":36,"enemies":"Spire Growth","floor":42,"turns":5},{"damage":3,"enemies":"Jaw Worm Horde","floor":46,"turns":4},{"damage":26,"enemies":"Awakened One","floor":50,"turns":10}],"seed_played":"-2463877886000667331","potions_obtained":[{"floor":5,"key":"Poison Potion"},{"floor":8,"key":"EssenceOfSteel"},{"floor":11,"key":"SkillPotion"},{"floor":20,"key":"SkillPotion"},{"floor":24,"key":"SkillPotion"},{"floor":27,"key":"AttackPotion"},{"floor":31,"key":"Poison Potion"},{"floor":33,"key":"FearPotion"},{"floor":37,"key":"PowerPotion"},{"floor":42,"key":"Regen Potion"},{"floor":46,"key":"SteroidPotion"}],"is_trial":false,"path_per_floor":["M","$","?","M","M","E","R","M","T","$","E","$","?","M","R","B",null,"M","M","M","$","?","R","M","E","T","M","$","M","M","M","R","B",null,"M","$","?","?","T","R","M","M","T","R","T","M","R","$","R","B",null],"character_chosen":"DEFECT","items_purchased":["Heatsinks","BootSequence","Ball Lightning","White Noise","Double Energy"],"campfire_rested":4,"item_purchase_floors":[2,10,12,28,48],"current_hp_per_floor":[75,75,75,75,75,31,53,48,48,48,36,36,36,36,58,36,75,70,67,46,46,46,46,52,37,37,42,42,49,52,58,58,39,75,75,75,46,46,46,68,75,46,46,68,68,65,65,65,65,57],"gold":34,"neow_bonus":"THREE_ENEMY_KILL","is_prod":false,"is_daily":false,"chose_seed":false,"campfire_upgraded":4,"win_rate":0,"timestamp":1565073943,"path_taken":["M","?","?","M","M","E","R","?","T","$","E","?","?","M","R","BOSS","M","M","M","$","?","R","M","E","T","M","$","M","M","?","R","BOSS","M","$","?","?","?","R","M","M","T","R","?","M","R","$","R","BOSS"],"build_version":"2019-07-17","purchased_purges":6,"victory":true,"max_hp_per_floor":[75,75,75,75,75,75,75,75,75,75,75,75,75,75,75,75,75,75,75,75,75,75,75,75,75,75,75,75,75,75,75,75,75,75,75,75,75,75,75,75,75,75,75,75,75,75,75,75,75,75],"card_choices":[{"not_picked":["Redo","Undo","Hologram"],"picked":"SKIP","floor":1},{"not_picked":["Scrape","Steam"],"picked":"Defragment","floor":4},{"not_picked":["Leap","Hello World"],"picked":"Cold Snap","floor":5},{"not_picked":["Redo","Beam Cell"],"picked":"Compile Driver","floor":6},{"not_picked":["Coolheaded","Stack"],"picked":"Self Repair","floor":8},{"not_picked":["Force Field","Leap"],"picked":"Electrodynamics","floor":11},{"not_picked":["Beam Cell","Steam","Conserve Battery"],"picked":"SKIP","floor":14},{"not_picked":["Fission","Multi-Cast"],"picked":"Reboot","floor":16},{"not_picked":["Cold Snap+1","Streamline+1","Double Energy"],"picked":"SKIP","floor":18},{"not_picked":["Skim","Barrage"],"picked":"Loop","floor":19},{"not_picked":["Beam Cell","Lockon"],"picked":"Genetic Algorithm","floor":20},{"not_picked":["Static Discharge","Rebound","Double Energy"],"picked":"SKIP","floor":24},{"not_picked":["Static Discharge","Rebound","Double Energy"],"picked":"SKIP","floor":24},{"not_picked":["Hologram","Beam Cell+1","Thunder Strike"],"picked":"SKIP","floor":25},{"not_picked":["Stack","Ball Lightning","Melter"],"picked":"SKIP","floor":27},{"not_picked":["Barrage+1","Thunder Strike","Turbo"],"picked":"SKIP","floor":29},{"not_picked":["Hello World","Melter","Fusion"],"picked":"SKIP","floor":30},{"not_picked":["Stack","Go for the Eyes"],"picked":"Chill","floor":31},{"not_picked":["Hyperbeam","Creative AI"],"picked":"Echo Form","floor":33},{"not_picked":["Ball Lightning+1","Redo+1","Steam Power+1"],"picked":"SKIP","floor":35},{"not_picked":["Double Energy","Darkness+1","Chaos+1"],"picked":"SKIP","floor":41},{"not_picked":["Go for the Eyes","Hello World","Hologram"],"picked":"SKIP","floor":42},{"not_picked":["Melter","Sweeping Beam+1","Hologram"],"picked":"SKIP","floor":46}],"player_experience":640376,"relics_obtained":[{"floor":6,"key":"Ancient Tea Set"},{"floor":9,"key":"Bag of Preparation"},{"floor":11,"key":"Smiling Mask"},{"floor":25,"key":"Centennial Puzzle"},{"floor":26,"key":"Letter Opener"},{"floor":37,"key":"Du-Vu Doll"},{"floor":39,"key":"Anchor"},{"floor":43,"key":"DataDisk"},{"floor":45,"key":"Dream Catcher"}],"event_choices":[{"cards_removed":["Strike_B"],"damage_healed":0,"gold_gain":0,"player_choice":"Offered Basic","damage_taken":0,"max_hp_gain":0,"max_hp_loss":0,"event_name":"Bonfire Elementals","floor":3,"gold_loss":0},{"damage_healed":0,"gold_gain":0,"player_choice":"Rummage","damage_taken":0,"relics_obtained":["WarpedTongs"],"max_hp_gain":0,"max_hp_loss":0,"event_name":"Accursed Blacksmith","floor":13,"gold_loss":0,"cards_obtained":["Pain"]},{"cards_removed":["Pain"],"damage_healed":0,"gold_gain":0,"player_choice":"Purged","damage_taken":0,"max_hp_gain":0,"max_hp_loss":0,"event_name":"Purifier","floor":22,"gold_loss":0},{"damage_healed":0,"gold_gain":0,"player_choice":"Fight","damage_taken":0,"max_hp_gain":0,"max_hp_loss":0,"event_name":"Mysterious Sphere","floor":37,"gold_loss":0},{"damage_healed":0,"gold_gain":0,"player_choice":"Paid","damage_taken":0,"relics_obtained":["Red Mask"],"max_hp_gain":0,"max_hp_loss":0,"event_name":"Tomb of Lord Red Mask","floor":38,"gold_loss":207}],"is_beta":false,"boss_relics":[{"not_picked":["Black Star","Ectoplasm"],"picked":"Cursed Key"},{"not_picked":["Empty Cage","Philosopher\u0027s Stone"],"picked":"Inserter"}],"items_purged_floors":[2,12,21,28,36,48],"is_endless":false,"potions_floor_spawned":[5,8,11,20,24,27,31,33,37,42,46],"ascension_level":0}