{"gold_per_floor":[417,15,31,42,62,62,87,87,111,139,152,152,183,199,199,300,300,313,313,168,168,168,168,184,184,232,157,157,189,189,221,221,317,317,336,354,1353,1370,1370,1370,1175,1175,1198,1218,467,486,486,486,486,486,486,486,133,159,159],"floor_reached":56,"playtime":2168,"items_purged":["Strike_R","Cleave","Normality","Normality","Strike_R+1"],"score":1355,"play_id":"1c66b9e8-be18-4f2b-a951-5d24ac5a1d09","local_time":"20181206170026","is_ascension_mode":true,"campfire_choices":[{"data":"Inflame","floor":6.0,"key":"SMITH"},{"floor":8.0,"key":"REST"},{"data":"Sword Boomerang","floor":12.0,"key":"SMITH"},{"data":"Flame Barrier","floor":15.0,"key":"SMITH"},{"data":"Sword Boomerang","floor":23.0,"key":"SMITH"},{"data":"Immolate","floor":25.0,"key":"SMITH"},{"data":"Bash","floor":28.0,"key":"SMITH"},{"data":"Shrug It Off","floor":32.0,"key":"SMITH"},{"data":"Double Tap","floor":40.0,"key":"SMITH"},{"floor":42.0,"key":"RECALL"},{"data":"Limit Break","floor":49.0,"key":"SMITH"},{"data":"Battle Trance","floor":52.0,"key":"SMITH"}],"neow_cost":"TEN_PERCENT_HP_LOSS","seed_source_timestamp":13229666647454,"circlet_count":0,"master_deck":["Strike_R+1","Strike_R+1","Defend_R+1","Defend_R+1","Defend_R+1","Bash+1","Inflame+1","Sword Boomerang+1","Corruption+1","Shrug It Off+1","Metallicize+1","Flame Barrier+1","Immolate+1","Necronomicurse","Sword Boomerang+1","Feel No Pain+1","Disarm+1","Double Tap+1","Whirlwind+1","True Grit+1","Doubt","Limit Break+1","Battle Trance+1","Ghostly Armor+1"],"special_seed":0,"relics":["Burning Blood","Old Coin","Frozen Egg 2","Orichalcum","Blood Vial","Dream Catcher","Juzu Bracelet","Sozu","Necronomicon","Smiling Mask","Calipers","Ginger","Cursed Key","Vajra","Gambling Chip","Medical Kit","Dead Branch","Sundial"],"potions_floor_usage":[55],"damage_taken":[{"damage":6.0,"enemies":"Cultist","floor":1.0,"turns":3.0},{"damage":15.0,"enemies":"Small Slimes","floor":3.0,"turns":3.0},{"damage":0.0,"enemies":"2 Louse","floor":4.0,"turns":2.0},{"damage":8.0,"enemies":"Lots of Slimes","floor":5.0,"turns":3.0},{"damage":32.0,"enemies":"Lagavulin","floor":7.0,"turns":6.0},{"damage":16.0,"enemies":"Gremlin Nob","floor":10.0,"turns":4.0},{"damage":0.0,"enemies":"Large Slime","floor":11.0,"turns":3.0},{"damage":8.0,"enemies":"3 Sentries","floor":13.0,"turns":6.0},{"damage":0.0,"enemies":"Exordium Thugs","floor":14.0,"turns":3.0},{"damage":46.0,"enemies":"Hexaghost","floor":16.0,"turns":10.0},{"damage":1.0,"enemies":"Shell Parasite","floor":18.0,"turns":4.0},{"damage":2.0,"enemies":"2 Thieves","floor":24.0,"turns":2.0},{"damage":0.0,"enemies":"Slavers","floor":29.0,"turns":1.0},{"damage":13.0,"enemies":"Book of Stabbing","floor":31.0,"turns":3.0},{"damage":53.0,"enemies":"Automaton","floor":33.0,"turns":7.0},{"damage":8.0,"enemies":"3 Shapes","floor":35.0,"turns":4.0},{"damage":9.0,"enemies":"Orb Walker","floor":36.0,"turns":2.0},{"damage":13.0,"enemies":"Maw","floor":38.0,"turns":6.0},{"damage":18.0,"enemies":"Writhing Mass","floor":44.0,"turns":3.0},{"damage":0.0,"enemies":"Sphere and 2 Shapes","floor":46.0,"turns":1.0},{"damage":57.0,"enemies":"Awakened One","floor":50.0,"turns":7.0},{"damage":15,"enemies":"Shield and Spear","floor":54,"turns":3},{"damage":18,"enemies":"The Heart","floor":55,"turns":6}],"seed_played":"1178419348152176733","potions_obtained":[{"floor":1.0,"key":"Explosive Potion"},{"floor":3.0,"key":"Dexterity Potion"},{"floor":7.0,"key":"Dexterity Potion"},{"floor":13.0,"key":"Strength Potion"}],"is_trial":false,"path_per_floor":["M","$","M","M","M","R","E","R","T","E","M","R","E","M","R","B",null,"M","?","$","?","?","R","M","R","T","?","R","E","?","E","R","B",null,"M","M","?","M","?","R","$","R","T","M","$","M","?","?","R","B",null,"R","$","E","B",null],"character_chosen":"IRONCLAD","items_purchased":["Inflame","Sword Boomerang","Frozen Egg 2","Sword Boomerang","Vajra","Gambling Chip","Medical Kit","Limit Break","Battle Trance","Dead Branch"],"campfire_rested":1,"item_purchase_floors":[2,2,2,20,41,45,45,45,45,53],"current_hp_per_floor":[72,72,63,69,67,67,41,62,62,54,62,62,62,70,70,32,72,72,56,56,56,56,56,62,62,62,62,62,70,70,65,65,20,72,70,69,69,64,64,64,64,64,64,54,54,62,62,62,62,13,68,68,68,59,49],"gold":159,"neow_bonus":"ONE_RARE_RELIC","is_prod":false,"is_daily":false,"chose_seed":false,"campfire_upgraded":10,"win_rate":0,"timestamp":1544104826,"path_taken":["M","$","M","M","M","R","E","R","T","E","M","R","E","M","R","BOSS","M","?","$","?","?","R","M","R","T","?","R","E","?","E","R","BOSS","M","M","?","M","?","R","?","R","T","M","$","M","?","?","R","BOSS","R","$","E","BOSS"],"build_version":"2018-11-15","purchased_purges":5,"victory":true,"max_hp_per_floor":[72,72,72,72,72,72,72,72,72,72,72,72,72,72,72,72,72,72,72,72,72,72,72,72,72,72,72,72,72,72,72,72,72,72,72,72,72,72,72,72,72,72,72,72,72,72,72,68,68,68,68,68,68,68,68],"card_choices":[{"not_picked":["Fire Breathing","Thunderclap","Clash"],"picked":"SKIP","floor":1.0},{"not_picked":["Sentinel","Iron Wave"],"picked":"Cleave","floor":3.0},{"not_picked":["Clothesline","Anger"],"picked":"Corruption+1","floor":4.0},{"not_picked":["Wild Strike","Burning Pact","Twin Strike"],"picked":"SKIP","floor":5.0},{"not_picked":["Flex","Perfected Strike"],"picked":"Shrug It Off","floor":7.0},{"not_picked":["Exhume","Armaments","Dropkick"],"picked":"SKIP","floor":10.0},{"not_picked":["Headbutt","Uppercut"],"picked":"Metallicize+1","floor":11.0},{"not_picked":["Pommel Strike","Iron Wave"],"picked":"Flame Barrier","floor":13.0},{"not_picked":["Anger","Power Through","Wild Strike"],"picked":"SKIP","floor":14.0},{"not_picked":["Bludgeon","Offering"],"picked":"Immolate","floor":16.0},{"not_picked":["Flex","True Grit","Sever Soul+1"],"picked":"SKIP","floor":18.0},{"not_picked":["Rampage","Cleave"],"picked":"Feel No Pain+1","floor":24.0},{"not_picked":["Rupture+1","Heavy Blade","Clash+1"],"picked":"SKIP","floor":29.0},{"not_picked":["Evolve+1","Warcry"],"picked":"Disarm+1","floor":31.0},{"not_picked":["Impervious","Immolate"],"picked":"Double Tap","floor":33.0},{"not_picked":["Thunderclap","Sever Soul"],"picked":"Whirlwind+1","floor":35.0},{"not_picked":["Heavy Blade","Seeing Red","Body Slam+1"],"picked":"SKIP","floor":36.0},{"not_picked":["Wild Strike","Iron Wave"],"picked":"True Grit+1","floor":38.0},{"not_picked":["Headbutt","Thunderclap+1","Shrug It Off"],"picked":"SKIP","floor":44.0},{"not_picked":["Reckless Charge","Fiend Fire","Body Slam+1"],"picked":"SKIP","floor":46.0},{"not_picked":["Second Wind","Flex"],"picked":"Ghostly Armor+1","floor":54}],"player_experience":570339,"relics_obtained":[{"floor":7.0,"key":"Orichalcum"},{"floor":9.0,"key":"Blood Vial"},{"floor":10.0,"key":"Dream Catcher"},{"floor":13.0,"key":"Juzu Bracelet"},{"floor":19.0,"key":"Necronomicon"},{"floor":26.0,"key":"Smiling Mask"},{"floor":29.0,"key":"Calipers"},{"floor":31.0,"key":"Ginger"},{"floor":54,"key":"Sundial"}],"event_choices":[{"damage_healed":0.0,"max_hp_gain":0.0,"max_hp_loss":0.0,"gold_gain":0.0,"event_name":"Cursed Tome","player_choice":"Obtained Book","floor":19.0,"gold_loss":0.0,"damage_taken":16.0},{"damage_healed":0.0,"max_hp_gain":0.0,"max_hp_loss":0.0,"gold_gain":0.0,"event_name":"Back to Basics","player_choice":"Simplicity","floor":21.0,"gold_loss":0.0,"damage_taken":0.0,"cards_upgraded":["Strike_R","Strike_R","Strike_R","Strike_R","Defend_R","Defend_R","Defend_R","Defend_R"]},{"damage_healed":0.0,"max_hp_gain":0.0,"max_hp_loss":0.0,"gold_gain":0.0,"event_name":"Match and Keep!","player_choice":"0 cards matched","floor":22.0,"gold_loss":0.0,"damage_taken":0.0,"cards_obtained":[]},{"cards_removed":["Strike_R"],"damage_healed":0.0,"max_hp_gain":0.0,"max_hp_loss":0.0,"gold_gain":0.0,"event_name":"Beggar","player_choice":"Gave Gold","floor":27.0,"gold_loss":75.0,"damage_taken":0.0},{"damage_healed":0.0,"max_hp_gain":0.0,"max_hp_loss":0.0,"gold_gain":0.0,"event_name":"N\u0027loth","player_choice":"Ignored","floor":30.0,"gold_loss":0.0,"damage_taken":0.0},{"damage_healed":0.0,"max_hp_gain":0.0,"max_hp_loss":0.0,"gold_gain":999.0,"event_name":"MindBloom","player_choice":"Gold","floor":37.0,"gold_loss":0.0,"damage_taken":0.0,"cards_obtained":["Normality","Normality"]},{"damage_healed":0.0,"max_hp_gain":0.0,"max_hp_loss":0.0,"gold_gain":0.0,"event_name":"Tomb of Lord Red Mask","player_choice":"Ignored","floor":39.0,"gold_loss":0.0,"damage_taken":0.0},{"cards_removed":["Defend_R"],"damage_healed":0.0,"max_hp_gain":0.0,"max_hp_loss":0.0,"gold_gain":0.0,"event_name":"Falling","player_choice":"Removed Skill","floor":47.0,"gold_loss":0.0,"damage_taken":0.0},{"damage_healed":0.0,"max_hp_gain":0.0,"max_hp_loss":4.0,"gold_gain":0.0,"event_name":"Winding Halls","player_choice":"Max HP","floor":48.0,"gold_loss":0.0,"damage_taken":0.0}],"is_beta":false,"boss_relics":[{"not_picked":["White Beast Statue","Runic Pyramid"],"picked":"Sozu"},{"not_picked":["Velvet Choker","Calling Bell"],"picked":"Cursed Key"}],"items_purged_floors":[2,20,41,45,53],"is_endless":false,"potions_floor_spawned":[1,3,7,13,29,36,44],"ascension_level":1}