{"gold_per_floor":[109,129,129,129,142,142,172,172,172,45,6,20,53,5,5,101,101,115,129,129,139,159,159,187,200,200,200,200,233,233,264,264,364,364,374,297,312,330,341,341,341,367,391,391,91,91,101,152,152,152],"floor_reached":50,"playtime":4453,"items_purged":["Strike_G"],"score":882,"play_id":"01f2aaee-6d9f-493f-8883-7950718d4736","local_time":"20190802172011","is_ascension_mode":true,"campfire_choices":[{"data":"Blade Dance","floor":6,"key":"SMITH"},{"data":"Blade Dance","floor":8,"key":"SMITH"},{"data":"Noxious Fumes","floor":15,"key":"SMITH"},{"data":"Crippling Poison","floor":23,"key":"SMITH"},{"floor":27,"key":"REST"},{"data":"Backstab","floor":28,"key":"SMITH"},{"floor":32,"key":"REST"},{"data":"Footwork","floor":40,"key":"SMITH"},{"floor":41,"key":"REST"},{"data":"Accuracy","floor":44,"key":"SMITH"},{"floor":46,"key":"REST"},{"floor":49,"key":"REST"}],"neow_cost":"NONE","seed_source_timestamp":23982690864432,"circlet_count":0,"master_deck":["AscendersBane","Survivor","Neutralize+1","Blade Dance+1","Backstab+1","Blade Dance+1","Noxious Fumes+1","Crippling Poison+1","Cloak And Dagger","Blur+1","PiercingWail+1","Slice","Accuracy+1","Burst+1","Calculated Gamble","Flechettes","Concentrate","Blade Dance","Bullet Time","Deflect","Expertise+1","Unload","Footwork+1","Finisher","PiercingWail+1","A Thousand Cuts"],"relics":["Ring of the Snake","Pear","Snake Skull","Whetstone","Runic Pyramid","WingedGreaves","Juzu Bracelet","Pantograph","Thread and Needle","Pandora\u0027s Box","Bottled Tornado","War Paint","Oddly Smooth Stone","Turnip"],"potions_floor_usage":[7,7,13,18,19,25,29,33,35,39,47,48,50],"damage_taken":[{"damage":0,"enemies":"Cultist","floor":1,"turns":5},{"damage":0,"enemies":"2 Louse","floor":2,"turns":3},{"damage":0,"enemies":"Small Slimes","floor":5,"turns":3},{"damage":0,"enemies":"Gremlin Nob","floor":7,"turns":2},{"damage":0,"enemies":"Looter","floor":12,"turns":3},{"damage":22,"enemies":"Lagavulin","floor":13,"turns":4},{"damage":16,"enemies":"Slime Boss","floor":16,"turns":8},{"damage":12,"enemies":"Shell Parasite","floor":18,"turns":5},{"damage":20,"enemies":"2 Thieves","floor":19,"turns":5},{"damage":1,"enemies":"Chosen and Byrds","floor":21,"turns":5},{"damage":31,"enemies":"Shelled Parasite and Fungi","floor":22,"turns":7},{"damage":7,"enemies":"Gremlin Leader","floor":24,"turns":7},{"damage":11,"enemies":"Sentry and Sphere","floor":25,"turns":6},{"damage":33,"enemies":"Slavers","floor":29,"turns":8},{"damage":4,"enemies":"Gremlin Leader","floor":31,"turns":8},{"damage":39,"enemies":"Collector","floor":33,"turns":9},{"damage":0,"enemies":"3 Darklings","floor":35,"turns":4},{"damage":7,"enemies":"Orb Walker","floor":37,"turns":3},{"damage":23,"enemies":"Sphere and 2 Shapes","floor":38,"turns":6},{"damage":11,"enemies":"Spire Growth","floor":39,"turns":3},{"damage":11,"enemies":"Nemesis","floor":42,"turns":5},{"damage":20,"enemies":"Jaw Worm Horde","floor":47,"turns":4},{"damage":18,"enemies":"2 Orb Walkers","floor":48,"turns":6},{"damage":81,"enemies":"Awakened One","floor":50,"turns":5}],"seed_played":"-6823380635740512440","potions_obtained":[{"floor":0,"key":"SteroidPotion"},{"floor":0,"key":"Strength Potion"},{"floor":0,"key":"Ancient Potion"},{"floor":1,"key":"FearPotion"},{"floor":13,"key":"SkillPotion"},{"floor":18,"key":"Regen Potion"},{"floor":22,"key":"Weak Potion"},{"floor":25,"key":"EssenceOfSteel"},{"floor":35,"key":"Weak Potion"},{"floor":37,"key":"SteroidPotion"},{"floor":42,"key":"Energy Potion"},{"floor":47,"key":"Strength Potion"}],"is_trial":false,"path_per_floor":["M","M","?","?","M","R","E","R","T","$","?","M","E","$","R","B",null,"M","M","?","M","M","R","E","M","T","R","R","E","?","E","R","B",null,"M","$","M","M","M","R","R","E","T","R","$","R","M","?","R","B"],"character_chosen":"THE_SILENT","items_purchased":["FearPotion","Swift Potion","Footwork","A Thousand Cuts","Oddly Smooth Stone"],"campfire_rested":5,"item_purchase_floors":[10,14,36,45,45],"current_hp_per_floor":[63,63,56,56,56,56,66,66,66,66,66,66,44,44,44,28,67,55,49,80,79,48,48,41,30,30,54,54,21,21,17,41,27,67,67,67,60,37,26,26,50,39,39,39,39,63,43,25,49,0],"gold":152,"neow_bonus":"THREE_SMALL_POTIONS","is_prod":false,"is_daily":false,"chose_seed":false,"campfire_upgraded":7,"win_rate":0,"timestamp":1564759211,"path_taken":["M","M","?","?","M","R","E","R","T","$","?","M","E","?","R","BOSS","M","M","?","M","M","R","E","?","T","R","R","E","?","E","R","BOSS","M","$","M","M","M","R","R","E","T","R","$","R","M","?","R","BOSS"],"build_version":"2019-07-17","purchased_purges":1,"victory":false,"max_hp_per_floor":[70,70,70,70,70,70,80,80,80,80,80,80,80,80,80,80,80,80,80,80,80,80,80,80,80,80,80,80,80,80,80,80,80,80,80,80,80,80,80,80,80,80,80,80,80,80,80,80,80,80],"card_choices":[{"not_picked":["Deflect","Quick Slash"],"picked":"Blade Dance","floor":1},{"not_picked":["Blade Dance","Distraction"],"picked":"Backstab","floor":2},{"not_picked":["PiercingWail","Riddle With Holes"],"picked":"Blade Dance","floor":5},{"not_picked":["PiercingWail","Concentrate"],"picked":"Predator","floor":7},{"not_picked":["Cloak And Dagger","Underhanded Strike"],"picked":"Noxious Fumes","floor":12},{"not_picked":["Blade Dance","Quick Slash"],"picked":"Crippling Poison","floor":13},{"not_picked":["Sucker Punch","Reflex+1","Deadly Poison"],"picked":"SKIP","floor":18},{"not_picked":["Quick Slash","Blade Dance+1"],"picked":"Cloak And Dagger","floor":19},{"not_picked":["Poisoned Stab","Riddle With Holes"],"picked":"Blur+1","floor":21},{"not_picked":["Outmaneuver","Cloak And Dagger","Endless Agony+1"],"picked":"SKIP","floor":22},{"not_picked":["Acrobatics","Masterful Stab","Riddle With Holes"],"picked":"SKIP","floor":24},{"not_picked":["Prepared+1","Underhanded Strike+1"],"picked":"PiercingWail+1","floor":25},{"not_picked":["Riddle With Holes","Concentrate"],"picked":"Slice","floor":29},{"not_picked":["Underhanded Strike","Tools of the Trade"],"picked":"Accuracy","floor":31},{"not_picked":["Glass Knife","Tools of the Trade"],"picked":"Burst","floor":33},{"not_picked":["Endless Agony","Backflip+1","Slice"],"picked":"SKIP","floor":35},{"not_picked":["Tactician","Underhanded Strike","Quick Slash"],"picked":"SKIP","floor":37},{"not_picked":["Masterful Stab+1","Quick Slash"],"picked":"Finisher","floor":38},{"not_picked":["Underhanded Strike+1","Distraction"],"picked":"PiercingWail+1","floor":39},{"not_picked":["Dagger Throw","Dodge and Roll","Concentrate"],"picked":"SKIP","floor":42},{"not_picked":["Cloak And Dagger","Reflex","Endless Agony"],"picked":"SKIP","floor":47}],"player_experience":700150,"relics_obtained":[{"floor":7,"key":"Pear"},{"floor":9,"key":"Snake Skull"},{"floor":13,"key":"Whetstone"},{"floor":24,"key":"WingedGreaves"},{"floor":26,"key":"Juzu Bracelet"},{"floor":29,"key":"Pantograph"},{"floor":31,"key":"Thread and Needle"},{"floor":42,"key":"Bottled Tornado"},{"floor":43,"key":"War Paint"},{"floor":48,"key":"Turnip"}],"event_choices":[{"cards_removed":["Strike_G"],"damage_healed":0,"gold_gain":0,"player_choice":"Card Removal","damage_taken":7,"max_hp_gain":0,"max_hp_loss":0,"event_name":"Golden Wing","floor":3,"gold_loss":0},{"damage_healed":0,"gold_gain":0,"player_choice":"Grow","damage_taken":0,"max_hp_gain":0,"max_hp_loss":0,"event_name":"Living Wall","floor":4,"gold_loss":0,"cards_upgraded":["Neutralize"]},{"damage_healed":0,"gold_gain":0,"player_choice":"Left Gold","damage_taken":0,"max_hp_gain":0,"max_hp_loss":0,"event_name":"World of Goop","floor":11,"gold_loss":39},{"cards_removed":["Predator"],"damage_healed":31,"gold_gain":0,"player_choice":"Offered Uncommon","damage_taken":0,"max_hp_gain":0,"max_hp_loss":0,"event_name":"Bonfire Elementals","floor":20,"gold_loss":0},{"damage_healed":0,"gold_gain":0,"player_choice":"Ignored","damage_taken":0,"max_hp_gain":0,"max_hp_loss":0,"event_name":"Ghosts","floor":30,"gold_loss":0},{"damage_healed":0,"gold_gain":0,"player_choice":"Fight","damage_taken":0,"max_hp_gain":0,"max_hp_loss":0,"event_name":"Mysterious Sphere","floor":48,"gold_loss":0}],"is_beta":false,"boss_relics":[{"not_picked":["Velvet Choker","Cursed Key"],"picked":"Runic Pyramid"},{"not_picked":["Eternal Feather","Lizard Tail"],"picked":"Pandora\u0027s Box"}],"items_purged_floors":[10],"is_endless":false,"potions_floor_spawned":[1,13,18,22,25,35,37,42,47],"killed_by":"Awakened One","ascension_level":10}