{"gold_per_floor":[112,187,204,217,81,115,115,95,95,95,107,107,107,79,79,153,153,167,182,182,198,208,208,228,256,256,256,282,301,320,339,339,416,466,484,495,512,532,544,544,544,544,544,570,570,570,586,599,599,599],"floor_reached":50,"playtime":1593,"items_purged":["Strike_R"],"score":921,"play_id":"ab81a5df-4505-4576-ab8e-f939ebe947d0","local_time":"20180906225030","is_ascension_mode":true,"campfire_choices":[{"floor":7.0,"key":"REST"},{"floor":12.0,"key":"REST"},{"data":"Sword Boomerang","floor":15.0,"key":"SMITH"},{"data":"Flex","floor":23.0,"key":"SMITH"},{"floor":27.0,"key":"REST"},{"data":"Metallicize","floor":32.0,"key":"SMITH"},{"floor":40.0,"key":"REST"},{"data":"Offering","floor":42.0,"key":"SMITH"},{"floor":45.0,"key":"REST"},{"data":"Flex","floor":49.0,"key":"SMITH"}],"neow_cost":"NONE","seed_source_timestamp":34779364800409,"circlet_count":0,"master_deck":["Strike_R","Strike_R","Strike_R","Strike_R","Defend_R","Defend_R","Defend_R","Defend_R","Bash+1","AscendersBane","Flex+1","Sword Boomerang+1","Headbutt","Iron Wave","Inflame+1","Flex+1","Reaper+1","Battle Trance","Inflame+1","Metallicize+1","Offering+1","Inflame+1","Metallicize"],"special_seed":0,"relics":["Burning Blood","Vajra","Bottled Tornado","Bronze Scales","Busted Crown","Mummified Hand","Art of War","Red Mask","Tiny House","Happy Flower","Magic Flower"],"potions_floor_usage":[50],"damage_taken":[{"damage":12.0,"enemies":"Small Slimes","floor":1.0,"turns":5.0},{"damage":13.0,"enemies":"2 Louse","floor":3.0,"turns":4.0},{"damage":6.0,"enemies":"Cultist","floor":4.0,"turns":3.0},{"damage":34.0,"enemies":"Gremlin Nob","floor":6.0,"turns":5.0},{"damage":8.0,"enemies":"3 Louse","floor":11.0,"turns":3.0},{"damage":26.0,"enemies":"Hexaghost","floor":16.0,"turns":6.0},{"damage":30.0,"enemies":"Shell Parasite","floor":18.0,"turns":4.0},{"damage":1.0,"enemies":"Spheric Guardian","floor":19.0,"turns":3.0},{"damage":18.0,"enemies":"Centurion and Healer","floor":21.0,"turns":5.0},{"damage":11.0,"enemies":"Chosen and Byrds","floor":22.0,"turns":4.0},{"damage":58.0,"enemies":"Snecko","floor":24.0,"turns":6.0},{"damage":31.0,"enemies":"Gremlin Leader","floor":25.0,"turns":4.0},{"damage":18.0,"enemies":"Masked Bandits","floor":28.0,"turns":3.0},{"damage":1.0,"enemies":"Sentry and Sphere","floor":29.0,"turns":3.0},{"damage":0.0,"enemies":"Chosen and Byrds","floor":30.0,"turns":3.0},{"damage":20.0,"enemies":"Snecko","floor":31.0,"turns":4.0},{"damage":63.0,"enemies":"Automaton","floor":33.0,"turns":8.0},{"damage":23.0,"enemies":"3 Shapes","floor":35.0,"turns":6.0},{"damage":23.0,"enemies":"Orb Walker","floor":36.0,"turns":3.0},{"damage":38.0,"enemies":"Reptomancer","floor":37.0,"turns":4.0},{"damage":19.0,"enemies":"Spire Growth","floor":38.0,"turns":4.0},{"damage":51.0,"enemies":"Sphere and 2 Shapes","floor":39.0,"turns":4.0},{"damage":43.0,"enemies":"Nemesis","floor":44.0,"turns":3.0},{"damage":21.0,"enemies":"Reptomancer","floor":47.0,"turns":4.0},{"damage":23.0,"enemies":"3 Darklings","floor":48.0,"turns":6.0},{"damage":105,"enemies":"Donu and Deca","floor":50,"turns":6}],"seed_played":"-925825494799900305","potions_obtained":[{"floor":4.0,"key":"SpeedPotion"},{"floor":8.0,"key":"PowerPotion"},{"floor":16.0,"key":"Ancient Potion"},{"floor":18.0,"key":"GamblersBrew"},{"floor":21.0,"key":"Fruit Juice"},{"floor":24.0,"key":"PowerPotion"},{"floor":33.0,"key":"Ancient Potion"},{"floor":34.0,"key":"Weak Potion"},{"floor":39.0,"key":"Ancient Potion"}],"is_trial":false,"path_per_floor":["M","?","M","M","$","E","R","?","T","?","M","R","?","$","R","B",null,"M","M","?","M","M","R","M","E","T","R","?","M","M","M","R","B",null,"M","M","M","M","M","R","?","R","T","E","R","?","M","M","R"],"character_chosen":"IRONCLAD","items_purchased":["Iron Wave","Flex"],"campfire_rested":5,"item_purchase_floors":[5,14],"current_hp_per_floor":[62,51,44,44,44,16,38,38,38,33,31,53,53,53,53,33,65,41,56,56,60,75,75,38,43,43,67,75,80,80,66,66,29,72,67,66,53,52,38,63,63,63,63,26,51,51,63,81,81,0],"gold":599,"neow_bonus":"UPGRADE_CARD","is_prod":false,"is_daily":false,"chose_seed":false,"campfire_upgraded":5,"win_rate":0,"timestamp":1536263430,"path_taken":["M","?","M","M","$","E","R","?","T","?","?","R","?","$","R","BOSS","M","M","?","M","M","R","M","E","T","R","?","M","M","M","R","BOSS","M","M","?","M","M","R","?","R","T","E","R","?","M","?","R","BOSS"],"build_version":"2018-08-30","purchased_purges":1,"victory":false,"max_hp_per_floor":[75,75,75,75,75,75,75,75,75,75,75,75,75,75,75,75,75,75,75,75,75,80,80,80,80,80,80,80,80,80,80,80,80,85,85,85,85,85,85,85,85,85,85,85,85,81,81,81,81,81],"card_choices":[{"not_picked":["Clothesline","Corruption"],"picked":"Flex","floor":1.0},{"not_picked":["Perfected Strike","Twin Strike"],"picked":"Sword Boomerang","floor":3.0},{"not_picked":["Sword Boomerang","Evolve"],"picked":"Headbutt","floor":4.0},{"not_picked":["Body Slam","Uppercut"],"picked":"Inflame","floor":6.0},{"not_picked":["Power Through","Armaments","Thunderclap"],"picked":"SKIP","floor":11.0},{"not_picked":["Juggernaut","Barricade"],"picked":"Reaper","floor":16.0},{"not_picked":["Twin Strike"],"picked":"SKIP","floor":18.0},{"not_picked":["Wild Strike"],"picked":"SKIP","floor":19.0},{"not_picked":[],"picked":"Battle Trance","floor":21.0},{"not_picked":["Rampage"],"picked":"SKIP","floor":22.0},{"not_picked":["Sword Boomerang"],"picked":"SKIP","floor":24.0},{"not_picked":[],"picked":"Inflame+1","floor":25.0},{"not_picked":["Combust"],"picked":"SKIP","floor":29.0},{"not_picked":["Armaments"],"picked":"SKIP","floor":30.0},{"not_picked":[],"picked":"Metallicize","floor":31.0},{"not_picked":[],"picked":"Offering","floor":33.0},{"not_picked":["Thunderclap"],"picked":"SKIP","floor":35.0},{"not_picked":["Cleave"],"picked":"SKIP","floor":36.0},{"not_picked":["Pommel Strike"],"picked":"SKIP","floor":37.0},{"not_picked":[],"picked":"Inflame+1","floor":38.0},{"not_picked":["Intimidate"],"picked":"SKIP","floor":39.0},{"not_picked":["Flex"],"picked":"SKIP","floor":44.0},{"not_picked":["Hemokinesis"],"picked":"SKIP","floor":47.0},{"not_picked":[],"picked":"Metallicize","floor":48.0}],"player_experience":458091,"relics_obtained":[{"floor":6.0,"key":"Vajra"},{"floor":9.0,"key":"Bottled Tornado"},{"floor":25.0,"key":"Mummified Hand"},{"floor":26.0,"key":"Art of War"},{"floor":28.0,"key":"Red Mask"},{"floor":43.0,"key":"Happy Flower"},{"floor":44.0,"key":"Magic Flower"}],"event_choices":[{"event_name":"World of Goop","player_choice":"Gather Gold","floor":2.0,"damage_taken":0.0},{"event_name":"The Woman in Blue","player_choice":"Bought 1 Potion","floor":8.0,"damage_taken":0.0},{"event_name":"Scrap Ooze","player_choice":"success","floor":10.0,"damage_taken":5.0},{"event_name":"Living Wall","player_choice":"Grow","floor":13.0,"damage_taken":0.0},{"event_name":"Masked Bandits","player_choice":"Fought Bandits","floor":28.0,"damage_taken":0.0},{"event_name":"Mysterious Sphere","player_choice":"Ignore","floor":41.0,"damage_taken":0.0},{"event_name":"Winding Halls","player_choice":"Max HP","floor":46.0,"damage_taken":0.0}],"is_beta":false,"boss_relics":[{"not_picked":["Philosopher\u0027s Stone","Runic Dome"],"picked":"Busted Crown"},{"not_picked":["Mark of Pain","Coffee Dripper"],"picked":"Tiny House"}],"items_purged_floors":[5],"is_endless":false,"potions_floor_spawned":[4,11,16,18,21,24,31,33,35,37,39],"killed_by":"Donu and Deca","ascension_level":17}