{"gold_per_floor":[13,33,33,208,107,86,105,55,80,98,121,152,152,193,193,312,312,326,326,319,344,344],"floor_reached":22,"playtime":1303,"items_purged":["Doubt"],"score":265,"play_id":"e10a3023-5ff6-42f4-9e10-01ab9a68202c","local_time":"20190802191739","is_ascension_mode":true,"campfire_choices":[{"floor":13,"key":"REST"},{"floor":15,"key":"REST"}],"neow_cost":"NO_GOLD","seed_source_timestamp":72755933634465,"circlet_count":0,"master_deck":["Strike_B","Strike_B","Strike_B","Defend_B","Defend_B","Defend_B","Defend_B","Zap","Dualcast","Defragment","Ball Lightning","Streamline","Chill","FTL","Creative AI","Reinforced Body"],"relics":["Cracked Core","Gambling Chip","Golden Idol","Blood Vial","The Courier","Omamori","Runic Dome"],"potions_floor_usage":[14,18,20,21,21],"damage_taken":[{"damage":4,"enemies":"Jaw Worm","floor":1,"turns":4},{"damage":0,"enemies":"Small Slimes","floor":2,"turns":2},{"damage":3,"enemies":"2 Louse","floor":7,"turns":3},{"damage":0,"enemies":"Blue Slaver","floor":10,"turns":4},{"damage":6,"enemies":"Looter","floor":11,"turns":3},{"damage":6,"enemies":"3 Sentries","floor":12,"turns":9},{"damage":35,"enemies":"Gremlin Nob","floor":14,"turns":4},{"damage":28,"enemies":"The Guardian","floor":16,"turns":9},{"damage":24,"enemies":"Chosen","floor":18,"turns":5},{"damage":18,"enemies":"2 Thieves","floor":20,"turns":4},{"damage":25,"enemies":"Cultist and Chosen","floor":21,"turns":6},{"damage":11,"enemies":"3 Cultists","floor":22,"turns":3}],"seed_played":"5367852304201681101","potions_obtained":[{"floor":1,"key":"Weak Potion"},{"floor":10,"key":"AttackPotion"},{"floor":14,"key":"Fire Potion"},{"floor":16,"key":"FearPotion"},{"floor":18,"key":"EssenceOfSteel"}],"is_trial":false,"path_per_floor":["M","M","?","?","$","?","M","?","T","M","M","E","R","E","R","B",null,"M","?","M","M","M"],"character_chosen":"DEFECT","items_purchased":["Streamline"],"campfire_rested":2,"item_purchase_floors":[5],"current_hp_per_floor":[64,64,46,46,46,46,43,43,43,45,41,37,59,26,48,22,62,40,40,24,1,0],"gold":344,"neow_bonus":"ONE_RARE_RELIC","is_prod":false,"is_daily":false,"chose_seed":false,"campfire_upgraded":0,"win_rate":0,"timestamp":1564791459,"path_taken":["M","M","?","?","?","?","M","?","T","M","?","E","R","E","R","BOSS","M","?","M","M","M"],"build_version":"2019-07-17","purchased_purges":1,"victory":false,"max_hp_per_floor":[75,75,75,75,75,75,75,75,75,75,75,75,75,75,75,75,75,75,75,75,75,75],"card_choices":[{"not_picked":["Consume","Hologram"],"picked":"Defragment","floor":1},{"not_picked":["Conserve Battery","Force Field"],"picked":"Ball Lightning","floor":2},{"not_picked":["Doom and Gloom","Consume"],"picked":"Chill","floor":7},{"not_picked":["Go for the Eyes","Rebound","Conserve Battery"],"picked":"SKIP","floor":10},{"not_picked":["Go for the Eyes","Rebound","Conserve Battery"],"picked":"SKIP","floor":10},{"not_picked":["Steam Power","Stack","Turbo"],"picked":"SKIP","floor":11},{"not_picked":["Turbo","Scrape"],"picked":"FTL","floor":12},{"not_picked":["Barrage","Fission","Stack"],"picked":"SKIP","floor":14},{"not_picked":["Electrodynamics","Seek"],"picked":"Creative AI","floor":16},{"not_picked":["Turbo","Streamline","Sweeping Beam"],"picked":"SKIP","floor":18},{"not_picked":["Stack+1","Chaos"],"picked":"Reinforced Body","floor":20},{"not_picked":["Barrage","Aggregate","Sunder"],"picked":"SKIP","floor":21}],"player_experience":580224,"relics_obtained":[{"floor":9,"key":"Blood Vial"},{"floor":12,"key":"The Courier"},{"floor":14,"key":"Omamori"}],"event_choices":[{"damage_healed":0,"gold_gain":0,"player_choice":"Take Damage","damage_taken":18,"relics_obtained":["Golden Idol"],"max_hp_gain":0,"max_hp_loss":0,"event_name":"Golden Idol","floor":3,"gold_loss":0},{"damage_healed":0,"gold_gain":175,"player_choice":"AGREE","damage_taken":0,"max_hp_gain":0,"max_hp_loss":0,"event_name":"Liars Game","floor":4,"gold_loss":0,"cards_obtained":["Doubt"]},{"damage_healed":0,"gold_gain":0,"player_choice":"Left Gold","damage_taken":0,"max_hp_gain":0,"max_hp_loss":0,"event_name":"World of Goop","floor":6,"gold_loss":21},{"cards_removed":["Strike_B"],"damage_healed":0,"gold_gain":0,"player_choice":"Card Removal","damage_taken":0,"max_hp_gain":0,"max_hp_loss":0,"event_name":"The Cleric","floor":8,"gold_loss":50},{"damage_healed":0,"gold_gain":0,"player_choice":"Ignored","damage_taken":0,"max_hp_gain":0,"max_hp_loss":0,"event_name":"Ghosts","floor":19,"gold_loss":0}],"is_beta":false,"boss_relics":[{"not_picked":["Astrolabe","Nuclear Battery"],"picked":"Runic Dome"}],"items_purged_floors":[5],"is_endless":false,"potions_floor_spawned":[1,10,14,16,18],"killed_by":"3 Cultists","ascension_level":7}