{"gold_per_floor":[109,109,59,20,37,37,67,81,105,132,132,145,145,161,161,258,258,272,272,283,283,53,84,84,146,146,165,165,165,191,23,23,126,126,137,147,147,147,157,157,185,185,185,210,223,14,0,0,0,0],"floor_reached":51,"playtime":3118,"items_purged":["Decay","Shame"],"score":1018,"play_id":"8deeb157-5f33-46be-ac71-5a464b3d966b","local_time":"20180903113633","is_ascension_mode":true,"campfire_choices":[{"data":"Noxious Fumes","floor":6.0,"key":"SMITH"},{"floor":11.0,"key":"REST"},{"data":"Footwork","floor":15.0,"key":"SMITH"},{"floor":28.0,"key":"REST"},{"data":"Noxious Fumes","floor":32.0,"key":"SMITH"},{"data":"Panache","floor":40.0,"key":"SMITH"},{"floor":42.0,"key":"REST"},{"data":"Footwork","floor":49.0,"key":"SMITH"}],"neow_cost":"CURSE","seed_source_timestamp":0,"circlet_count":0,"master_deck":["Defend_G","Defend_G","Defend_G","Defend_G","Defend_G+1","Strike_G+1","Survivor","Neutralize","Burst+1","Bouncing Flask+1","Noxious Fumes+1","Backflip+1","Footwork+1","Noxious Fumes+1","Grand Finale","Unload+1","Leg Sweep+1","Flechettes+1","Blur+1","Backstab","Acrobatics+1","Panache+1","Footwork+1"],"special_seed":0,"relics":["Ring of the Snake","Ancient Tea Set","Strawberry","War Paint","Astrolabe","MutagenicStrength","Juzu Bracelet","Bronze Scales","Nunchaku","Tiny Chest","Bottled Flame","Bag of Preparation","Shuriken","Philosopher\u0027s Stone","Ninja Scroll","Mercury Hourglass","Bottled Tornado","OrangePellets","Red Mask"],"potions_floor_usage":[50],"damage_taken":[{"damage":2.0,"enemies":"2 Louse","floor":1.0,"turns":4.0},{"damage":12.0,"enemies":"Cultist","floor":5.0,"turns":4.0},{"damage":26.0,"enemies":"Gremlin Nob","floor":7.0,"turns":5.0},{"damage":6.0,"enemies":"Jaw Worm","floor":8.0,"turns":3.0},{"damage":14.0,"enemies":"3 Sentries","floor":10.0,"turns":7.0},{"damage":9.0,"enemies":"Looter","floor":12.0,"turns":4.0},{"damage":0.0,"enemies":"Large Slime","floor":14.0,"turns":6.0},{"damage":0.0,"enemies":"The Guardian","floor":16.0,"turns":6.0},{"damage":0.0,"enemies":"Shell Parasite","floor":18.0,"turns":6.0},{"damage":2.0,"enemies":"Spheric Guardian","floor":20.0,"turns":3.0},{"damage":54.0,"enemies":"Slavers","floor":23.0,"turns":7.0},{"damage":6.0,"enemies":"Gremlin Leader","floor":25.0,"turns":7.0},{"damage":0.0,"enemies":"Snake Plant","floor":27.0,"turns":6.0},{"damage":0.0,"enemies":"Book of Stabbing","floor":30.0,"turns":6.0},{"damage":1.0,"enemies":"Champ","floor":33.0,"turns":14.0},{"damage":0.0,"enemies":"Orb Walker","floor":35.0,"turns":4.0},{"damage":18.0,"enemies":"3 Darklings","floor":36.0,"turns":4.0},{"damage":0.0,"enemies":"4 Shapes","floor":39.0,"turns":5.0},{"damage":13.0,"enemies":"2 Orb Walkers","floor":41.0,"turns":6.0},{"damage":30.0,"enemies":"Giant Head","floor":44.0,"turns":10.0},{"damage":0.0,"enemies":"Transient","floor":45.0,"turns":5.0},{"damage":24,"enemies":"Donu and Deca","floor":50,"turns":9}],"seed_played":"7274169167700640221","potions_obtained":[{"floor":7.0,"key":"Swift Potion"},{"floor":12.0,"key":"FearPotion"},{"floor":14.0,"key":"Regen Potion"},{"floor":23.0,"key":"Swift Potion"},{"floor":25.0,"key":"Swift Potion"},{"floor":33.0,"key":"LiquidBronze"},{"floor":35.0,"key":"Weak Potion"}],"is_trial":false,"path_per_floor":["M","?","?","$","M","R","E","M","T","E","R","M","?","M","R","B",null,"M","?","M","?","$","E","?","E","T","M","R","?","E","$","R","B",null,"M","M","?","?","M","R","E","R","T","E","M","$","?","?","R","B"],"character_chosen":"THE_SILENT","items_purchased":["Noxious Fumes","Juzu Bracelet","Backstab","OrangePellets"],"campfire_rested":3,"item_purchase_floors":[4,22,31,46],"current_hp_per_floor":[68,68,68,68,56,56,30,24,31,17,40,31,16,16,16,16,62,62,62,60,60,60,21,21,15,15,15,38,38,38,38,38,37,67,67,49,49,49,49,49,36,57,57,27,27,27,27,64,64,40],"gold":0,"neow_bonus":"THREE_RARE_CARDS","is_prod":false,"is_daily":false,"chose_seed":false,"campfire_upgraded":5,"win_rate":0,"timestamp":1535999793,"path_taken":["M","?","?","$","M","R","E","?","T","E","R","M","?","M","R","BOSS","M","?","M","?","?","E","?","E","T","M","R","?","E","$","R","BOSS","M","M","?","?","M","R","E","R","T","E","M","$","?","?","R","BOSS"],"build_version":"2018-08-30","purchased_purges":2,"victory":true,"max_hp_per_floor":[70,70,70,70,70,70,70,70,77,77,77,77,77,77,77,77,77,77,77,77,77,77,77,77,77,77,77,77,77,77,77,77,77,77,77,77,77,73,73,73,73,73,73,73,73,73,73,64,64,64],"card_choices":[{"not_picked":["Envenom","Unload"],"picked":"Burst","floor":0.0},{"not_picked":["Flechettes","Riddle With Holes"],"picked":"Bouncing Flask","floor":1.0},{"not_picked":["Terror","Riddle With Holes"],"picked":"Backflip","floor":5.0},{"not_picked":["Prepared","Leg Sweep"],"picked":"Footwork","floor":7.0},{"not_picked":["Dagger Spray","Sucker Punch","Dagger Throw"],"picked":"SKIP","floor":8.0},{"not_picked":["Bullet Time","Blade Dance"],"picked":"Noxious Fumes","floor":10.0},{"not_picked":["Calculated Gamble","Eviscerate","Underhanded Strike"],"picked":"SKIP","floor":12.0},{"not_picked":["Deflect","Cloak And Dagger","Eviscerate"],"picked":"SKIP","floor":14.0},{"not_picked":["Burst","Venomology"],"picked":"Grand Finale","floor":16.0},{"not_picked":["Sucker Punch","Dodge and Roll","Slice"],"picked":"SKIP","floor":18.0},{"not_picked":["Terror+1","Flechettes+1","Eviscerate"],"picked":"SKIP","floor":20.0},{"not_picked":["PiercingWail","Cloak And Dagger+1","Underhanded Strike"],"picked":"SKIP","floor":23.0},{"not_picked":["Deadly Poison+1","Bouncing Flask"],"picked":"Blur+1","floor":25.0},{"not_picked":["Dagger Throw+1","Backflip","Bane"],"picked":"SKIP","floor":27.0},{"not_picked":["Bouncing Flask","Acrobatics","Dash+1"],"picked":"SKIP","floor":30.0},{"not_picked":["Underhanded Strike+1","Terror","Dagger Spray+1"],"picked":"SKIP","floor":35.0},{"not_picked":["Leg Sweep","Endless Agony"],"picked":"Acrobatics+1","floor":36.0},{"not_picked":["Discovery","Dark Shackles"],"picked":"Panache","floor":37.0},{"not_picked":["Underhanded Strike","Slice+1","Quick Slash+1"],"picked":"SKIP","floor":39.0},{"not_picked":["Heel Hook","Acrobatics+1","Flying Knee"],"picked":"SKIP","floor":41.0},{"not_picked":["Outmaneuver","Dagger Throw+1","Backflip+1"],"picked":"SKIP","floor":44.0},{"not_picked":["Quick Slash+1","Unload"],"picked":"Footwork","floor":45.0}],"player_experience":244856,"relics_obtained":[{"floor":7.0,"key":"Ancient Tea Set"},{"floor":9.0,"key":"Strawberry"},{"floor":10.0,"key":"War Paint"},{"floor":23.0,"key":"Bronze Scales"},{"floor":25.0,"key":"Tiny Chest"},{"floor":26.0,"key":"Bottled Flame"},{"floor":30.0,"key":"Shuriken"},{"floor":41.0,"key":"Ninja Scroll"},{"floor":43.0,"key":"Mercury Hourglass"},{"floor":44.0,"key":"Bottled Tornado"}],"event_choices":[{"event_name":"Upgrade Shrine","player_choice":"Upgraded","floor":2.0,"damage_taken":0.0},{"event_name":"The Cleric","player_choice":"Card Removal","floor":3.0,"damage_taken":0.0},{"event_name":"Shining Light","player_choice":"Entered Light","floor":13.0,"damage_taken":0.0},{"event_name":"Ghosts","player_choice":"Ignored","floor":19.0,"damage_taken":0.0},{"event_name":"Drug Dealer","player_choice":"Inject Mutagens","floor":21.0,"damage_taken":0.0},{"event_name":"Addict","player_choice":"Stole Relic","floor":24.0,"damage_taken":0.0},{"event_name":"The Mausoleum","player_choice":"Yes","floor":29.0,"damage_taken":0.0},{"event_name":"SensoryStone","player_choice":"Memory 1","floor":37.0,"damage_taken":0.0},{"event_name":"Winding Halls","player_choice":"Max HP","floor":38.0,"damage_taken":0.0},{"event_name":"Tomb of Lord Red Mask","player_choice":"Paid","floor":47.0,"damage_taken":0.0},{"event_name":"The Moai Head","player_choice":"Heal","floor":48.0,"damage_taken":0.0}],"is_beta":false,"boss_relics":[{"not_picked":["Ectoplasm","Snecko Eye"],"picked":"Astrolabe"},{"not_picked":["Cursed Key","Runic Dome"],"picked":"Philosopher\u0027s Stone"}],"items_purged_floors":[22,31],"is_endless":false,"potions_floor_spawned":[7,12,14,23,25,33,35],"ascension_level":5}