{"gold_per_floor":[114,134,148,158,174,174,22,22,46,61,61,61,61,121,121,121],"floor_reached":16,"playtime":1750,"items_purged":["Strike_R"],"score":92,"play_id":"513371c6-158e-4f19-9697-8669e55e522a","local_time":"20190411121450","is_ascension_mode":false,"campfire_choices":[{"data":"Body Slam","floor":6,"key":"SMITH"},{"data":"Metallicize","floor":8,"key":"SMITH"},{"data":"Warcry","floor":12,"key":"SMITH"},{"floor":15,"key":"REST"}],"neow_cost":"PERCENT_DAMAGE","seed_source_timestamp":10442321372200,"circlet_count":0,"master_deck":["Strike_R","Strike_R","Defend_R","Defend_R","Defend_R","Body Slam+1","Warcry+1","Metallicize+1"],"relics":["Burning Blood","Bag of Marbles","Red Skull"],"potions_floor_usage":[5,16],"damage_taken":[{"damage":2,"enemies":"Small Slimes","floor":1,"turns":4},{"damage":5,"enemies":"Jaw Worm","floor":2,"turns":6},{"damage":1,"enemies":"2 Louse","floor":3,"turns":2},{"damage":13,"enemies":"Blue Slaver","floor":4,"turns":5},{"damage":34,"enemies":"Large Slime","floor":5,"turns":14},{"damage":0,"enemies":"Red Slaver","floor":10,"turns":4},{"damage":19,"enemies":"3 Sentries","floor":14,"turns":13},{"damage":55,"enemies":"Slime Boss","floor":16,"turns":18}],"seed_played":"1834499560605228934","potions_obtained":[{"floor":1,"key":"Regen Potion"},{"floor":4,"key":"SkillPotion"}],"is_trial":false,"path_per_floor":["M","M","M","M","M","R","$","R","T","M","?","R","?","?","R","B"],"character_chosen":"IRONCLAD","items_purchased":["Metallicize"],"campfire_rested":1,"item_purchase_floors":[7],"current_hp_per_floor":[60,61,66,59,45,45,45,45,45,51,44,44,44,31,55,0],"gold":121,"neow_bonus":"REMOVE_TWO","is_prod":false,"is_daily":false,"chose_seed":false,"campfire_upgraded":3,"win_rate":0.0,"timestamp":1554977690,"path_taken":["M","M","M","M","M","R","$","R","T","M","?","R","?","?","R","BOSS"],"build_version":"2019-01-23","purchased_purges":1,"victory":false,"max_hp_per_floor":[80,80,80,80,80,80,80,80,80,80,80,80,80,80,80,80],"card_choices":[{"not_picked":["Iron Wave","Perfected Strike","Cleave"],"picked":"SKIP","floor":1},{"not_picked":["Wild Strike","Twin Strike","Thunderclap"],"picked":"SKIP","floor":2},{"not_picked":["Rupture","Twin Strike"],"picked":"Body Slam","floor":3},{"not_picked":["Fiend Fire","Iron Wave"],"picked":"Warcry","floor":4},{"not_picked":["Intimidate","Twin Strike","Clothesline"],"picked":"SKIP","floor":5},{"not_picked":["Thunderclap","Inflame","Perfected Strike"],"picked":"SKIP","floor":10}],"player_experience":37499,"relics_obtained":[{"floor":9,"key":"Bag of Marbles"},{"floor":14,"key":"Red Skull"}],"event_choices":[{"cards_removed":["Strike_R"],"damage_healed":0,"gold_gain":0,"player_choice":"Card Removal","damage_taken":7,"max_hp_gain":0,"max_hp_loss":0,"event_name":"Golden Wing","floor":11,"gold_loss":0},{"cards_removed":["Defend_R"],"damage_healed":0,"gold_gain":0,"player_choice":"Forget","damage_taken":0,"max_hp_gain":0,"max_hp_loss":0,"event_name":"Living Wall","floor":13,"gold_loss":0},{"damage_healed":0,"gold_gain":30,"player_choice":"Searched \u00272\u0027 times","damage_taken":0,"max_hp_gain":0,"max_hp_loss":0,"event_name":"Dead Adventurer","floor":14,"gold_loss":0}],"is_beta":false,"boss_relics":[],"items_purged_floors":[7],"is_endless":false,"potions_floor_spawned":[1,4],"killed_by":"Slime Boss","ascension_level":0}