{"gold_per_floor":[117,134,59,74,90,90,104,104,104,136,150,165,165,340,340,340],"floor_reached":16,"playtime":574,"items_purged":["Strike_R"],"score":104,"play_id":"1d4b3870-2901-4b37-ba65-c3c676833ab2","local_time":"20190713164810","is_ascension_mode":false,"campfire_choices":[{"data":"Flex","floor":6.0,"key":"SMITH"},{"data":"Bash","floor":15.0,"key":"SMITH"}],"neow_cost":"NONE","seed_source_timestamp":0,"circlet_count":0,"master_deck":["Strike_R","Strike_R","Strike_R","Strike_R","Defend_R","Defend_R","Defend_R","Bash+1","Flex+1","Doubt"],"special_seed":0,"relics":["Burning Blood","Gremlin Horn","The Courier","Darkstone Periapt"],"potions_floor_usage":[16,16],"damage_taken":[{"damage":6.0,"enemies":"Cultist","floor":1.0,"turns":3.0},{"damage":6.0,"enemies":"Jaw Worm","floor":2.0,"turns":3.0},{"damage":5.0,"enemies":"Small Slimes","floor":4.0,"turns":3.0},{"damage":7.0,"enemies":"3 Louse","floor":5.0,"turns":5.0},{"damage":11.0,"enemies":"Blue Slaver","floor":7.0,"turns":5.0},{"damage":21.0,"enemies":"3 Sentries","floor":10.0,"turns":10.0},{"damage":0.0,"enemies":"2 Fungi Beasts","floor":11.0,"turns":2.0},{"damage":10.0,"enemies":"Looter","floor":12.0,"turns":2.0},{"damage":65,"enemies":"Hexaghost","floor":16,"turns":7}],"seed_played":"4236300295774489244","potions_obtained":[{"floor":1.0,"key":"Ancient Potion"},{"floor":5.0,"key":"Block Potion"},{"floor":11.0,"key":"SteroidPotion"}],"is_trial":false,"path_per_floor":["M","M","$","M","M","R","M","?","T","E","M","M","?","?","R","B"],"character_chosen":"IRONCLAD","items_purchased":[],"campfire_rested":0,"item_purchase_floors":[],"current_hp_per_floor":[88,88,88,88,87,87,82,75,75,60,66,62,55,61,61,0],"gold":340,"neow_bonus":"TEN_PERCENT_HP_BONUS","is_prod":false,"is_daily":false,"chose_seed":false,"campfire_upgraded":2,"win_rate":0,"timestamp":1563061690,"path_taken":["M","?","$","M","?","R","M","?","T","E","M","M","?","?","R","BOSS"],"build_version":"2019-07-05","purchased_purges":1,"victory":false,"max_hp_per_floor":[88,88,88,88,88,88,88,88,88,88,88,88,88,94,94,94],"card_choices":[{"not_picked":["Spot Weakness","Headbutt","Power Through"],"picked":"SKIP","floor":1.0},{"not_picked":["Anger","Inflame"],"picked":"Flex","floor":2.0},{"not_picked":["Reckless Charge","Heavy Blade","Shrug It Off"],"picked":"SKIP","floor":4.0},{"not_picked":["Armaments","Rampage","Thunderclap"],"picked":"SKIP","floor":5.0},{"not_picked":["Body Slam","Dual Wield","Sentinel"],"picked":"SKIP","floor":7.0},{"not_picked":["Body Slam","Dual Wield","Sentinel"],"picked":"SKIP","floor":7.0},{"not_picked":["Wild Strike","Burning Pact","Havoc"],"picked":"SKIP","floor":10.0},{"not_picked":["Body Slam","Sword Boomerang","Armaments"],"picked":"SKIP","floor":11.0},{"not_picked":["Power Through","Intimidate","Reckless Charge"],"picked":"SKIP","floor":12.0}],"player_experience":581412,"relics_obtained":[{"floor":9.0,"key":"Gremlin Horn"},{"floor":10.0,"key":"The Courier"}],"event_choices":[{"cards_removed":["Defend_R"],"damage_healed":0.0,"max_hp_gain":0.0,"max_hp_loss":0.0,"gold_gain":0.0,"event_name":"Golden Wing","player_choice":"Card Removal","floor":8.0,"gold_loss":0.0,"damage_taken":7.0},{"damage_healed":0.0,"max_hp_gain":0.0,"max_hp_loss":0.0,"gold_gain":0.0,"event_name":"Scrap Ooze","player_choice":"Success","floor":13.0,"gold_loss":0.0,"damage_taken":7.0,"relics_obtained":["Darkstone Periapt"]},{"damage_healed":0.0,"max_hp_gain":0.0,"max_hp_loss":0.0,"gold_gain":175.0,"event_name":"Liars Game","player_choice":"AGREE","floor":14.0,"gold_loss":0.0,"damage_taken":0.0,"cards_obtained":["Doubt"]}],"is_beta":false,"boss_relics":[],"items_purged_floors":[3],"is_endless":false,"potions_floor_spawned":[1,5,11],"killed_by":"Hexaghost","ascension_level":0}