{"gold_per_floor":[116,116,116,130,80,108,108,128,208,208,222,222,242,277,277,378,378,397,397,93,104,169,169,198,198,244,260,279,306,306,341,341,442,442,454,471,51,101,61,89,102,134,134,184,212,222,222,324,324,324,324,324,14,40,40],"floor_reached":56,"playtime":11201,"items_purged":["Strike_G","Strike_G","Defend_G"],"score":1509,"play_id":"ad8c0117-ae29-490b-96bb-edbc6847f254","local_time":"20190726231506","is_ascension_mode":true,"campfire_choices":[{"data":"Neutralize","floor":7,"key":"SMITH"},{"data":"Leg Sweep","floor":10,"key":"SMITH"},{"data":"Well Laid Plans","floor":12,"key":"SMITH"},{"data":"Skewer","floor":15,"key":"SMITH"},{"data":"Noxious Fumes","floor":23,"key":"SMITH"},{"data":"Terror","floor":25,"key":"SMITH"},{"data":"Burst","floor":30,"key":"SMITH"},{"data":"Quick Slash","floor":32,"key":"SMITH"},{"floor":47,"key":"RECALL"},{"floor":49,"key":"REST"},{"data":"Noxious Fumes","floor":52,"key":"SMITH"}],"neow_cost":"NONE","seed_source_timestamp":31878977880197,"circlet_count":0,"master_deck":["Strike_G+1","Strike_G+1","Defend_G+1","Defend_G","Defend_G+1","Defend_G","Survivor","Neutralize+1","Quick Slash+1","Deflect","Backflip","Leg Sweep+1","Well Laid Plans+1","Skewer+1","Burst+1","PiercingWail+1","Noxious Fumes+1","Flying Knee+1","Terror+1","Dodge and Roll","Backflip+1","Envenom","Poisoned Stab+1","Dash","Bouncing Flask","Predator+1","Noxious Fumes+1","Footwork","Burst"],"relics":["Ring of the Snake","NeowsBlessing","WarpedTongs","Blood Vial","Bottled Lightning","Orichalcum","Philosopher\u0027s Stone","SsserpentHead","War Paint","Pantograph","Smiling Mask","Potion Belt","Boot","Black Star","Snake Skull","Happy Flower","Dodecahedron","Regal Pillow","Incense Burner","Art of War","Letter Opener","Vajra","Whetstone","TwistedFunnel","Pen Nib","Anchor"],"potions_floor_usage":[16,24,55,55,55],"damage_taken":[{"damage":0,"enemies":"2 Louse","floor":1,"turns":1},{"damage":0,"enemies":"Jaw Worm","floor":4,"turns":1},{"damage":0,"enemies":"Lagavulin","floor":6,"turns":1},{"damage":0,"enemies":"Cultist","floor":8,"turns":4},{"damage":0,"enemies":"3 Louse","floor":11,"turns":5},{"damage":0,"enemies":"Blue Slaver","floor":13,"turns":4},{"damage":9,"enemies":"Gremlin Nob","floor":14,"turns":4},{"damage":3,"enemies":"Slime Boss","floor":16,"turns":10},{"damage":2,"enemies":"2 Thieves","floor":18,"turns":4},{"damage":0,"enemies":"Shell Parasite","floor":21,"turns":6},{"damage":0,"enemies":"Centurion and Healer","floor":22,"turns":7},{"damage":17,"enemies":"Gremlin Leader","floor":24,"turns":6},{"damage":5,"enemies":"Shelled Parasite and Fungi","floor":27,"turns":6},{"damage":1,"enemies":"Snecko","floor":28,"turns":6},{"damage":4,"enemies":"Book of Stabbing","floor":29,"turns":6},{"damage":10,"enemies":"Slavers","floor":31,"turns":7},{"damage":5,"enemies":"Automaton","floor":33,"turns":13},{"damage":0,"enemies":"3 Darklings","floor":35,"turns":7},{"damage":14,"enemies":"Orb Walker","floor":36,"turns":5},{"damage":17,"enemies":"Reptomancer","floor":40,"turns":9},{"damage":1,"enemies":"Spire Growth","floor":41,"turns":5},{"damage":0,"enemies":"Giant Head","floor":42,"turns":8},{"damage":24,"enemies":"Nemesis","floor":45,"turns":7},{"damage":0,"enemies":"Transient","floor":46,"turns":5},{"damage":0,"enemies":"Awakened One","floor":50,"turns":13},{"damage":4,"enemies":"Shield and Spear","floor":54,"turns":9},{"damage":0,"enemies":"The Heart","floor":55,"turns":9}],"seed_played":"4978946177729632725","potions_obtained":[{"floor":1,"key":"GamblersBrew"},{"floor":6,"key":"Explosive Potion"},{"floor":8,"key":"Explosive Potion"},{"floor":16,"key":"Fire Potion"},{"floor":27,"key":"GhostInAJar"},{"floor":33,"key":"EssenceOfSteel"},{"floor":36,"key":"Swift Potion"},{"floor":54,"key":"SteroidPotion"}],"is_trial":false,"path_per_floor":["M","?","?","M","?","E","R","M","T","R","M","R","M","E","R","B",null,"M","?","$","M","M","R","E","R","T","M","M","E","R","E","R","B",null,"M","M","$","?","$","E","M","E","T","?","E","M","R","T","R","B",null,"R","$","E","B",null],"character_chosen":"THE_SILENT","items_purchased":["Noxious Fumes","War Paint","Dash","Snake Skull","Happy Flower","Bouncing Flask","Footwork","TwistedFunnel"],"campfire_rested":1,"item_purchase_floors":[20,20,37,37,37,39,53,53],"current_hp_per_floor":[70,63,63,63,63,63,63,65,65,65,67,67,69,61,61,60,70,68,68,68,70,70,70,53,53,53,50,51,49,49,41,41,63,70,70,56,56,56,56,41,42,44,44,44,22,24,24,24,58,66,66,66,66,62,66],"gold":40,"neow_bonus":"THREE_ENEMY_KILL","is_prod":false,"is_daily":false,"chose_seed":false,"campfire_upgraded":9,"win_rate":0,"timestamp":1564172106,"path_taken":["M","?","?","?","?","E","R","M","T","R","M","R","M","E","R","BOSS","M","?","$","M","?","R","E","R","T","M","M","E","R","E","R","BOSS","M","M","$","?","$","E","M","E","T","?","E","M","R","?","R","BOSS","R","$","E","BOSS"],"build_version":"2019-07-17","purchased_purges":3,"victory":true,"max_hp_per_floor":[70,70,70,70,70,70,70,70,70,70,70,70,70,70,70,70,70,70,70,70,70,70,70,70,70,70,70,70,70,70,70,70,70,70,70,70,70,66,66,66,66,66,66,66,66,66,66,66,66,66,66,66,66,66,66],"card_choices":[{"not_picked":["Flechettes","Dagger Throw"],"picked":"Quick Slash","floor":1},{"not_picked":["Underhanded Strike","Prepared"],"picked":"Deflect","floor":4},{"not_picked":["Blur","Dagger Throw"],"picked":"Backflip","floor":6},{"not_picked":["Backflip","Dagger Throw"],"picked":"Leg Sweep","floor":8},{"not_picked":["Dagger Spray","Bane"],"picked":"Well Laid Plans","floor":11},{"not_picked":["Blade Dance","Dagger Spray"],"picked":"Skewer","floor":13},{"not_picked":["Night Terror","Backflip","Reflex"],"picked":"SKIP","floor":14},{"not_picked":["Glass Knife","Night Terror"],"picked":"Burst","floor":16},{"not_picked":["Prepared","Slice+1"],"picked":"PiercingWail+1","floor":18},{"not_picked":["Quick Slash","Underhanded Strike","Blade Dance"],"picked":"SKIP","floor":21},{"not_picked":["Deflect+1","Flying Knee+1","Acrobatics"],"picked":"SKIP","floor":22},{"not_picked":["Deflect+1","Acrobatics"],"picked":"Flying Knee+1","floor":22},{"not_picked":["Venomology","Finisher"],"picked":"Terror","floor":24},{"not_picked":["Accuracy+1","Sucker Punch","Eviscerate"],"picked":"SKIP","floor":27},{"not_picked":["PiercingWail","Catalyst"],"picked":"Dodge and Roll","floor":28},{"not_picked":["Blade Dance","Grand Finale"],"picked":"Backflip+1","floor":29},{"not_picked":["Backflip","Sucker Punch","Prepared"],"picked":"SKIP","floor":31},{"not_picked":["Malaise","Unload"],"picked":"Envenom","floor":33},{"not_picked":["Sucker Punch","Riddle With Holes+1","Setup+1"],"picked":"SKIP","floor":35},{"not_picked":["Backflip","Prepared+1"],"picked":"Poisoned Stab+1","floor":36},{"not_picked":["Backstab","Expertise+1"],"picked":"Predator+1","floor":40},{"not_picked":["Deflect","Bouncing Flask+1","Sucker Punch"],"picked":"SKIP","floor":41},{"not_picked":["Night Terror","Bouncing Flask","Underhanded Strike+1"],"picked":"SKIP","floor":42},{"not_picked":["Dagger Spray+1","Choke+1","Eviscerate+1"],"picked":"SKIP","floor":45},{"not_picked":["Quick Slash+1","Flying Knee+1"],"picked":"Noxious Fumes","floor":46},{"not_picked":["Dodge and Roll","Deflect"],"picked":"Burst","floor":54}],"player_experience":1091064,"relics_obtained":[{"floor":6,"key":"Blood Vial"},{"floor":9,"key":"Bottled Lightning"},{"floor":14,"key":"Orichalcum"},{"floor":24,"key":"Pantograph"},{"floor":26,"key":"Smiling Mask"},{"floor":29,"key":"Potion Belt"},{"floor":31,"key":"Boot"},{"floor":40,"key":"Dodecahedron"},{"floor":40,"key":"Regal Pillow"},{"floor":42,"key":"Incense Burner"},{"floor":42,"key":"Art of War"},{"floor":45,"key":"Letter Opener"},{"floor":45,"key":"Vajra"},{"floor":48,"key":"Whetstone"},{"floor":54,"key":"Pen Nib"},{"floor":54,"key":"Anchor"}],"event_choices":[{"cards_removed":["Strike_G"],"damage_healed":0,"gold_gain":0,"player_choice":"Card Removal","damage_taken":7,"max_hp_gain":0,"max_hp_loss":0,"event_name":"Golden Wing","floor":2,"gold_loss":0},{"damage_healed":0,"gold_gain":0,"player_choice":"Rummage","damage_taken":0,"relics_obtained":["WarpedTongs"],"max_hp_gain":0,"max_hp_loss":0,"event_name":"Accursed Blacksmith","floor":3,"gold_loss":0,"cards_obtained":["Pain"]},{"cards_removed":["Pain"],"damage_healed":0,"gold_gain":0,"player_choice":"Card Removal","damage_taken":0,"max_hp_gain":0,"max_hp_loss":0,"event_name":"The Cleric","floor":5,"gold_loss":50},{"damage_healed":0,"gold_gain":0,"player_choice":"Trade","damage_taken":0,"relics_obtained":["SsserpentHead"],"max_hp_gain":0,"max_hp_loss":0,"event_name":"FaceTrader","floor":19,"gold_loss":0},{"damage_healed":0,"gold_gain":0,"player_choice":"Max HP","damage_taken":0,"max_hp_gain":0,"max_hp_loss":4,"event_name":"Winding Halls","floor":38,"gold_loss":0},{"damage_healed":0,"gold_gain":0,"player_choice":"Ignored","damage_taken":0,"max_hp_gain":0,"max_hp_loss":0,"event_name":"Tomb of Lord Red Mask","floor":44,"gold_loss":0}],"is_beta":false,"boss_relics":[{"not_picked":["Calling Bell","Empty Cage"],"picked":"Philosopher\u0027s Stone"},{"not_picked":["HoveringKite","Cursed Key"],"picked":"Black Star"}],"items_purged_floors":[20,37,53],"is_endless":false,"potions_floor_spawned":[1,6,8,11,16,18,27,33,36,40,41,54],"ascension_level":1}