{"gold_per_floor":[115,115,133,35,49,49,74,74,74,94,94,113,113,128,128,226,226,237,237,247,267,70,70,89,89,89,89,99,134,134,169,169,272,272,288,288,308,308,323,323,335,335,411,422,422,434,452,478,478,478],"floor_reached":51,"playtime":3671,"items_purged":[],"score":987,"play_id":"def3a34c-27bc-48a3-8215-8afd5fbca6b0","local_time":"20190524222820","is_ascension_mode":true,"campfire_choices":[{"data":"Whirlwind","floor":6.0,"key":"SMITH"},{"data":"Intimidate","floor":8.0,"key":"SMITH"},{"floor":13.0,"key":"REST"},{"data":"Flame Barrier","floor":15.0,"key":"SMITH"},{"data":"Good Instincts","floor":23.0,"key":"SMITH"},{"data":"Seeing Red","floor":25.0,"key":"SMITH"},{"floor":32.0,"key":"REST"},{"data":"Entrench","floor":40.0,"key":"SMITH"},{"data":"Limit Break","floor":42.0,"key":"SMITH"},{"data":"Double Tap","floor":45.0,"key":"SMITH"},{"floor":49.0,"key":"REST"}],"neow_cost":"NONE","seed_source_timestamp":0,"circlet_count":0,"master_deck":["AscendersBane","Strike_R","Strike_R","Strike_R","Defend_R","Defend_R","Defend_R","Defend_R","Bash","Disarm+1","Whirlwind+1","Good Instincts+1","Intimidate+1","Barricade+1","Flame Barrier+1","Seeing Red+1","Reaper","True Grit+1","Battle Trance","Body Slam+1","RitualDagger+1","Double Tap+1","Limit Break+1","Entrench+1","Power Through","Berserk+1","Headbutt+1","Intimidate","Inflame+1","Reaper+1"],"special_seed":0,"relics":["Burning Blood","Vajra","Frozen Egg 2","Eternal Feather","MealTicket","Molten Egg 2","Singing Bowl","Prayer Wheel","Velvet Choker","Gremlin Horn","Ancient Tea Set"],"potions_floor_usage":[],"damage_taken":[{"damage":9.0,"enemies":"2 Louse","floor":1.0,"turns":4.0},{"damage":2.0,"enemies":"Cultist","floor":3.0,"turns":4.0},{"damage":0.0,"enemies":"Jaw Worm","floor":5.0,"turns":6.0},{"damage":22.0,"enemies":"Gremlin Nob","floor":7.0,"turns":4.0},{"damage":22.0,"enemies":"Large Slime","floor":10.0,"turns":8.0},{"damage":12.0,"enemies":"Exordium Wildlife","floor":12.0,"turns":2.0},{"damage":1.0,"enemies":"2 Fungi Beasts","floor":14.0,"turns":3.0},{"damage":3.0,"enemies":"Hexaghost","floor":16.0,"turns":16.0},{"damage":16.0,"enemies":"2 Thieves","floor":18.0,"turns":4.0},{"damage":4.0,"enemies":"3 Byrds","floor":20.0,"turns":6.0},{"damage":22.0,"enemies":"Centurion and Healer","floor":21.0,"turns":12.0},{"damage":3.0,"enemies":"Snake Plant","floor":24.0,"turns":5.0},{"damage":15.0,"enemies":"Snecko","floor":28.0,"turns":5.0},{"damage":31.0,"enemies":"Slavers","floor":29.0,"turns":5.0},{"damage":30.0,"enemies":"Book of Stabbing","floor":31.0,"turns":9.0},{"damage":43.0,"enemies":"Collector","floor":33.0,"turns":14.0},{"damage":37.0,"enemies":"3 Darklings","floor":35.0,"turns":5.0},{"damage":21.0,"enemies":"Orb Walker","floor":37.0,"turns":7.0},{"damage":13.0,"enemies":"Spire Growth","floor":39.0,"turns":10.0},{"damage":12.0,"enemies":"Jaw Worm Horde","floor":41.0,"turns":2.0},{"damage":84.0,"enemies":"Sphere and 2 Shapes","floor":44.0,"turns":7.0},{"damage":45.0,"enemies":"Transient","floor":46.0,"turns":5.0},{"damage":7.0,"enemies":"Spire Growth","floor":47.0,"turns":6.0},{"damage":85,"enemies":"Awakened One","floor":50,"turns":25}],"seed_played":"8248141516937857800","potions_obtained":[{"floor":10.0,"key":"FearPotion"},{"floor":14.0,"key":"SpeedPotion"},{"floor":18.0,"key":"PowerPotion"},{"floor":29.0,"key":"EntropicBrew"},{"floor":38.0,"key":"Fruit Juice"},{"floor":38.0,"key":"PowerPotion"},{"floor":38.0,"key":"Explosive Potion"},{"floor":39.0,"key":"Regen Potion"},{"floor":44.0,"key":"Poison Potion"},{"floor":46.0,"key":"Dexterity Potion"}],"is_trial":false,"path_per_floor":["M","?","M","$","M","R","E","R","T","M","?","M","R","M","R","B",null,"M","?","M","M","$","R","M","R","T","?","M","E","?","E","R","B",null,"M","?","M","?","M","R","M","R","T","M","R","M","M","T","R","B",null],"character_chosen":"IRONCLAD","items_purchased":["Good Instincts","MealTicket"],"campfire_rested":3,"item_purchase_floors":[4,22],"current_hp_per_floor":[69,69,73,73,79,79,63,63,63,47,40,34,58,63,63,66,77,70,70,78,67,67,79,80,80,80,74,65,49,49,30,66,44,73,53,53,50,55,62,77,73,88,88,24,39,15,32,32,80,30],"gold":478,"neow_bonus":"TRANSFORM_CARD","is_prod":false,"is_daily":false,"chose_seed":false,"campfire_upgraded":8,"win_rate":0,"timestamp":1558729700,"path_taken":["M","?","M","?","M","R","E","R","T","M","?","M","R","M","R","BOSS","M","?","M","M","$","R","M","R","T","?","M","E","?","E","R","BOSS","M","?","M","?","M","R","M","R","T","?","R","M","M","?","R","BOSS"],"build_version":"2019-01-23","purchased_purges":0,"victory":true,"max_hp_per_floor":[80,80,80,80,80,80,80,80,80,80,80,80,80,80,80,80,80,80,80,80,80,80,80,80,80,80,80,80,82,82,82,82,82,82,84,84,86,91,93,93,95,95,95,99,99,99,101,101,101,101],"card_choices":[{"not_picked":["Body Slam","Clash","Iron Wave"],"picked":"SKIP","floor":1.0},{"not_picked":["Body Slam","Wild Strike"],"picked":"Whirlwind","floor":3.0},{"not_picked":["Reckless Charge","Perfected Strike"],"picked":"Headbutt","floor":5.0},{"not_picked":["Flex","Clash"],"picked":"Intimidate","floor":7.0},{"not_picked":["Hemokinesis","Rage"],"picked":"Barricade+1","floor":10.0},{"not_picked":["Blood for Blood","Wild Strike"],"picked":"Flame Barrier","floor":12.0},{"not_picked":["True Grit","Rampage"],"picked":"Seeing Red","floor":14.0},{"not_picked":["Barricade+1","Juggernaut+1"],"picked":"Reaper","floor":16.0},{"not_picked":["Fire Breathing+1","Bloodletting+1"],"picked":"True Grit+1","floor":18.0},{"not_picked":["Inflame+1","Perfected Strike+1"],"picked":"Battle Trance","floor":20.0},{"not_picked":["Perfected Strike+1","Twin Strike"],"picked":"Body Slam+1","floor":21.0},{"not_picked":["Thunderclap","Anger","Wild Strike"],"picked":"SKIP","floor":24.0},{"not_picked":["Bloodletting","Rampage+1","Pommel Strike+1"],"picked":"SKIP","floor":28.0},{"not_picked":["Anger+1","Hemokinesis+1","Shockwave"],"picked":"Singing Bowl","floor":29.0},{"not_picked":["Cleave+1","Heavy Blade+1"],"picked":"Double Tap","floor":31.0},{"not_picked":["Reaper+1","Exhume"],"picked":"Limit Break","floor":33.0},{"not_picked":["Fire Breathing+1","Thunderclap+1","Pommel Strike+1"],"picked":"Singing Bowl","floor":35.0},{"not_picked":["Rampage+1","Twin Strike+1"],"picked":"Entrench","floor":35.0},{"not_picked":["Heavy Blade+1","Shockwave+1","Bloodletting"],"picked":"Singing Bowl","floor":37.0},{"not_picked":["Combust+1","Havoc+1"],"picked":"Power Through","floor":37.0},{"not_picked":["Anger+1","Twin Strike+1","Searing Blow+1"],"picked":"Singing Bowl","floor":39.0},{"not_picked":["Iron Wave+1","Hemokinesis+1"],"picked":"Berserk+1","floor":39.0},{"not_picked":["Ghostly Armor","True Grit"],"picked":"Headbutt+1","floor":41.0},{"not_picked":["Thunderclap+1","Dark Embrace+1","Perfected Strike+1"],"picked":"Singing Bowl","floor":41.0},{"not_picked":["Uppercut+1","Body Slam+1","Rampage+1"],"picked":"Singing Bowl","floor":44.0},{"not_picked":["Cleave+1","Flex+1","Carnage+1"],"picked":"Singing Bowl","floor":44.0},{"not_picked":["Twin Strike+1","Pommel Strike+1"],"picked":"Intimidate","floor":46.0},{"not_picked":["Clash+1","Sever Soul+1"],"picked":"Inflame+1","floor":46.0},{"not_picked":["Corruption+1","Cleave+1"],"picked":"Reaper+1","floor":47.0},{"not_picked":["Dropkick+1","Shockwave+1","Power Through+1"],"picked":"Singing Bowl","floor":47.0}],"player_experience":344722,"relics_obtained":[{"floor":7.0,"key":"Vajra"},{"floor":9.0,"key":"Frozen Egg 2"},{"floor":26.0,"key":"Molten Egg 2"},{"floor":29.0,"key":"Singing Bowl"},{"floor":31.0,"key":"Prayer Wheel"},{"floor":43.0,"key":"Gremlin Horn"},{"floor":48.0,"key":"Ancient Tea Set"}],"event_choices":[{"damage_healed":0.0,"max_hp_gain":0.0,"max_hp_loss":0.0,"gold_gain":0.0,"event_name":"Upgrade Shrine","player_choice":"Upgraded","floor":2.0,"gold_loss":0.0,"damage_taken":0.0,"cards_upgraded":["Disarm"]},{"cards_removed":["Strike_R"],"damage_healed":0.0,"max_hp_gain":0.0,"max_hp_loss":0.0,"gold_gain":0.0,"event_name":"Golden Wing","player_choice":"Card Removal","floor":11.0,"gold_loss":0.0,"damage_taken":7.0},{"damage_healed":0.0,"max_hp_gain":0.0,"max_hp_loss":0.0,"gold_gain":0.0,"event_name":"Ghosts","player_choice":"Ignored","floor":19.0,"gold_loss":0.0,"damage_taken":0.0},{"damage_healed":0.0,"max_hp_gain":0.0,"max_hp_loss":0.0,"gold_gain":0.0,"event_name":"Nest","player_choice":"Joined the Cult","floor":27.0,"gold_loss":0.0,"damage_taken":6.0,"cards_obtained":["RitualDagger"]},{"damage_healed":0.0,"max_hp_gain":0.0,"max_hp_loss":0.0,"gold_gain":0.0,"event_name":"The Mausoleum","player_choice":"Ignored","floor":30.0,"gold_loss":0.0,"damage_taken":0.0},{"cards_removed":["Headbutt"],"damage_healed":0.0,"max_hp_gain":0.0,"max_hp_loss":0.0,"gold_gain":0.0,"event_name":"Falling","player_choice":"Removed Attack","floor":36.0,"gold_loss":0.0,"damage_taken":0.0},{"damage_healed":0.0,"max_hp_gain":0.0,"max_hp_loss":0.0,"gold_gain":0.0,"event_name":"Lab","player_choice":"Got Potions","floor":38.0,"gold_loss":0.0,"damage_taken":0.0}],"is_beta":false,"boss_relics":[{"not_picked":["Snecko Eye","Fusion Hammer"],"picked":"Eternal Feather"},{"not_picked":["Runic Cube","Black Star"],"picked":"Velvet Choker"}],"items_purged_floors":[],"is_endless":false,"potions_floor_spawned":[10,14,18,21,24,28,29,39,44,46],"ascension_level":10}