{"gold_per_floor":[110,110,110,177,189,222,51,78,78,128,144,144,156,189,189,292,292,308,358,408,67,82,82],"floor_reached":23,"playtime":1460,"items_purged":[],"score":244,"play_id":"ea0d5ef0-6701-4dd6-bf68-3824b9854f3a","local_time":"20180729191817","is_ascension_mode":true,"campfire_choices":[{"floor":12,"key":"REST"},{"floor":15,"key":"REST"}],"neow_cost":"","seed_source_timestamp":115744921105420,"circlet_count":0,"master_deck":["Strike_B","Strike_B","Strike_B","Strike_B","Defend_B","Defend_B","Defend_B","Defend_B","Zap","Dualcast","Recycle","Streamline","Ball Lightning","Fission","Echo Form","Ball Lightning","Turbo","Gash","Glacier","Redo","Go for the Eyes","Creative AI","Gash","Ghostly","Ghostly","Ghostly","Ghostly","Ghostly","Steam","Gash","Force Field"],"relics":["Cracked Core","Sundial","SsserpentHead","Darkstone Periapt","Incense Burner","Oddly Smooth Stone","Inserter","Nloth\u0027s Gift","Bag of Marbles","DollysMirror"],"potions_floor_usage":[6,16,16,22],"damage_taken":[{"damage":1,"enemies":"2 Louse","floor":1,"turns":3},{"damage":1,"enemies":"Jaw Worm","floor":4,"turns":3},{"damage":4,"enemies":"Cultist","floor":5,"turns":4},{"damage":23,"enemies":"Gremlin Nob","floor":6,"turns":4},{"damage":26,"enemies":"Lagavulin","floor":8,"turns":6},{"damage":10,"enemies":"Looter","floor":11,"turns":3},{"damage":6,"enemies":"Exordium Thugs","floor":13,"turns":6},{"damage":22,"enemies":"Gremlin Nob","floor":14,"turns":5},{"damage":24,"enemies":"Hexaghost","floor":16,"turns":7},{"damage":12,"enemies":"Chosen","floor":18,"turns":6},{"damage":23,"enemies":"3 Byrds","floor":22,"turns":8},{"damage":35,"enemies":"Gremlin Leader","floor":23,"turns":4}],"seed_played":"-9173353619256945897","potions_obtained":[{"floor":1,"key":"PowerPotion"},{"floor":8,"key":"FocusPotion"},{"floor":10,"key":"FairyPotion"},{"floor":10,"key":"LiquidBronze"},{"floor":14,"key":"FocusPotion"},{"floor":16,"key":"Ancient Potion"},{"floor":18,"key":"SkillPotion"}],"is_trial":false,"path_per_floor":["M","?","?","M","M","E","$","E","T","?","M","R","M","E","R","B",null,"M","?","?","$","M"],"character_chosen":"DEFECT","items_purchased":["Echo Form","Ball Lightning","Turbo","Steam","Bag of Marbles","DollysMirror"],"campfire_rested":2,"item_purchase_floors":[7,7,7,21,21,21],"current_hp_per_floor":[74,71,71,70,66,57,57,31,31,31,21,47,41,19,45,21,89,77,44,44,44,21,0],"gold":82,"neow_bonus":"","is_prod":false,"is_daily":false,"chose_seed":false,"campfire_upgraded":0,"win_rate":0,"timestamp":1532884697,"path_taken":["M","?","?","?","M","E","$","E","T","?","M","R","M","E","R","BOSS","M","?","?","?","M","E"],"build_version":"2018-07-26","purchased_purges":0,"victory":false,"max_hp_per_floor":[75,75,75,75,75,89,89,89,89,89,89,89,89,89,89,89,89,89,44,44,44,44,44],"card_choices":[{"not_picked":["Sweeping Beam","Beam Cell"],"picked":"Recycle","floor":1},{"not_picked":["Consume","Compile Driver"],"picked":"Streamline","floor":4},{"not_picked":["Redo","All For One"],"picked":"Ball Lightning","floor":5},{"not_picked":["Auto Shields","Reprogram"],"picked":"Fission","floor":6},{"not_picked":["Ball Lightning","Conserve Battery"],"picked":"Gash","floor":8},{"not_picked":["Steam","Ball Lightning"],"picked":"Glacier","floor":11},{"not_picked":["Rip and Tear","Hologram"],"picked":"Redo","floor":13},{"not_picked":["Echo Form","Gash"],"picked":"Go for the Eyes","floor":14},{"not_picked":["Rainbow","Buffer"],"picked":"Creative AI","floor":16},{"not_picked":["Redo","Ball Lightning"],"picked":"Gash","floor":18},{"not_picked":["Aggregate+1","Stack"],"picked":"Force Field","floor":22}],"player_experience":92998,"relics_obtained":[{"floor":6,"key":"Mango"},{"floor":8,"key":"Darkstone Periapt"},{"floor":9,"key":"Incense Burner"},{"floor":14,"key":"Oddly Smooth Stone"}],"event_choices":[{"event_name":"Scrap Ooze","player_choice":"success","floor":2,"damage_taken":3},{"event_name":"FaceTrader","player_choice":"Trade","floor":3,"damage_taken":0},{"event_name":"The Lab","player_choice":"Got Potions","floor":10,"damage_taken":0},{"event_name":"Ghosts","player_choice":"Became a Ghost","floor":19,"damage_taken":0},{"event_name":"N\u0027loth","player_choice":"Traded a Mango","floor":20,"damage_taken":0}],"is_beta":false,"boss_relics":[{"not_picked":["Eternal Feather","Orrery"],"picked":"Inserter"}],"items_purged_floors":[],"is_endless":false,"potions_floor_spawned":[1,8,11,14,16,18],"killed_by":"Gremlin Leader","ascension_level":1}