{"gold_per_floor":[360,360,20,20,38,38,53,53,126,157,157,192,192,206,206,283,283,300,316,336,263,263],"floor_reached":22,"playtime":3941,"items_purged":["Regret"],"score":407,"play_id":"025c820d-9f21-4537-8d50-2397b3eca281","local_time":"20190709111845","is_ascension_mode":true,"campfire_choices":[{"data":"Perfected Strike","floor":6,"key":"SMITH"},{"data":"Shockwave","floor":8,"key":"SMITH"},{"data":"Offering","floor":11,"key":"SMITH"},{"data":"Perfected Strike","floor":15,"key":"SMITH"}],"neow_cost":"CURSE","seed_source_timestamp":392769662626312,"circlet_count":0,"master_deck":["AscendersBane","Strike_R","Strike_R","Strike_R","Strike_R","Strike_R","Defend_R","Defend_R","Defend_R+1","Defend_R","Bash+1","Perfected Strike+1","Shockwave+1","Headbutt","Shrug It Off+1","Twin Strike","Offering+1","Perfected Strike+1","Berserk","Perfected Strike","Perfected Strike","Flame Barrier"],"relics":["Burning Blood","Membership Card","Meat on the Bone","Mummified Hand","War Paint","Runic Cube"],"potions_floor_usage":[13,19,22],"damage_taken":[{"damage":11,"enemies":"2 Louse","floor":1,"turns":3},{"damage":3,"enemies":"Jaw Worm","floor":5,"turns":4},{"damage":1,"enemies":"Cultist","floor":7,"turns":3},{"damage":22,"enemies":"3 Sentries","floor":10,"turns":8},{"damage":18,"enemies":"Lagavulin","floor":12,"turns":5},{"damage":6,"enemies":"Gremlin Gang","floor":13,"turns":1},{"damage":18,"enemies":"Exordium Thugs","floor":14,"turns":5},{"damage":34,"enemies":"Hexaghost","floor":16,"turns":8},{"damage":14,"enemies":"2 Thieves","floor":18,"turns":2},{"damage":17,"enemies":"Shell Parasite","floor":19,"turns":3},{"damage":26,"enemies":"Centurion and Healer","floor":20,"turns":4},{"damage":39,"enemies":"Shelled Parasite and Fungi","floor":22,"turns":3}],"seed_played":"112329303659484736","potions_obtained":[{"floor":1,"key":"Fruit Juice"},{"floor":12,"key":"SmokeBomb"},{"floor":16,"key":"Ancient Potion"},{"floor":20,"key":"SkillPotion"}],"is_trial":false,"path_per_floor":["M","?","$","?","M","R","M","R","T","E","R","E","M","M","R","B",null,"M","M","M","$","M"],"character_chosen":"IRONCLAD","items_purchased":["Membership Card","Shockwave","Headbutt","Shrug It Off","Perfected Strike","Flame Barrier"],"campfire_rested":0,"item_purchase_floors":[3,3,3,3,21,21],"current_hp_per_floor":[63,63,63,63,66,66,71,71,71,55,55,55,55,55,55,39,66,58,47,39,39,0],"gold":263,"neow_bonus":"TWO_FIFTY_GOLD","is_prod":false,"is_daily":false,"chose_seed":false,"campfire_upgraded":4,"win_rate":0,"timestamp":1562685525,"path_taken":["M","?","$","?","M","R","M","R","T","E","R","E","M","M","R","BOSS","M","M","?","$","?"],"build_version":"2019-07-05","purchased_purges":1,"victory":false,"max_hp_per_floor":[75,75,75,75,75,75,75,75,75,75,75,75,75,75,75,75,75,75,75,75,75,75],"card_choices":[{"not_picked":["Body Slam","Heavy Blade"],"picked":"Perfected Strike","floor":1},{"not_picked":["Havoc","Power Through","Warcry"],"picked":"SKIP","floor":5},{"not_picked":["Clash","Headbutt"],"picked":"Twin Strike","floor":7},{"not_picked":["Shrug It Off","Sword Boomerang"],"picked":"Offering","floor":10},{"not_picked":["Flex","Iron Wave","Fire Breathing"],"picked":"SKIP","floor":12},{"not_picked":["Rage","Heavy Blade"],"picked":"Perfected Strike","floor":14},{"not_picked":["Offering","Brutality"],"picked":"Berserk","floor":16},{"not_picked":["Warcry","Seeing Red"],"picked":"Perfected Strike","floor":18},{"not_picked":["Twin Strike","Body Slam","Warcry"],"picked":"SKIP","floor":19},{"not_picked":["Clash","Intimidate","Havoc"],"picked":"SKIP","floor":20}],"player_experience":2422590,"relics_obtained":[{"floor":10,"key":"Mummified Hand"},{"floor":12,"key":"War Paint"}],"event_choices":[{"damage_healed":0,"gold_gain":0,"player_choice":"Grow","damage_taken":0,"max_hp_gain":0,"max_hp_loss":0,"event_name":"Living Wall","floor":2,"gold_loss":0,"cards_upgraded":["Bash"]},{"damage_healed":0,"gold_gain":0,"player_choice":"Gave Potion","damage_taken":0,"relics_obtained":["Meat on the Bone"],"max_hp_gain":0,"max_hp_loss":0,"event_name":"WeMeetAgain","floor":4,"gold_loss":0}],"is_beta":false,"boss_relics":[{"not_picked":["Philosopher\u0027s Stone","Black Star"],"picked":"Runic Cube"}],"items_purged_floors":[3],"is_endless":false,"potions_floor_spawned":[1,12,13,16,20],"killed_by":"Shelled Parasite and Fungi","ascension_level":19}