{"gold_per_floor":[114,129,129,144,104,13,28,43,68,80,107,134,55,70,70,170,170,140,55,55,7,0,0,30,30,85,100,25,25,50,65,65,165,165,180,280,280,295,11,11,26,26,26,26,26,26,41,101,101,101],"floor_reached":51,"playtime":4659,"items_purged":["Normality","Regret"],"score":856,"play_id":"4f5f4a32-6740-42d6-820c-cea4225bedb2","local_time":"20190807151022","daily_mods":["Cursed Run","Vintage","Binary"],"is_ascension_mode":false,"campfire_choices":[{"data":"Poisoned Stab","floor":15,"key":"SMITH"},{"data":"Backflip","floor":23,"key":"SMITH"},{"data":"Neutralize","floor":25,"key":"SMITH"},{"data":"Bite","floor":29,"key":"SMITH"},{"data":"Survivor","floor":32,"key":"SMITH"},{"floor":40,"key":"REST"},{"floor":49,"key":"REST"}],"neow_cost":"","seed_source_timestamp":0,"circlet_count":0,"master_deck":["Defend_G","Defend_G","Defend_G","Defend_G","Defend_G","Survivor+1","Neutralize+1","Backflip+1","Poisoned Stab+1","Dodge and Roll+1","Well Laid Plans+1","Parasite","Adrenaline+1","Clumsy","Doubt","Bite+1","Bite","Bite","Bite","Bite","Cloak And Dagger+1","Crippling Poison+1","Burst+1","Crippling Poison+1","Calculated Gamble+1","Parasite","HandOfGreed","Transmutation+1","Normality","Madness+1","Madness+1","Clumsy"],"special_seed":18115,"relics":["Cursed Key","Darkstone Periapt","Du-Vu Doll","Strawberry","Letter Opener","Ninja Scroll","PreservedInsect","Frozen Egg 2","MawBank","Spirit Poop","Toxic Egg 2","Pear","Question Card","Calling Bell","Ancient Tea Set","Matryoshka","WingedGreaves","Mercury Hourglass","Omamori","Bottled Tornado","Blue Candle","Tiny Chest","StoneCalendar","Lantern","Boot","Sundial","Fusion Hammer","Nunchaku","Turnip","CultistMask","Bottled Flame","Happy Flower","Paper Crane","Kunai","Pen Nib","Molten Egg 2"],"potions_floor_usage":[16,16,16,50,50,50],"damage_taken":[{"damage":0,"enemies":"Cultist","floor":1,"turns":5},{"damage":0,"enemies":"2 Louse","floor":2,"turns":4},{"damage":0,"enemies":"Small Slimes","floor":4,"turns":2},{"damage":0,"enemies":"3 Louse","floor":7,"turns":4},{"damage":0,"enemies":"Blue Slaver","floor":8,"turns":3},{"damage":6,"enemies":"Exordium Wildlife","floor":11,"turns":4},{"damage":5,"enemies":"Exordium Thugs","floor":12,"turns":4},{"damage":0,"enemies":"Looter","floor":14,"turns":3},{"damage":27,"enemies":"Hexaghost","floor":16,"turns":11},{"damage":16,"enemies":"2 Thieves","floor":18,"turns":5},{"damage":15,"enemies":"Book of Stabbing","floor":24,"turns":4},{"damage":7,"enemies":"Chosen","floor":27,"turns":3},{"damage":13,"enemies":"Snake Plant","floor":31,"turns":3},{"damage":31,"enemies":"Collector","floor":33,"turns":9},{"damage":3,"enemies":"3 Darklings","floor":35,"turns":5},{"damage":33,"enemies":"Mind Bloom Boss Battle","floor":36,"turns":6},{"damage":11,"enemies":"3 Shapes","floor":38,"turns":2},{"damage":17,"enemies":"Writhing Mass","floor":41,"turns":5},{"damage":32,"enemies":"Sphere and 2 Shapes","floor":47,"turns":5},{"damage":11,"enemies":"4 Shapes","floor":48,"turns":3},{"damage":60,"enemies":"Time Eater","floor":50,"turns":9}],"seed_played":"-3482007216513498551","potions_obtained":[{"floor":2,"key":"PowerPotion"},{"floor":5,"key":"FearPotion"},{"floor":5,"key":"SmokeBomb"},{"floor":5,"key":"Ancient Potion"},{"floor":12,"key":"PowerPotion"},{"floor":31,"key":"Dexterity Potion"},{"floor":35,"key":"SteroidPotion"},{"floor":38,"key":"Strength Potion"},{"floor":41,"key":"SkillPotion"}],"is_trial":false,"path_per_floor":["M","M","?","M","?","$","M","M","T","?","M","M","$","M","R","B",null,"M","?","?","$","?","R","E","R","T","M","$","R","T","M","R","B",null,"M","?","?","M","$","R","M","?","T","?","$","?","M","M","R","B",null],"character_chosen":"THE_SILENT","items_purchased":["Backflip","Poisoned Stab","Dodge and Roll+1","Well Laid Plans+1","Cloak And Dagger+1","Happy Flower","Calculated Gamble+1"],"campfire_rested":2,"item_purchase_floors":[6,6,13,13,21,39,39],"current_hp_per_floor":[77,77,77,77,77,77,77,77,83,83,77,84,84,86,86,67,117,101,101,101,101,101,101,98,98,98,97,97,97,97,95,95,93,123,123,100,100,92,92,123,121,111,117,117,117,100,77,68,108,70],"gold":101,"neow_bonus":"","is_prod":false,"is_daily":true,"chose_seed":false,"campfire_upgraded":5,"win_rate":0.0,"timestamp":1565205022,"path_taken":["M","M","?","?","?","$","?","M","T","?","M","?","?","M","R","BOSS","M","?","?","$","?","R","E","R","T","?","$","R","?","M","R","BOSS","M","?","?","?","$","R","M","?","T","?","$","?","M","M","R","BOSS"],"build_version":"2019-07-17","purchased_purges":2,"victory":true,"max_hp_per_floor":[77,77,77,77,77,77,77,77,83,83,83,93,93,93,93,99,117,117,117,117,117,117,117,117,117,117,117,117,117,117,117,117,123,123,123,123,123,123,123,123,129,129,135,135,135,135,135,135,135,141],"card_choices":[{"not_picked":["Unload","Grand Finale"],"picked":"Adrenaline+1","floor":16},{"not_picked":["Quick Slash","Poisoned Stab"],"picked":"Crippling Poison+1","floor":24},{"not_picked":["Phantasmal Killer+1","Doppelganger+1"],"picked":"Burst+1","floor":33},{"not_picked":["Reflex+1","Slice"],"picked":"Crippling Poison+1","floor":36},{"not_picked":["Swift Strike","Mind Blast"],"picked":"HandOfGreed","floor":42},{"not_picked":["The Bomb+1","Madness+1"],"picked":"Jack Of All Trades+1","floor":42},{"not_picked":["PanicButton+1","The Bomb+1"],"picked":"Transmutation+1","floor":42}],"player_experience":36222,"relics_obtained":[{"floor":1,"key":"Strawberry"},{"floor":2,"key":"Letter Opener"},{"floor":4,"key":"PreservedInsect"},{"floor":7,"key":"Frozen Egg 2"},{"floor":8,"key":"Blood Vial"},{"floor":9,"key":"MawBank"},{"floor":11,"key":"Toxic Egg 2"},{"floor":12,"key":"Pear"},{"floor":14,"key":"Question Card"},{"floor":17,"key":"Ancient Tea Set"},{"floor":17,"key":"Matryoshka"},{"floor":17,"key":"WingedGreaves"},{"floor":18,"key":"Mercury Hourglass"},{"floor":24,"key":"Bottled Tornado"},{"floor":26,"key":"Blue Candle"},{"floor":26,"key":"Tiny Chest"},{"floor":27,"key":"StoneCalendar"},{"floor":30,"key":"Lantern"},{"floor":30,"key":"Boot"},{"floor":31,"key":"Sundial"},{"floor":35,"key":"Nunchaku"},{"floor":36,"key":"Turnip"},{"floor":38,"key":"Bottled Flame"},{"floor":41,"key":"Paper Crane"},{"floor":43,"key":"Kunai"},{"floor":47,"key":"Pen Nib"},{"floor":48,"key":"Molten Egg 2"}],"event_choices":[{"damage_healed":0,"gold_gain":0,"player_choice":"Gave Potion","damage_taken":0,"relics_obtained":["Ninja Scroll"],"max_hp_gain":0,"max_hp_loss":0,"event_name":"WeMeetAgain","floor":3,"gold_loss":0},{"damage_healed":0,"gold_gain":0,"player_choice":"Bought 3 Potions","damage_taken":0,"max_hp_gain":0,"max_hp_loss":0,"event_name":"The Woman in Blue","floor":5,"gold_loss":0},{"cards_removed":["Doubt"],"damage_healed":0,"gold_gain":0,"player_choice":"Offered Curse","damage_taken":0,"relics_obtained":["Spirit Poop"],"max_hp_gain":0,"max_hp_loss":0,"event_name":"Bonfire Elementals","floor":10,"gold_loss":0},{"damage_healed":0,"gold_gain":0,"player_choice":"Obtained Relic","damage_taken":0,"relics_obtained":["Omamori"],"max_hp_gain":0,"max_hp_loss":0,"event_name":"Addict","floor":19,"gold_loss":85},{"damage_healed":0,"gold_gain":0,"player_choice":"Became a vampire (Vial)","damage_taken":0,"max_hp_gain":0,"max_hp_loss":0,"event_name":"Vampires","floor":20,"relics_lost":["Blood Vial"],"gold_loss":0,"cards_obtained":["Bite","Bite","Bite","Bite","Bite"]},{"damage_healed":0,"gold_gain":0,"player_choice":"Paid Fearfully","damage_taken":0,"max_hp_gain":0,"max_hp_loss":0,"event_name":"Masked Bandits","floor":22,"gold_loss":7},{"damage_healed":0,"gold_gain":0,"player_choice":"Fight","damage_taken":0,"max_hp_gain":0,"max_hp_loss":0,"event_name":"MindBloom","floor":36,"gold_loss":0},{"damage_healed":0,"gold_gain":0,"player_choice":"Trade","damage_taken":0,"relics_obtained":["CultistMask"],"max_hp_gain":0,"max_hp_loss":0,"event_name":"FaceTrader","floor":37,"gold_loss":0},{"damage_healed":0,"gold_gain":0,"player_choice":"Memory 3","damage_taken":10,"max_hp_gain":0,"max_hp_loss":0,"event_name":"SensoryStone","floor":42,"gold_loss":0},{"cards_removed":["Jack Of All Trades"],"damage_healed":0,"gold_gain":0,"player_choice":"Removed Skill","damage_taken":0,"max_hp_gain":0,"max_hp_loss":0,"event_name":"Falling","floor":44,"gold_loss":0},{"damage_healed":0,"gold_gain":0,"player_choice":"Embrace Madness","damage_taken":17,"max_hp_gain":0,"max_hp_loss":0,"event_name":"Winding Halls","floor":46,"gold_loss":0,"cards_obtained":["Madness","Madness"]}],"is_beta":false,"boss_relics":[{"not_picked":["Busted Crown","Pandora\u0027s Box"],"picked":"Calling Bell"},{"not_picked":["Philosopher\u0027s Stone","Velvet Choker"],"picked":"Fusion Hammer"}],"items_purged_floors":[28,39],"is_endless":false,"potions_floor_spawned":[2,12,14,31,35,38,41],"ascension_level":0}