{"gold_per_floor":[116,127,127,127,1,32,32,82,82,99,149,482,41,91,91,191,191,177,251,269,282,51,51,65,115,115,115,37,50,69,119,119,219,219,239,289,304,41,191,191,45,71,71,42,42,145,145,195,195,195],"floor_reached":51,"playtime":6632,"items_purged":[],"score":812,"play_id":"636df3af-2c00-4ef2-ac75-8205fcd1f160","local_time":"20190806131653","is_ascension_mode":true,"campfire_choices":[{"data":"White Noise","floor":15,"key":"SMITH"},{"data":"Reinforced Body","floor":23,"key":"SMITH"},{"data":"Aggregate","floor":27,"key":"PURGE"},{"data":"Chill","floor":32,"key":"SMITH"},{"data":"1","floor":40,"key":"LIFT"},{"data":"2","floor":47,"key":"LIFT"},{"data":"3","floor":49,"key":"LIFT"}],"neow_cost":"NONE","seed_source_timestamp":521849148067627,"circlet_count":0,"master_deck":["Strike_B+1","Strike_B+1","Strike_B","Strike_B","Defend_B","Defend_B+1","Defend_B","Defend_B","Zap+1","Dualcast","White Noise+1","Go for the Eyes","Chill+1","Reinforced Body+1","Hologram","Loop+1","Chill","Biased Cognition+1","Skim+1","Rebound","Machine Learning+1","Blind","Biased Cognition+1","Zap","Doom and Gloom","Blizzard","Beam Cell","Hologram+1","Leap","Sadistic Nature+1","Biased Cognition+1","Double Energy+1","Loop+1","Barrage","Coolheaded","Mayhem+1","Gash","Barrage","Force Field+1","Go for the Eyes+1","Pain"],"relics":["Cracked Core","NeowsBlessing","Juzu Bracelet","Peace Pipe","SsserpentHead","Shuriken","Frozen Egg 2","Old Coin","Bird Faced Urn","Runic Pyramid","Whetstone","Vajra","Potion Belt","Coffee Dripper","Girya","Anchor","Kunai","Toxic Egg 2","Gambling Chip","WarpedTongs"],"potions_floor_usage":[12,16,33,33,33],"damage_taken":[{"damage":0,"enemies":"Small Slimes","floor":1,"turns":1},{"damage":0,"enemies":"Jaw Worm","floor":2,"turns":1},{"damage":0,"enemies":"Gremlin Nob","floor":6,"turns":1},{"damage":0,"enemies":"Cultist","floor":10,"turns":4},{"damage":9,"enemies":"3 Sentries","floor":12,"turns":11},{"damage":23,"enemies":"The Guardian","floor":16,"turns":11},{"damage":25,"enemies":"2 Thieves","floor":18,"turns":4},{"damage":0,"enemies":"3 Byrds","floor":20,"turns":7},{"damage":1,"enemies":"Cultist and Chosen","floor":21,"turns":9},{"damage":23,"enemies":"Snake Plant","floor":24,"turns":5},{"damage":15,"enemies":"Centurion and Healer","floor":29,"turns":8},{"damage":7,"enemies":"Shelled Parasite and Fungi","floor":30,"turns":5},{"damage":30,"enemies":"Automaton","floor":33,"turns":11},{"damage":36,"enemies":"3 Shapes","floor":35,"turns":3},{"damage":0,"enemies":"3 Darklings","floor":37,"turns":7},{"damage":19,"enemies":"Mind Bloom Boss Battle","floor":39,"turns":8},{"damage":0,"enemies":"Reptomancer","floor":42,"turns":7},{"damage":9,"enemies":"2 Orb Walkers","floor":46,"turns":7},{"damage":43,"enemies":"Donu and Deca","floor":50,"turns":10}],"seed_played":"4865616912574635875","potions_obtained":[{"floor":6,"key":"Regen Potion"},{"floor":12,"key":"AttackPotion"},{"floor":14,"key":"FairyPotion"},{"floor":14,"key":"Poison Potion"},{"floor":14,"key":"Explosive Potion"},{"floor":21,"key":"Regen Potion"},{"floor":29,"key":"Energy Potion"},{"floor":30,"key":"Swift Potion"}],"is_trial":false,"path_per_floor":["M","M","?","?","$","E","?","T","T","M","?","E","$","?","R","B",null,"M","T","M","M","$","R","M","?","T","R","$","M","M","?","R","B",null,"M","?","M","$","?","R","$","E","T","$","$","?","R","?","R","B",null],"character_chosen":"DEFECT","items_purchased":["White Noise","Go for the Eyes","Bird Faced Urn","Loop+1","Chill","Vajra","Blind","Blizzard","Barrage","Coolheaded","Mayhem+1","Anchor","Force Field+1"],"campfire_rested":0,"item_purchase_floors":[5,5,13,13,13,22,22,28,38,38,38,41,44],"current_hp_per_floor":[75,75,60,35,35,35,35,35,35,35,35,41,41,41,41,22,75,54,54,60,65,65,65,50,50,50,50,50,45,48,48,48,43,75,45,45,59,59,56,56,56,74,74,74,74,75,75,75,75,38],"gold":195,"neow_bonus":"THREE_ENEMY_KILL","is_prod":false,"is_daily":false,"chose_seed":false,"campfire_upgraded":3,"win_rate":0,"timestamp":1565111813,"path_taken":["M","M","?","?","?","E","?","?","T","M","?","E","$","?","R","BOSS","M","?","M","M","$","R","M","?","T","R","$","M","M","?","R","BOSS","M","?","M","$","?","R","$","E","T","?","$","?","R","?","R","BOSS"],"build_version":"2019-07-17","purchased_purges":0,"victory":true,"max_hp_per_floor":[75,75,75,75,75,75,75,75,75,75,75,75,75,75,75,75,75,75,75,75,75,75,75,75,75,75,75,75,75,75,75,75,75,75,75,75,75,75,75,75,75,75,75,75,75,75,75,75,75,75],"card_choices":[{"not_picked":["Sweeping Beam","Rebound"],"picked":"Consume","floor":1},{"not_picked":["Streamline","Reprogram"],"picked":"Stack","floor":2},{"not_picked":["Steam","Stack"],"picked":"Chill","floor":6},{"not_picked":["Auto Shields","Beam Cell"],"picked":"Reinforced Body","floor":10},{"not_picked":["Streamline","Buffer+1"],"picked":"Hologram","floor":12},{"not_picked":["Machine Learning+1","Reboot"],"picked":"Biased Cognition+1","floor":16},{"not_picked":["Stack","Conserve Battery"],"picked":"Skim+1","floor":18},{"not_picked":["Compile Driver","Stack+1"],"picked":"Rebound","floor":20},{"not_picked":["Force Field","Steam"],"picked":"Machine Learning+1","floor":21},{"not_picked":["Hologram","Go for the Eyes"],"picked":"Biased Cognition+1","floor":24},{"not_picked":["Reinforced Body","Redo+1"],"picked":"Beam Cell","floor":29},{"not_picked":["Gash","Auto Shields+1"],"picked":"Hologram+1","floor":30},{"not_picked":["All For One","Reboot"],"picked":"Biased Cognition+1","floor":33},{"not_picked":["Conserve Battery","Steam+1"],"picked":"Double Energy+1","floor":35},{"not_picked":["Barrage","Redo+1"],"picked":"Loop+1","floor":37},{"not_picked":["Leap+1","Scrape"],"picked":"Gash","floor":39},{"not_picked":["Scrape+1","Steam+1"],"picked":"Barrage","floor":42},{"not_picked":["Ball Lightning","Darkness+1"],"picked":"Go for the Eyes+1","floor":46}],"player_experience":26759,"relics_obtained":[{"floor":6,"key":"Peace Pipe"},{"floor":8,"key":"Shuriken"},{"floor":9,"key":"Frozen Egg 2"},{"floor":12,"key":"Old Coin"},{"floor":19,"key":"Whetstone"},{"floor":26,"key":"Potion Belt"},{"floor":39,"key":"Girya"},{"floor":42,"key":"Kunai"},{"floor":43,"key":"Toxic Egg 2"},{"floor":46,"key":"Gambling Chip"}],"event_choices":[{"damage_healed":0,"gold_gain":0,"player_choice":"Entered Light","damage_taken":15,"max_hp_gain":0,"max_hp_loss":0,"event_name":"Shining Light","floor":3,"gold_loss":0,"cards_upgraded":["Zap","Defend_B"]},{"damage_healed":0,"gold_gain":0,"player_choice":"Success","damage_taken":25,"relics_obtained":["Juzu Bracelet"],"max_hp_gain":0,"max_hp_loss":0,"event_name":"Scrap Ooze","floor":4,"gold_loss":0},{"damage_healed":0,"gold_gain":0,"player_choice":"Trade","damage_taken":0,"relics_obtained":["SsserpentHead"],"max_hp_gain":0,"max_hp_loss":0,"event_name":"FaceTrader","floor":7,"gold_loss":0},{"damage_healed":0,"gold_gain":0,"cards_transformed":["Consume"],"player_choice":"Change","damage_taken":0,"max_hp_gain":0,"max_hp_loss":0,"event_name":"Living Wall","floor":11,"gold_loss":0,"cards_obtained":["Aggregate"]},{"damage_healed":0,"gold_gain":0,"player_choice":"Got Potions","damage_taken":0,"max_hp_gain":0,"max_hp_loss":0,"event_name":"Lab","floor":14,"gold_loss":0},{"damage_healed":0,"gold_gain":0,"player_choice":"3 cards matched","damage_taken":0,"max_hp_gain":0,"max_hp_loss":0,"event_name":"Match and Keep!","floor":25,"gold_loss":0,"cards_obtained":["Enlightenment","Zap","Doom and Gloom"]},{"damage_healed":0,"gold_gain":0,"cards_transformed":["Stack","Enlightenment"],"player_choice":"Became Test Subject","damage_taken":0,"max_hp_gain":0,"max_hp_loss":0,"event_name":"Drug Dealer","floor":31,"gold_loss":0,"cards_obtained":["Leap","Sadistic Nature"]},{"damage_healed":0,"gold_gain":0,"player_choice":"Ignored","damage_taken":0,"max_hp_gain":0,"max_hp_loss":0,"event_name":"Tomb of Lord Red Mask","floor":36,"gold_loss":0},{"damage_healed":0,"gold_gain":0,"player_choice":"Fight","damage_taken":0,"max_hp_gain":0,"max_hp_loss":0,"event_name":"MindBloom","floor":39,"gold_loss":0},{"damage_healed":0,"gold_gain":0,"player_choice":"Fight","damage_taken":0,"max_hp_gain":0,"max_hp_loss":0,"event_name":"Mysterious Sphere","floor":46,"gold_loss":0},{"damage_healed":0,"gold_gain":0,"player_choice":"Rummage","damage_taken":0,"relics_obtained":["WarpedTongs"],"max_hp_gain":0,"max_hp_loss":0,"event_name":"Accursed Blacksmith","floor":48,"gold_loss":0,"cards_obtained":["Pain"]}],"is_beta":false,"boss_relics":[{"not_picked":["Fusion Hammer","Sozu"],"picked":"Runic Pyramid"},{"not_picked":["Calling Bell","Orrery"],"picked":"Coffee Dripper"}],"items_purged_floors":[],"is_endless":false,"potions_floor_spawned":[6,12,16,21,24,29,30],"ascension_level":1}