{"gold_per_floor":[116,128,128,139,26,59,77,103,133,33,63,82,82,28,28,130,130,147,107,83,103,103,130,59,59,85,116,128,128,141,47,47,148,148,162,162,162,37,54,82,82,108,108,18,18,18,18,118,118,118],"floor_reached":51,"playtime":2726,"items_purged":["Strike_B","Strike_B","Strike_B"],"score":832,"play_id":"287e5a32-57f5-4cd7-a02e-02d3e1b638dc","local_time":"20190714204210","is_ascension_mode":false,"campfire_choices":[{"floor":13.0,"key":"REST"},{"data":"Loop","floor":15.0,"key":"SMITH"},{"data":"Loop","floor":25.0,"key":"SMITH"},{"data":"Biased Cognition","floor":32.0,"key":"SMITH"},{"data":"Zap","floor":41.0,"key":"SMITH"},{"data":"Tempest","floor":47,"key":"SMITH"},{"floor":49,"key":"REST"}],"neow_cost":"NONE","seed_source_timestamp":101223578190105,"circlet_count":0,"master_deck":["Defend_B","Defend_B+1","Defend_B","Defend_B","Zap+1","Dualcast","Go for the Eyes","Sweeping Beam","Go for the Eyes","Melter+1","Loop+1","Self Repair","Biased Cognition+1","Glacier","Coolheaded","Machine Learning","Loop+1","Gash","Chill+1","Rainbow","Capacitor+1","Loop+1","Chill+1","BootSequence","Defragment+1","Gash+1","Electrodynamics+1","Capacitor+1","All For One","Tempest+1"],"special_seed":0,"relics":["Cracked Core","Juzu Bracelet","Anchor","Tiny Chest","Mercury Hourglass","Inserter","Frozen Egg 2","Pen Nib","Gambling Chip","Cursed Key","Blood Vial","Whetstone","Darkstone Periapt","Bird Faced Urn"],"potions_floor_usage":[42],"damage_taken":[{"damage":2.0,"enemies":"2 Louse","floor":1.0,"turns":3.0},{"damage":0.0,"enemies":"Cultist","floor":2.0,"turns":3.0},{"damage":6.0,"enemies":"Jaw Worm","floor":4.0,"turns":3.0},{"damage":11.0,"enemies":"Lagavulin","floor":6.0,"turns":6.0},{"damage":4.0,"enemies":"Exordium Thugs","floor":7.0,"turns":5.0},{"damage":21.0,"enemies":"3 Sentries","floor":8.0,"turns":6.0},{"damage":24.0,"enemies":"Lagavulin","floor":11.0,"turns":8.0},{"damage":13.0,"enemies":"2 Fungi Beasts","floor":12.0,"turns":3.0},{"damage":0.0,"enemies":"Slime Boss","floor":16.0,"turns":13.0},{"damage":0.0,"enemies":"Chosen","floor":18.0,"turns":3.0},{"damage":4.0,"enemies":"Spheric Guardian","floor":21.0,"turns":3.0},{"damage":13.0,"enemies":"Gremlin Leader","floor":23.0,"turns":10.0},{"damage":0.0,"enemies":"Book of Stabbing","floor":27.0,"turns":7.0},{"damage":9.0,"enemies":"Snecko","floor":28.0,"turns":5.0},{"damage":12.0,"enemies":"Colosseum Slavers","floor":29.0,"turns":6.0},{"damage":18.0,"enemies":"Snake Plant","floor":30.0,"turns":4.0},{"damage":5.0,"enemies":"Champ","floor":33.0,"turns":11.0},{"damage":0.0,"enemies":"3 Shapes","floor":35.0,"turns":5.0},{"damage":1.0,"enemies":"Orb Walker","floor":39.0,"turns":4.0},{"damage":35.0,"enemies":"Reptomancer","floor":40.0,"turns":6.0},{"damage":16,"enemies":"Nemesis","floor":42,"turns":7},{"damage":0,"enemies":"Mind Bloom Boss Battle","floor":48,"turns":4},{"damage":29,"enemies":"Time Eater","floor":50,"turns":9}],"seed_played":"3621872299367738570","potions_obtained":[{"floor":0.0,"key":"FearPotion"},{"floor":0.0,"key":"AttackPotion"},{"floor":0.0,"key":"FearPotion"},{"floor":1.0,"key":"Weak Potion"},{"floor":8.0,"key":"LiquidBronze"},{"floor":12.0,"key":"Swift Potion"},{"floor":18.0,"key":"Strength Potion"},{"floor":19.0,"key":"Explosive Potion"},{"floor":27.0,"key":"Swift Potion"},{"floor":28.0,"key":"SpeedPotion"},{"floor":35.0,"key":"FearPotion"},{"floor":48,"key":"Ancient Potion"}],"is_trial":false,"path_per_floor":["M","M","?","M","$","E","M","E","T","$","E","M","R","$","R","B",null,"M","?","$","M","?","E","$","R","T","E","M","?","M","$","R","B",null,"M","?","?","$","M","E","R","E","T","?","$","?","R","?","R","B",null],"character_chosen":"DEFECT","items_purchased":["Melter","Coolheaded","Gash","Capacitor+1","Defragment+1","Gash"],"campfire_rested":2,"item_purchase_floors":[5,14,20,24,31,31],"current_hp_per_floor":[73,73,73,67,67,56,52,31,31,31,14,8,30,30,30,37,75,75,75,75,71,57,51,51,51,51,58,56,51,33,33,33,35,80,80,80,80,80,80,52,52,45,45,45,45,45,45,54,76,62],"gold":118,"neow_bonus":"THREE_SMALL_POTIONS","is_prod":false,"is_daily":false,"chose_seed":false,"campfire_upgraded":5,"win_rate":0.0,"timestamp":1563154930,"path_taken":["M","M","?","M","$","E","M","E","T","$","E","M","R","?","R","BOSS","M","?","?","M","?","E","$","R","T","E","M","?","M","?","R","BOSS","M","?","?","$","M","E","R","E","T","?","?","?","R","?","R","BOSS"],"build_version":"2019-07-05","purchased_purges":3,"victory":true,"max_hp_per_floor":[75,75,75,75,75,75,75,75,75,75,75,75,75,75,75,75,75,75,75,75,75,80,80,80,80,80,80,80,80,80,80,80,80,80,80,80,80,80,80,80,80,80,80,80,80,76,76,76,76,76],"card_choices":[{"not_picked":["Beam Cell","Consume"],"picked":"Go for the Eyes","floor":1.0},{"not_picked":["Leap","Tempest"],"picked":"Sweeping Beam","floor":2.0},{"not_picked":["Amplify","Barrage"],"picked":"Go for the Eyes","floor":4.0},{"not_picked":["Beam Cell","Amplify","Compile Driver"],"picked":"SKIP","floor":6.0},{"not_picked":["Sweeping Beam","Conserve Battery"],"picked":"Loop","floor":7.0},{"not_picked":["Barrage","Blizzard"],"picked":"Self Repair","floor":8.0},{"not_picked":["Rebound","Reprogram"],"picked":"Biased Cognition","floor":11.0},{"not_picked":["Steam","Sweeping Beam"],"picked":"Glacier","floor":12.0},{"not_picked":["Buffer","Amplify"],"picked":"Machine Learning","floor":16.0},{"not_picked":["Genetic Algorithm+1","Hologram"],"picked":"Loop","floor":18.0},{"not_picked":["Consume","Ball Lightning"],"picked":"Chill+1","floor":21.0},{"not_picked":["Skim","Leap"],"picked":"Rainbow","floor":23.0},{"not_picked":["Hologram","Buffer+1"],"picked":"Loop+1","floor":27.0},{"not_picked":["Glacier","Skim+1"],"picked":"Chill+1","floor":28.0},{"not_picked":["Lockon+1","FTL"],"picked":"BootSequence","floor":30.0},{"not_picked":["Amplify","Thunder Strike"],"picked":"Electrodynamics+1","floor":33.0},{"not_picked":["Rebound+1","Hello World+1","Coolheaded"],"picked":"SKIP","floor":35.0},{"not_picked":["Hologram","Cold Snap"],"picked":"Capacitor+1","floor":39.0},{"not_picked":["Barrage+1","Go for the Eyes+1"],"picked":"All For One","floor":40.0},{"not_picked":["Steam+1","Fusion"],"picked":"Tempest","floor":42}],"player_experience":209331,"relics_obtained":[{"floor":6.0,"key":"Juzu Bracelet"},{"floor":8.0,"key":"Anchor"},{"floor":9.0,"key":"Tiny Chest"},{"floor":11.0,"key":"Mercury Hourglass"},{"floor":23.0,"key":"Frozen Egg 2"},{"floor":26.0,"key":"Pen Nib"},{"floor":27.0,"key":"Gambling Chip"},{"floor":40.0,"key":"Blood Vial"},{"floor":42,"key":"Whetstone"},{"floor":43,"key":"Darkstone Periapt"},{"floor":48,"key":"Bird Faced Urn"}],"event_choices":[{"damage_healed":0.0,"max_hp_gain":0.0,"max_hp_loss":0.0,"gold_gain":0.0,"event_name":"NoteForYourself","player_choice":"Ignored","floor":3.0,"gold_loss":0.0,"damage_taken":0.0},{"damage_healed":0.0,"max_hp_gain":0.0,"max_hp_loss":0.0,"gold_gain":0.0,"event_name":"The Woman in Blue","player_choice":"Bought 3 Potions","floor":19.0,"gold_loss":0.0,"damage_taken":0.0},{"damage_healed":0.0,"max_hp_gain":5.0,"max_hp_loss":0.0,"gold_gain":0.0,"event_name":"Forgotten Altar","player_choice":"Shed Blood","floor":22.0,"gold_loss":0.0,"damage_taken":19.0},{"damage_healed":0.0,"max_hp_gain":0.0,"max_hp_loss":0.0,"gold_gain":0.0,"event_name":"Colosseum","player_choice":"Fight","floor":29.0,"gold_loss":0.0,"damage_taken":0.0},{"damage_healed":0.0,"max_hp_gain":0.0,"max_hp_loss":0.0,"gold_gain":0.0,"event_name":"Colosseum","player_choice":"Fled From Nobs","floor":29.0,"gold_loss":0.0,"damage_taken":0.0},{"damage_healed":0.0,"max_hp_gain":0.0,"max_hp_loss":0.0,"gold_gain":0.0,"event_name":"Tomb of Lord Red Mask","player_choice":"Ignored","floor":36.0,"gold_loss":0.0,"damage_taken":0.0},{"cards_removed":["Strike_B"],"damage_healed":0.0,"max_hp_gain":0.0,"max_hp_loss":0.0,"gold_gain":0.0,"event_name":"Purifier","player_choice":"Purged","floor":37.0,"gold_loss":0.0,"damage_taken":0.0},{"cards_removed":["Normality"],"damage_healed":0,"gold_gain":0,"player_choice":"Upgrade and Remove","damage_taken":0,"max_hp_gain":0,"max_hp_loss":0,"event_name":"Designer","floor":44,"gold_loss":90,"cards_upgraded":["Defend_B"]},{"damage_healed":0,"gold_gain":0,"player_choice":"Max HP","damage_taken":0,"max_hp_gain":0,"max_hp_loss":4,"event_name":"Winding Halls","floor":46,"gold_loss":0},{"damage_healed":0,"gold_gain":0,"player_choice":"Fight","damage_taken":0,"max_hp_gain":0,"max_hp_loss":0,"event_name":"MindBloom","floor":48,"gold_loss":0}],"is_beta":false,"boss_relics":[{"not_picked":["Philosopher\u0027s Stone","Runic Pyramid"],"picked":"Inserter"},{"not_picked":["Coffee Dripper","FrozenCore"],"picked":"Cursed Key"}],"items_purged_floors":[5,10,38],"is_endless":false,"potions_floor_spawned":[1,8,12,18,27,28,35,48],"ascension_level":0}