{"gold_per_floor":[366,380,397,13,28,28,28,28,28,60,80,80,80,95,95,198,198,208,227,238,250,269,269,285,285,285,305,331,331],"floor_reached":29,"playtime":6221,"items_purged":[],"score":276,"play_id":"258c9947-bb59-4903-baa3-0a94157a6297","local_time":"20190130162221","is_ascension_mode":false,"campfire_choices":[{"floor":6,"key":"REST"},{"floor":8,"key":"REST"},{"floor":13,"key":"REST"},{"floor":15,"key":"REST"},{"floor":23,"key":"REST"}],"neow_cost":"CURSE","seed_source_timestamp":1456781659442222,"circlet_count":0,"master_deck":["Defend_G","Defend_G","Defend_G","Defend_G","Defend_G","Survivor","Neutralize","Clumsy","Outmaneuver","Deadly Poison","Blade Dance","Noxious Fumes","Bane","Dash","Catalyst","PiercingWail","Poisoned Stab","After Image+1","Dagger Throw","Acrobatics","Footwork+1","Escape Plan","Crippling Poison","Reflex+1","Bite","Bite","Bite","Bite","Bite","Tactician","Bouncing Flask"],"relics":["Ring of the Serpent","Letter Opener","Bottled Flame","Frozen Egg 2","Mummified Hand","Mercury Hourglass","Bag of Preparation"],"potions_floor_usage":[10,16,16,16,24,28],"damage_taken":[{"damage":0,"enemies":"Jaw Worm","floor":1,"turns":8},{"damage":12,"enemies":"Cultist","floor":2,"turns":5},{"damage":2,"enemies":"Small Slimes","floor":3,"turns":5},{"damage":29,"enemies":"Exordium Thugs","floor":5,"turns":7},{"damage":66,"enemies":"Gremlin Nob","floor":10,"turns":5},{"damage":0,"enemies":"3 Louse","floor":11,"turns":3},{"damage":3,"enemies":"Exordium Wildlife","floor":14,"turns":4},{"damage":37,"enemies":"Slime Boss","floor":16,"turns":12},{"damage":11,"enemies":"Spheric Guardian","floor":18,"turns":7},{"damage":4,"enemies":"Shell Parasite","floor":19,"turns":6},{"damage":10,"enemies":"Centurion and Healer","floor":20,"turns":8},{"damage":16,"enemies":"Sentry and Sphere","floor":21,"turns":7},{"damage":0,"enemies":"Cultist and Chosen","floor":22,"turns":7},{"damage":1,"enemies":"Centurion and Healer","floor":24,"turns":9},{"damage":13,"enemies":"3 Cultists","floor":27,"turns":6},{"damage":31,"enemies":"Gremlin Leader","floor":28,"turns":6},{"damage":21,"enemies":"Masked Bandits","floor":29,"turns":3}],"seed_played":"6445530705561814979","potions_obtained":[{"floor":3,"key":"SteroidPotion"},{"floor":5,"key":"EssenceOfSteel"},{"floor":11,"key":"EssenceOfSteel"},{"floor":14,"key":"LiquidBronze"},{"floor":21,"key":"SpeedPotion"},{"floor":24,"key":"LiquidBronze"}],"is_trial":false,"path_per_floor":["M","M","M","$","M","R","?","R","T","E","M","T","R","M","R","B",null,"M","M","M","M","M","R","M","?","T","M","E","?"],"character_chosen":"THE_SILENT","items_purchased":["Letter Opener","Blade Dance","Noxious Fumes"],"campfire_rested":5,"item_purchase_floors":[4,4,4],"current_hp_per_floor":[70,58,56,56,27,48,48,69,69,3,3,3,24,21,42,5,70,59,55,45,29,29,50,49,49,49,40,17,0],"gold":331,"neow_bonus":"TWO_FIFTY_GOLD","is_prod":false,"is_daily":false,"chose_seed":false,"campfire_upgraded":0,"win_rate":0.0,"timestamp":1548861741,"path_taken":["M","M","M","$","M","R","?","R","T","E","M","?","R","M","R","BOSS","M","M","M","M","?","R","M","?","T","M","E","?"],"build_version":"2019-01-23","purchased_purges":0,"victory":false,"max_hp_per_floor":[70,70,70,70,70,70,70,70,70,70,70,70,70,70,70,70,70,70,70,70,70,70,70,70,49,49,49,49,49],"card_choices":[{"not_picked":["Footwork","Dagger Spray"],"picked":"Outmaneuver","floor":1},{"not_picked":["Flechettes","Crippling Poison"],"picked":"Deadly Poison","floor":2},{"not_picked":["Eviscerate","Dodge and Roll","Underhanded Strike"],"picked":"SKIP","floor":3},{"not_picked":["Prepared","Choke"],"picked":"Bane","floor":5},{"not_picked":["Underhanded Strike","Finisher"],"picked":"Catalyst","floor":10},{"not_picked":["Malaise","Underhanded Strike"],"picked":"PiercingWail","floor":11},{"not_picked":["Quick Slash","Slice"],"picked":"Poisoned Stab","floor":14},{"not_picked":["Phantasmal Killer","Venomology"],"picked":"After Image+1","floor":16},{"not_picked":["All Out Attack","Sucker Punch"],"picked":"Dagger Throw","floor":18},{"not_picked":["Endless Agony+1","Predator"],"picked":"Acrobatics","floor":19},{"not_picked":["Crippling Poison","Acrobatics+1"],"picked":"Footwork+1","floor":20},{"not_picked":["Prepared","Phantasmal Killer"],"picked":"Escape Plan","floor":21},{"not_picked":["Acrobatics","Blur"],"picked":"Crippling Poison","floor":22},{"not_picked":["Sucker Punch","Well Laid Plans+1"],"picked":"Reflex+1","floor":24},{"not_picked":["Flying Knee","Eviscerate"],"picked":"Tactician","floor":27},{"not_picked":["Finisher+1","Masterful Stab+1"],"picked":"Bouncing Flask","floor":28}],"player_experience":54958,"relics_obtained":[{"floor":9,"key":"Bottled Flame"},{"floor":10,"key":"Frozen Egg 2"},{"floor":12,"key":"Mummified Hand"},{"floor":26,"key":"Mercury Hourglass"},{"floor":28,"key":"Bag of Preparation"}],"event_choices":[{"damage_healed":0,"gold_gain":0,"cards_transformed":["Strike_G"],"player_choice":"Change","damage_taken":0,"max_hp_gain":0,"max_hp_loss":0,"event_name":"Living Wall","floor":7,"gold_loss":0,"cards_obtained":["Dash"]},{"damage_healed":0,"gold_gain":0,"player_choice":"Became a vampire","damage_taken":0,"max_hp_gain":0,"max_hp_loss":21,"event_name":"Vampires","floor":25,"gold_loss":0,"cards_obtained":["Bite","Bite","Bite","Bite","Bite"]},{"damage_healed":0,"gold_gain":0,"player_choice":"Fought Bandits","damage_taken":0,"max_hp_gain":0,"max_hp_loss":0,"event_name":"Masked Bandits","floor":29,"gold_loss":0}],"is_beta":false,"boss_relics":[{"not_picked":["Runic Pyramid","Philosopher\u0027s Stone"],"picked":"Ring of the Serpent"}],"items_purged_floors":[],"is_endless":false,"potions_floor_spawned":[3,5,11,14,21,24],"killed_by":"Masked Bandits","ascension_level":0}