{"gold_per_floor":[113,125,137,155,175,175,205,205,253,281,281,296,147,167,167,268,268,286,300,300,300,313,346,346,381,404,404,184,197,197,216,216,216],"floor_reached":33,"playtime":1716,"items_purged":["Strike_B"],"score":389,"play_id":"90e277cd-8754-45b2-a9f3-93e3e31fc3d8","local_time":"20190803220311","is_ascension_mode":true,"campfire_choices":[{"data":"Streamline","floor":6.0,"key":"SMITH"},{"data":"Zap","floor":8.0,"key":"SMITH"},{"data":"Chill","floor":11.0,"key":"SMITH"},{"floor":15.0,"key":"REST"},{"floor":24.0,"key":"REST"},{"floor":27.0,"key":"REST"},{"data":"Reboot","floor":30.0,"key":"SMITH"},{"floor":32.0,"key":"REST"}],"neow_cost":"NONE","seed_source_timestamp":0,"circlet_count":0,"master_deck":["Zap+1","Dualcast","Chill+1","Gash","Ball Lightning","Streamline+1","Cold Snap","Gash","Auto Shields","Coolheaded","Go for the Eyes","Melter","Echo Form","Meteor Strike","Amplify","Gash","Reboot+1","Tempest","BootSequence+1","Hologram","Darkness","Coolheaded+1","Storm","Go for the Eyes","Apotheosis","Conserve Battery+1","Heatsinks"],"special_seed":0,"relics":["Cracked Core","Blue Candle","Potion Belt","Shuriken","Pandora\u0027s Box","Vajra","Dead Branch","Dream Catcher"],"potions_floor_usage":[33,33,33,33],"damage_taken":[{"damage":9.0,"enemies":"Jaw Worm","floor":1.0,"turns":3.0},{"damage":0.0,"enemies":"Small Slimes","floor":2.0,"turns":3.0},{"damage":1.0,"enemies":"2 Louse","floor":3.0,"turns":2.0},{"damage":9.0,"enemies":"Exordium Wildlife","floor":4.0,"turns":3.0},{"damage":0.0,"enemies":"Gremlin Gang","floor":5.0,"turns":4.0},{"damage":19.0,"enemies":"Lagavulin","floor":7.0,"turns":6.0},{"damage":5.0,"enemies":"3 Sentries","floor":10.0,"turns":7.0},{"damage":11.0,"enemies":"Blue Slaver","floor":12.0,"turns":2.0},{"damage":0.0,"enemies":"Lots of Slimes","floor":14.0,"turns":5.0},{"damage":18.0,"enemies":"Slime Boss","floor":16.0,"turns":9.0},{"damage":31.0,"enemies":"2 Thieves","floor":18.0,"turns":4.0},{"damage":13.0,"enemies":"Shell Parasite","floor":19.0,"turns":4.0},{"damage":11.0,"enemies":"Centurion and Healer","floor":22.0,"turns":7.0},{"damage":19.0,"enemies":"Book of Stabbing","floor":23.0,"turns":5.0},{"damage":18.0,"enemies":"Gremlin Leader","floor":25.0,"turns":6.0},{"damage":24.0,"enemies":"Snake Plant","floor":29.0,"turns":3.0},{"damage":12.0,"enemies":"Snecko","floor":31.0,"turns":5.0},{"damage":39,"enemies":"Automaton","floor":33,"turns":6}],"seed_played":"-644441775148161248","potions_obtained":[{"floor":1.0,"key":"LiquidBronze"},{"floor":5.0,"key":"EssenceOfSteel"},{"floor":10.0,"key":"SteroidPotion"},{"floor":12.0,"key":"FearPotion"},{"floor":22.0,"key":"FearPotion"},{"floor":23.0,"key":"AttackPotion"},{"floor":29.0,"key":"Dexterity Potion"},{"floor":31.0,"key":"Swift Potion"}],"is_trial":false,"path_per_floor":["M","M","M","M","M","R","E","R","T","E","R","M","$","M","R","B",null,"M","M","?","?","M","E","R","E","T","R","$","M","R","M","R","B"],"character_chosen":"DEFECT","items_purchased":["Go for the Eyes","PowerPotion","Apotheosis","PowerPotion"],"campfire_rested":4,"item_purchase_floors":[13,13,28,28],"current_hp_per_floor":[66,66,65,56,56,56,37,37,37,32,32,21,21,21,45,27,68,37,24,24,51,40,21,45,27,27,51,51,27,27,15,39,0],"gold":216,"neow_bonus":"TEN_PERCENT_HP_BONUS","is_prod":false,"is_daily":false,"chose_seed":false,"campfire_upgraded":4,"win_rate":0,"timestamp":1564887791,"path_taken":["M","M","M","M","M","R","E","R","T","E","R","M","$","M","R","BOSS","M","M","?","?","M","E","R","E","T","R","$","M","R","M","R","BOSS"],"build_version":"2019-07-17","purchased_purges":1,"victory":false,"max_hp_per_floor":[82,82,82,82,82,82,82,82,82,82,82,82,82,82,82,82,82,82,82,82,82,82,82,82,82,82,82,82,82,82,82,82,82],"card_choices":[{"not_picked":["Compile Driver","Leap"],"picked":"Chill","floor":1.0},{"not_picked":["Conserve Battery","Streamline"],"picked":"Gash","floor":2.0},{"not_picked":["Doom and Gloom","Double Energy"],"picked":"Ball Lightning","floor":3.0},{"not_picked":["Turbo","Recycle"],"picked":"Streamline","floor":4.0},{"not_picked":["Coolheaded","Sweeping Beam"],"picked":"Cold Snap","floor":5.0},{"not_picked":["Aggregate","Tempest"],"picked":"Gash","floor":7.0},{"not_picked":["Reinforced Body","Amplify"],"picked":"Auto Shields","floor":10.0},{"not_picked":["Steam","Conserve Battery"],"picked":"Coolheaded","floor":12.0},{"not_picked":["Ball Lightning","Amplify"],"picked":"Melter","floor":14.0},{"not_picked":["Meteor Strike","Reboot"],"picked":"Echo Form","floor":16.0},{"not_picked":["Consume","Turbo+1","Compile Driver"],"picked":"SKIP","floor":18.0},{"not_picked":["Fusion","Redo"],"picked":"BootSequence+1","floor":19.0},{"not_picked":["Stack","Skim+1"],"picked":"Coolheaded+1","floor":22.0},{"not_picked":["Leap","Rebound"],"picked":"Storm","floor":23.0},{"not_picked":["Echo Form","Coolheaded"],"picked":"Go for the Eyes","floor":25.0},{"not_picked":["Streamline","Barrage"],"picked":"Conserve Battery+1","floor":29.0},{"not_picked":["Coolheaded","Redo"],"picked":"Heatsinks","floor":31.0}],"player_experience":240095,"relics_obtained":[{"floor":7.0,"key":"Blue Candle"},{"floor":9.0,"key":"Potion Belt"},{"floor":10.0,"key":"Shuriken"},{"floor":23.0,"key":"Vajra"},{"floor":25.0,"key":"Dead Branch"},{"floor":26.0,"key":"Dream Catcher"}],"event_choices":[{"damage_healed":0.0,"max_hp_gain":0.0,"max_hp_loss":0.0,"gold_gain":0.0,"cards_transformed":["Streamline","Hello World"],"event_name":"Drug Dealer","player_choice":"Became Test Subject","floor":20.0,"gold_loss":0.0,"damage_taken":0.0,"cards_obtained":["Hologram","Darkness"]},{"damage_healed":27.0,"max_hp_gain":0.0,"max_hp_loss":0.0,"gold_gain":0.0,"event_name":"The Library","player_choice":"Heal","floor":21.0,"gold_loss":0.0,"damage_taken":0.0}],"is_beta":false,"boss_relics":[{"not_picked":["Eternal Feather","Tiny House"],"picked":"Pandora\u0027s Box"}],"items_purged_floors":[13],"is_endless":false,"potions_floor_spawned":[1,5,10,12,22,23,29,31],"killed_by":"Automaton","ascension_level":6}