{"gold_per_floor":[210,228,247,68,118,148,148,60,60,60,76,106,106,131,131,207,207,222,240,250,165,177,205,220,220,271,271,318,345,345,359,359,434,434,446,457,122,136,136,136,236,263,263,263,263,291,291,307,307,307,307,307,135,168,168],"floor_reached":55,"playtime":2387,"items_purged":["Strike_R","Defend_R"],"score":1290,"play_id":"153db710-a001-4832-a1ae-5903a8dcd58d","local_time":"20190416194703","is_ascension_mode":true,"campfire_choices":[{"data":"Armaments","floor":7.0,"key":"SMITH"},{"data":"Bash","floor":10.0,"key":"SMITH"},{"data":"Shrug It Off","floor":13.0,"key":"SMITH"},{"floor":15.0,"key":"REST"},{"data":"Demon Form","floor":25.0,"key":"SMITH"},{"floor":27.0,"key":"REST"},{"data":"Juggernaut","floor":30.0,"key":"SMITH"},{"data":"Shockwave","floor":32.0,"key":"SMITH"},{"data":"Metallicize","floor":40.0,"key":"SMITH"},{"floor":44,"key":"REST"},{"floor":47,"key":"RECALL"},{"data":"Battle Trance","floor":49,"key":"SMITH"},{"floor":52,"key":"REST"}],"neow_cost":"NONE","seed_source_timestamp":25310258865277,"circlet_count":0,"master_deck":["AscendersBane","Strike_R","Strike_R","Defend_R","Defend_R","Defend_R","Bash+1","Battle Trance+1","Sword Boomerang","Armaments+1","Shrug It Off+1","Ghostly Armor","Dropkick","Demon Form+1","Shockwave+1","Reaper","Juggernaut+1","Spot Weakness","Impervious","True Grit+1","Metallicize+1","Iron Wave+1","Clothesline+1"],"special_seed":0,"relics":["Burning Blood","Anchor","Question Card","Bronze Scales","Singing Bowl","Odd Mushroom","Velvet Choker","Bag of Marbles","Strawberry","Lantern","Omamori","Happy Flower","Empty Cage","Kunai","Incense Burner","Pen Nib","Paper Frog","Magic Flower"],"potions_floor_usage":[45,55,55],"damage_taken":[{"damage":6.0,"enemies":"Cultist","floor":1.0,"turns":4.0},{"damage":9.0,"enemies":"Jaw Worm","floor":2.0,"turns":4.0},{"damage":0.0,"enemies":"2 Louse","floor":3.0,"turns":3.0},{"damage":33.0,"enemies":"Lagavulin","floor":6.0,"turns":8.0},{"damage":5.0,"enemies":"Exordium Thugs","floor":11.0,"turns":4.0},{"damage":21.0,"enemies":"3 Sentries","floor":12.0,"turns":8.0},{"damage":13.0,"enemies":"The Mushroom Lair","floor":14.0,"turns":5.0},{"damage":50.0,"enemies":"The Guardian","floor":16.0,"turns":15.0},{"damage":9.0,"enemies":"Shell Parasite","floor":18.0,"turns":5.0},{"damage":0.0,"enemies":"3 Byrds","floor":19.0,"turns":4.0},{"damage":8.0,"enemies":"Centurion and Healer","floor":20.0,"turns":5.0},{"damage":24.0,"enemies":"Snake Plant","floor":22.0,"turns":6.0},{"damage":28.0,"enemies":"Gremlin Leader","floor":23.0,"turns":7.0},{"damage":42.0,"enemies":"3 Cultists","floor":24.0,"turns":6.0},{"damage":22.0,"enemies":"Book of Stabbing","floor":29.0,"turns":5.0},{"damage":20.0,"enemies":"Snecko","floor":31.0,"turns":4.0},{"damage":28.0,"enemies":"Collector","floor":33.0,"turns":10.0},{"damage":1.0,"enemies":"Orb Walker","floor":35.0,"turns":4.0},{"damage":19.0,"enemies":"3 Darklings","floor":36.0,"turns":9.0},{"damage":52.0,"enemies":"4 Shapes","floor":38.0,"turns":8.0},{"damage":43.0,"enemies":"Mind Bloom Boss Battle","floor":41.0,"turns":8.0},{"damage":50.0,"enemies":"Giant Head","floor":42.0,"turns":9.0},{"damage":0,"enemies":"2 Orb Walkers","floor":45,"turns":2},{"damage":18,"enemies":"Nemesis","floor":46,"turns":7},{"damage":16,"enemies":"Transient","floor":48,"turns":5},{"damage":94,"enemies":"Awakened One","floor":50,"turns":11},{"damage":53,"enemies":"Shield and Spear","floor":54,"turns":7},{"damage":104,"enemies":"The Heart","floor":55,"turns":5}],"seed_played":"1823060342458845445","potions_obtained":[{"floor":2.0,"key":"Block Potion"},{"floor":3.0,"key":"Swift Potion"},{"floor":11.0,"key":"Swift Potion"},{"floor":14.0,"key":"Regen Potion"},{"floor":18.0,"key":"AttackPotion"},{"floor":20.0,"key":"Weak Potion"},{"floor":23.0,"key":"LiquidBronze"},{"floor":29.0,"key":"AttackPotion"},{"floor":35.0,"key":"SmokeBomb"},{"floor":46,"key":"SpeedPotion"}],"is_trial":false,"path_per_floor":["M","M","M","$","?","E","R","$","T","R","M","E","R","?","R","B",null,"M","M","M","?","M","E","M","R","T","R","T","E","R","M","R","B",null,"M","M","$","M","?","R","?","E","T","R","?","E","R","M","R","B",null,"R","$","E","B"],"character_chosen":"IRONCLAD","items_purchased":["Anchor","Armaments","Shrug It Off","Ghostly Armor","Kunai","Ancient Potion"],"campfire_rested":4,"item_purchase_floors":[4,4,8,8,37,53],"current_hp_per_floor":[68,65,71,71,71,44,44,44,44,44,45,32,32,27,50,18,64,61,69,67,67,59,44,32,32,32,59,59,45,45,52,52,47,82,87,94,94,66,85,85,48,37,37,66,72,75,75,84,84,15,80,102,102,102,0],"gold":168,"neow_bonus":"HUNDRED_GOLD","is_prod":false,"is_daily":false,"chose_seed":false,"campfire_upgraded":8,"win_rate":0,"timestamp":1555433223,"path_taken":["M","?","M","$","?","E","R","?","T","R","M","E","R","?","R","BOSS","M","M","M","?","M","E","M","R","T","R","?","E","R","M","R","BOSS","M","M","$","M","?","R","?","E","T","R","?","E","R","M","R","BOSS","R","$","E","BOSS"],"build_version":"2019-01-23","purchased_purges":2,"victory":false,"max_hp_per_floor":[75,75,75,75,75,75,75,75,75,75,75,77,77,79,79,79,79,79,81,81,81,83,90,90,90,90,90,90,92,92,94,94,94,94,94,94,94,96,96,96,96,98,98,98,98,100,100,102,102,102,102,102,102,102,102],"card_choices":[{"not_picked":["Iron Wave","Rage"],"picked":"Battle Trance","floor":1.0},{"not_picked":["Battle Trance","Power Through"],"picked":"Sword Boomerang","floor":2.0},{"not_picked":["Rampage","Wild Strike","Dropkick"],"picked":"SKIP","floor":3.0},{"not_picked":["Sword Boomerang","Entrench","Wild Strike"],"picked":"SKIP","floor":6.0},{"not_picked":["Hemokinesis","Blood for Blood","Warcry"],"picked":"Dropkick","floor":11.0},{"not_picked":["Shockwave","Blood for Blood","Havoc","Clash"],"picked":"Singing Bowl","floor":12.0},{"not_picked":["Armaments","Pommel Strike","Reckless Charge","Heavy Blade"],"picked":"Singing Bowl","floor":14.0},{"not_picked":["Barricade","Exhume","Impervious"],"picked":"Demon Form","floor":16.0},{"not_picked":["Rampage+1","Perfected Strike","True Grit"],"picked":"Shockwave","floor":18.0},{"not_picked":["Cleave","Clothesline","Pummel","True Grit"],"picked":"Singing Bowl","floor":19.0},{"not_picked":["Sword Boomerang","Havoc","Uppercut+1"],"picked":"Reaper","floor":20.0},{"not_picked":["Clothesline","Clash","Anger+1","Wild Strike"],"picked":"Singing Bowl","floor":22.0},{"not_picked":["Flex","Headbutt","Sword Boomerang+1"],"picked":"Juggernaut","floor":23.0},{"not_picked":["Iron Wave","Anger","True Grit"],"picked":"Spot Weakness","floor":24.0},{"not_picked":["Shrug It Off","Headbutt","Clothesline","Rupture"],"picked":"Singing Bowl","floor":29.0},{"not_picked":["Bloodletting","Fiend Fire","Perfected Strike","Reckless Charge"],"picked":"Singing Bowl","floor":31.0},{"not_picked":["Dark Embrace","Bludgeon","Feed"],"picked":"Impervious","floor":33.0},{"not_picked":["Perfected Strike+1","Blood for Blood","Cleave"],"picked":"True Grit+1","floor":35.0},{"not_picked":["Reckless Charge","Hemokinesis","Armaments+1"],"picked":"Metallicize","floor":36.0},{"not_picked":["Clothesline","Flex","Heavy Blade","Havoc"],"picked":"Singing Bowl","floor":38.0},{"not_picked":["Entrench","Anger","Pommel Strike"],"picked":"Iron Wave+1","floor":41.0},{"not_picked":["Power Through","Sword Boomerang+1","Twin Strike","Wild Strike+1"],"picked":"Singing Bowl","floor":42.0},{"not_picked":["Twin Strike","Shockwave","Barricade","Armaments"],"picked":"Singing Bowl","floor":46},{"not_picked":["Warcry","Havoc","Twin Strike","Anger+1"],"picked":"Singing Bowl","floor":48},{"not_picked":["Twin Strike","Fiend Fire","Combust+1"],"picked":"Clothesline+1","floor":54}],"player_experience":851122,"relics_obtained":[{"floor":6.0,"key":"Question Card"},{"floor":9.0,"key":"Bronze Scales"},{"floor":12.0,"key":"Singing Bowl"},{"floor":14.0,"key":"Odd Mushroom"},{"floor":23.0,"key":"Strawberry"},{"floor":26.0,"key":"Lantern"},{"floor":28.0,"key":"Omamori"},{"floor":29.0,"key":"Happy Flower"},{"floor":41.0,"key":"Incense Burner"},{"floor":42.0,"key":"Pen Nib"},{"floor":46,"key":"Paper Frog"},{"floor":54,"key":"Magic Flower"}],"event_choices":[{"damage_healed":0.0,"max_hp_gain":0.0,"max_hp_loss":0.0,"gold_gain":50.0,"event_name":"Golden Shrine","player_choice":"Pray","floor":5.0,"gold_loss":0.0,"damage_taken":0.0},{"damage_healed":0.0,"max_hp_gain":0.0,"max_hp_loss":0.0,"gold_gain":0.0,"event_name":"Mushrooms","player_choice":"Fought Mushrooms","floor":14.0,"gold_loss":0.0,"damage_taken":0.0},{"damage_healed":0.0,"max_hp_gain":0.0,"max_hp_loss":0.0,"gold_gain":0.0,"event_name":"Addict","player_choice":"Obtained Relic","floor":21.0,"gold_loss":85.0,"damage_taken":0.0,"relics_obtained":["Bag of Marbles"]},{"damage_healed":19.0,"max_hp_gain":0.0,"max_hp_loss":0.0,"gold_gain":0.0,"event_name":"Winding Halls","player_choice":"Writhe","floor":39.0,"gold_loss":0.0,"damage_taken":0.0,"cards_obtained":["Writhe"]},{"damage_healed":0.0,"max_hp_gain":0.0,"max_hp_loss":0.0,"gold_gain":0.0,"event_name":"MindBloom","player_choice":"Fight","floor":41.0,"gold_loss":0.0,"damage_taken":0.0},{"damage_healed":0,"gold_gain":0,"player_choice":"Fight","damage_taken":0,"max_hp_gain":0,"max_hp_loss":0,"event_name":"Mysterious Sphere","floor":45,"gold_loss":0}],"is_beta":false,"boss_relics":[{"not_picked":["Runic Pyramid","Philosopher\u0027s Stone"],"picked":"Velvet Choker"},{"not_picked":["White Beast Statue","Mark of Pain"],"picked":"Empty Cage"}],"items_purged_floors":[37,53],"is_endless":false,"potions_floor_spawned":[2,3,11,14,18,20,22,23,29,35,36,38,42,46],"killed_by":"The Heart","ascension_level":15}