{"gold_per_floor":[119,135,235,10,10,10,22,54,81,81,96,111,129,144,144,144],"floor_reached":16,"playtime":1339,"items_purged":[],"score":104,"play_id":"1d539815-db4f-4a68-aa88-bcd6fc15e561","local_time":"20190715165702","is_ascension_mode":false,"campfire_choices":[{"data":"Bash","floor":6,"key":"SMITH"},{"data":"Flame Barrier","floor":10,"key":"SMITH"},{"data":"Havoc","floor":15,"key":"SMITH"}],"neow_cost":"NONE","seed_source_timestamp":21393766319456,"circlet_count":0,"master_deck":["Strike_R","Strike_R","Strike_R","Strike_R","Strike_R","Defend_R","Defend_R","Defend_R","Defend_R","Bash+1","Dark Embrace","Flame Barrier+1","Shrug It Off","Sword Boomerang","Shrug It Off","Headbutt","Pommel Strike","Havoc+1"],"relics":["Burning Blood","OrangePellets","CultistMask","Bag of Marbles","Blood Vial"],"potions_floor_usage":[8,11,14],"damage_taken":[{"damage":13,"enemies":"2 Louse","floor":1,"turns":3},{"damage":7,"enemies":"Cultist","floor":2,"turns":5},{"damage":6,"enemies":"Jaw Worm","floor":7,"turns":3},{"damage":22,"enemies":"3 Sentries","floor":8,"turns":8},{"damage":0,"enemies":"Gremlin Gang","floor":11,"turns":7},{"damage":0,"enemies":"2 Fungi Beasts","floor":12,"turns":4},{"damage":21,"enemies":"Exordium Wildlife","floor":13,"turns":8},{"damage":6,"enemies":"Gremlin Gang","floor":14,"turns":4},{"damage":75,"enemies":"Slime Boss","floor":16,"turns":11}],"seed_played":"5675920808321928582","potions_obtained":[{"floor":2,"key":"Explosive Potion"},{"floor":8,"key":"Fire Potion"},{"floor":11,"key":"Swift Potion"},{"floor":14,"key":"Swift Potion"}],"is_trial":false,"path_per_floor":["M","M","?","$","?","R","M","E","T","R","M","M","M","M","R","B"],"character_chosen":"IRONCLAD","items_purchased":["OrangePellets","Shrug It Off"],"campfire_rested":0,"item_purchase_floors":[4,4],"current_hp_per_floor":[73,72,72,72,72,72,72,56,56,56,64,72,59,61,61,0],"gold":144,"neow_bonus":"ONE_RANDOM_RARE_CARD","is_prod":false,"is_daily":false,"chose_seed":false,"campfire_upgraded":3,"win_rate":0,"timestamp":1563202622,"path_taken":["M","M","?","$","?","R","M","E","T","R","M","M","M","M","R","BOSS"],"build_version":"2019-07-05","purchased_purges":0,"victory":false,"max_hp_per_floor":[80,80,80,80,80,80,80,80,80,80,80,80,80,80,80,80],"card_choices":[{"not_picked":["Flex","Iron Wave","Cleave"],"picked":"SKIP","floor":1},{"not_picked":["Infernal Blade","Shrug It Off"],"picked":"Flame Barrier","floor":2},{"not_picked":["Anger","Iron Wave"],"picked":"Sword Boomerang","floor":7},{"not_picked":["Rampage","True Grit"],"picked":"Shrug It Off","floor":8},{"not_picked":["Iron Wave","Juggernaut"],"picked":"Headbutt","floor":11},{"not_picked":["Blood for Blood","Perfected Strike"],"picked":"Pommel Strike","floor":12},{"not_picked":["Pommel Strike","Shrug It Off","Sword Boomerang"],"picked":"SKIP","floor":13},{"not_picked":["Pommel Strike","Shrug It Off","Sword Boomerang"],"picked":"SKIP","floor":13},{"not_picked":["Clash","Sword Boomerang"],"picked":"Havoc","floor":14}],"player_experience":483526,"relics_obtained":[{"floor":8,"key":"Bag of Marbles"},{"floor":9,"key":"Blood Vial"}],"event_choices":[{"damage_healed":0,"gold_gain":100,"player_choice":"Pray","damage_taken":0,"max_hp_gain":0,"max_hp_loss":0,"event_name":"Golden Shrine","floor":3,"gold_loss":0},{"damage_healed":0,"gold_gain":0,"player_choice":"Trade","damage_taken":0,"relics_obtained":["CultistMask"],"max_hp_gain":0,"max_hp_loss":0,"event_name":"FaceTrader","floor":5,"gold_loss":0}],"is_beta":false,"boss_relics":[],"items_purged_floors":[],"is_endless":false,"potions_floor_spawned":[2,8,11,14],"killed_by":"Slime Boss","ascension_level":0}