{"gold_per_floor":[109,40,40,58,58,93,112,112,137],"floor_reached":9,"playtime":213,"items_purged":[],"score":86,"play_id":"f7e20f24-ac30-4f88-9d5f-ad38d1574eca","local_time":"20190805230546","is_ascension_mode":false,"campfire_choices":[],"neow_cost":"NONE","seed_source_timestamp":17956380413189,"circlet_count":0,"master_deck":["Strike_G","Strike_G","Strike_G","Strike_G","Strike_G","Defend_G","Defend_G","Defend_G","Defend_G","Defend_G","Survivor","Neutralize","Backstab","Venomology","Acrobatics","Sucker Punch"],"relics":["Ring of the Snake","NeowsBlessing","Golden Idol"],"potions_floor_usage":[7],"damage_taken":[{"damage":0,"enemies":"Cultist","floor":1,"turns":1},{"damage":0,"enemies":"Jaw Worm","floor":4,"turns":1},{"damage":0,"enemies":"3 Sentries","floor":6,"turns":1},{"damage":0,"enemies":"Small Slimes","floor":7,"turns":3}],"seed_played":"5868826742939831214","potions_obtained":[{"floor":4,"key":"Energy Potion"},{"floor":8,"key":"Fruit Juice"},{"floor":8,"key":"EssenceOfSteel"}],"is_trial":false,"path_per_floor":["M","$","?","M","?","E","M","?","T"],"character_chosen":"THE_SILENT","items_purchased":["Venomology"],"campfire_rested":0,"item_purchase_floors":[2],"current_hp_per_floor":[70,70,70,70,53,53,53,53,53],"gold":137,"neow_bonus":"THREE_ENEMY_KILL","is_prod":false,"is_daily":false,"chose_seed":false,"campfire_upgraded":0,"win_rate":0,"timestamp":1565064346,"path_taken":["M","$","?","M","?","E","M","?","T"],"build_version":"2019-07-17","purchased_purges":0,"victory":false,"max_hp_per_floor":[70,70,70,70,70,70,70,70,70],"card_choices":[{"not_picked":["Underhanded Strike","Poisoned Stab"],"picked":"Backstab","floor":1},{"not_picked":["Outmaneuver","Bouncing Flask","Predator"],"picked":"SKIP","floor":4},{"not_picked":["Prepared","Bane"],"picked":"Acrobatics","floor":6},{"not_picked":["Calculated Gamble","Dodge and Roll"],"picked":"Sucker Punch","floor":7}],"player_experience":634036,"relics_obtained":[],"event_choices":[{"damage_healed":0,"gold_gain":0,"player_choice":"Leave","damage_taken":0,"max_hp_gain":0,"max_hp_loss":0,"event_name":"The Cleric","floor":3,"gold_loss":0},{"damage_healed":0,"gold_gain":0,"player_choice":"Take Damage","damage_taken":17,"relics_obtained":["Golden Idol"],"max_hp_gain":0,"max_hp_loss":0,"event_name":"Golden Idol","floor":5,"gold_loss":0},{"damage_healed":0,"gold_gain":0,"player_choice":"Got Potions","damage_taken":0,"max_hp_gain":0,"max_hp_loss":0,"event_name":"Lab","floor":8,"gold_loss":0}],"is_beta":false,"boss_relics":[],"items_purged_floors":[],"is_endless":false,"potions_floor_spawned":[4],"ascension_level":0}