{"gold_per_floor":[109,109,120,22,22,22,51,67,94,123,147,147,175,189,189,293,293,307,324,48,48,62,62],"floor_reached":23,"playtime":2095,"items_purged":["Strike_R"],"score":261,"play_id":"46a6ba15-319e-461e-bac2-4f36e0cd0851","local_time":"20190729203622","is_ascension_mode":true,"campfire_choices":[{"data":"Metallicize","floor":6,"key":"SMITH"},{"floor":12,"key":"REST"},{"data":"True Grit","floor":15,"key":"SMITH"}],"neow_cost":"NONE","seed_source_timestamp":1211960081297300,"circlet_count":0,"master_deck":["Strike_R+1","Strike_R","Strike_R","Strike_R","Defend_R","Defend_R","Defend_R","Defend_R+1","Bash","Metallicize+1","True Grit+1","Wild Strike","Clothesline","True Grit","Inflame","Carnage","Reaper","Fire Breathing","Shrug It Off","Battle Trance","Decay"],"relics":["Burning Blood","Regal Pillow","Blood Vial","Champion Belt","Red Skull","Vajra","Coffee Dripper","Kunai"],"potions_floor_usage":[10,13,16,23],"damage_taken":[{"damage":4,"enemies":"Small Slimes","floor":1,"turns":4},{"damage":2,"enemies":"Cultist","floor":3,"turns":4},{"damage":24,"enemies":"Gremlin Nob","floor":7,"turns":5},{"damage":0,"enemies":"Jaw Worm","floor":8,"turns":4},{"damage":34,"enemies":"3 Sentries","floor":10,"turns":12},{"damage":24,"enemies":"Lagavulin","floor":13,"turns":7},{"damage":8,"enemies":"Blue Slaver","floor":14,"turns":4},{"damage":30,"enemies":"Hexaghost","floor":16,"turns":11},{"damage":32,"enemies":"3 Byrds","floor":18,"turns":7},{"damage":22,"enemies":"Shell Parasite","floor":19,"turns":6},{"damage":16,"enemies":"Snecko","floor":22,"turns":7},{"damage":84,"enemies":"Book of Stabbing","floor":23,"turns":7}],"seed_played":"688830089625403485","potions_obtained":[{"floor":1,"key":"Ancient Potion"},{"floor":3,"key":"SkillPotion"},{"floor":10,"key":"Regen Potion"},{"floor":13,"key":"Block Potion"}],"is_trial":false,"path_per_floor":["M","?","M","$","?","R","E","M","T","E","T","R","E","M","R","B",null,"M","M","$","?","M","E"],"character_chosen":"IRONCLAD","items_purchased":["Wild Strike","Kunai","Battle Trance"],"campfire_rested":1,"item_purchase_floors":[4,20,20],"current_hp_per_floor":[88,80,84,84,66,66,48,54,54,28,28,69,53,53,53,31,74,59,51,51,51,53,0],"gold":62,"neow_bonus":"TEN_PERCENT_HP_BONUS","is_prod":false,"is_daily":false,"chose_seed":false,"campfire_upgraded":2,"win_rate":0,"timestamp":1564446982,"path_taken":["M","?","M","?","?","R","E","M","T","E","?","R","E","M","R","BOSS","M","?","$","?","M","E"],"build_version":"2019-07-17","purchased_purges":1,"victory":false,"max_hp_per_floor":[88,88,88,88,88,88,88,88,88,88,88,88,88,88,88,88,88,88,88,88,88,88,88],"card_choices":[{"not_picked":["Carnage","Searing Blow"],"picked":"Metallicize","floor":1},{"not_picked":["Second Wind","Twin Strike"],"picked":"True Grit","floor":3},{"not_picked":["Seeing Red","Second Wind"],"picked":"Clothesline","floor":7},{"not_picked":["Clothesline","Heavy Blade"],"picked":"True Grit","floor":8},{"not_picked":["Perfected Strike","Sever Soul","Reckless Charge"],"picked":"SKIP","floor":10},{"not_picked":["Cleave","Armaments"],"picked":"Inflame","floor":13},{"not_picked":["Armaments","True Grit"],"picked":"Carnage","floor":14},{"not_picked":["Brutality","Barricade"],"picked":"Reaper","floor":16},{"not_picked":["Entrench","Sentinel"],"picked":"Fire Breathing","floor":18},{"not_picked":["Infernal Blade+1","Shockwave"],"picked":"Shrug It Off","floor":19},{"not_picked":["Anger","Clash","Armaments"],"picked":"SKIP","floor":22}],"player_experience":503215,"relics_obtained":[{"floor":7,"key":"Regal Pillow"},{"floor":9,"key":"Blood Vial"},{"floor":10,"key":"Champion Belt"},{"floor":11,"key":"Red Skull"},{"floor":13,"key":"Vajra"}],"event_choices":[{"damage_healed":0,"gold_gain":0,"player_choice":"Damaged","damage_taken":8,"max_hp_gain":0,"max_hp_loss":0,"event_name":"Wheel of Change","floor":2,"gold_loss":0},{"damage_healed":0,"gold_gain":0,"player_choice":"Entered Light","damage_taken":18,"max_hp_gain":0,"max_hp_loss":0,"event_name":"Shining Light","floor":5,"gold_loss":0,"cards_upgraded":["Defend_R","Strike_R"]},{"damage_healed":0,"gold_gain":0,"player_choice":"Smashed Altar","damage_taken":0,"max_hp_gain":0,"max_hp_loss":0,"event_name":"Forgotten Altar","floor":21,"gold_loss":0,"cards_obtained":["Decay"]}],"is_beta":false,"boss_relics":[{"not_picked":["Black Blood","Velvet Choker"],"picked":"Coffee Dripper"}],"items_purged_floors":[4],"is_endless":false,"potions_floor_spawned":[1,3,10,13],"killed_by":"Book of Stabbing","ascension_level":5}