{"gold_per_floor":[113,127,127,127,11,38,38,54,54,54,73,73,84,96,96,198,198,211,228,239,239,258,274,274,284,284,284,284,199,199,226,226,226],"floor_reached":33,"playtime":2164,"items_purged":["Strike_B"],"score":323,"play_id":"743743f7-6ab7-4ea1-8311-b944f4914747","local_time":"20180908111749","is_ascension_mode":true,"campfire_choices":[{"data":"Fusion","floor":7.0,"key":"SMITH"},{"data":"Rainbow","floor":12.0,"key":"SMITH"},{"floor":15.0,"key":"REST"},{"data":"Storm","floor":24.0,"key":"SMITH"},{"floor":30.0,"key":"REST"},{"floor":32.0,"key":"REST"}],"neow_cost":"NONE","seed_source_timestamp":0,"circlet_count":0,"master_deck":["Strike_B","Strike_B","Defend_B","Defend_B","Defend_B","Defend_B","Zap","Dualcast","Rainbow+1","Genetic Algorithm","Fusion+1","Hologram","Compile Driver","Self Repair","Doom and Gloom","Leap","Echo Form","Heatsinks+1","Sweeping Beam+1","Turbo+1","RitualDagger","Storm+1","BootSequence","Regret","Pain"],"special_seed":0,"relics":["Cracked Core","Bird Faced Urn","CultistMask","Happy Flower","Blue Candle","Cursed Key","Prayer Wheel","Singing Bowl","Bag of Marbles","Omamori"],"potions_floor_usage":[33],"damage_taken":[{"damage":0.0,"enemies":"2 Louse","floor":1.0,"turns":2.0},{"damage":5.0,"enemies":"Small Slimes","floor":2.0,"turns":3.0},{"damage":29.0,"enemies":"3 Sentries","floor":6.0,"turns":9.0},{"damage":7.0,"enemies":"Jaw Worm","floor":8.0,"turns":4.0},{"damage":2.0,"enemies":"2 Fungi Beasts","floor":11.0,"turns":3.0},{"damage":14.0,"enemies":"Gremlin Gang","floor":13.0,"turns":6.0},{"damage":8.0,"enemies":"Lots of Slimes","floor":14.0,"turns":3.0},{"damage":39.0,"enemies":"Hexaghost","floor":16.0,"turns":10.0},{"damage":15.0,"enemies":"Spheric Guardian","floor":18.0,"turns":4.0},{"damage":34.0,"enemies":"2 Thieves","floor":19.0,"turns":5.0},{"damage":10.0,"enemies":"Cultist and Chosen","floor":20.0,"turns":5.0},{"damage":21.0,"enemies":"Snake Plant","floor":22.0,"turns":5.0},{"damage":8.0,"enemies":"Chosen and Byrds","floor":23.0,"turns":6.0},{"damage":10.0,"enemies":"Cultist and Chosen","floor":25.0,"turns":4.0},{"damage":29.0,"enemies":"Slavers","floor":31.0,"turns":5.0},{"damage":75,"enemies":"Collector","floor":33,"turns":7}],"seed_played":"6744444217632225175","potions_obtained":[{"floor":1.0,"key":"Block Potion"},{"floor":13.0,"key":"SneckoOil"},{"floor":14.0,"key":"SpeedPotion"},{"floor":23.0,"key":"Ancient Potion"},{"floor":25.0,"key":"Ancient Potion"}],"is_trial":false,"path_per_floor":["M","M","?","?","$","E","R","M","T","?","M","R","M","M","R","B",null,"M","M","M","?","M","M","R","M","T","?","T","?","R","E","R"],"character_chosen":"DEFECT","items_purchased":["Fusion"],"campfire_rested":3,"item_purchase_floors":[5],"current_hp_per_floor":[75,70,58,58,58,29,29,22,22,22,20,20,15,16,38,8,75,61,38,41,35,25,28,28,31,31,17,17,17,41,36,60,0],"gold":226,"neow_bonus":"ONE_RANDOM_RARE_CARD","is_prod":false,"is_daily":false,"chose_seed":false,"campfire_upgraded":3,"win_rate":0,"timestamp":1536430669,"path_taken":["M","M","?","?","$","E","R","M","T","?","M","R","M","M","R","BOSS","M","M","M","?","M","?","R","?","T","?","?","?","R","E","R","BOSS"],"build_version":"2018-09-06","purchased_purges":1,"victory":false,"max_hp_per_floor":[75,75,75,75,75,75,75,75,75,75,75,75,75,75,75,75,75,75,75,75,75,75,75,75,75,75,80,80,80,80,82,82,82],"card_choices":[{"not_picked":["Storm","Redo","Streamline"],"picked":"SKIP","floor":1.0},{"not_picked":["Rebound","Leap"],"picked":"Genetic Algorithm","floor":2.0},{"not_picked":["Rip and Tear","Hyperbeam"],"picked":"Hologram","floor":6.0},{"not_picked":["Hologram","Cold Snap","Fusion"],"picked":"SKIP","floor":8.0},{"not_picked":["Sweeping Beam","Force Field"],"picked":"Self Repair","floor":11.0},{"not_picked":["Redo","Ball Lightning"],"picked":"Doom and Gloom","floor":13.0},{"not_picked":["Ball Lightning","Beam Cell","Leap"],"picked":"SKIP","floor":14.0},{"not_picked":["Ball Lightning","Beam Cell"],"picked":"Leap","floor":14.0},{"not_picked":["Reboot","Seek"],"picked":"Echo Form","floor":16.0},{"not_picked":["Gash","Compile Driver"],"picked":"Heatsinks+1","floor":18.0},{"not_picked":["Ball Lightning","Cold Snap"],"picked":"Sweeping Beam+1","floor":19.0},{"not_picked":["Sweeping Beam","Ball Lightning"],"picked":"Turbo+1","floor":20.0},{"not_picked":["Streamline","Sunder","Conserve Battery"],"picked":"SKIP","floor":22.0},{"not_picked":["Genetic Algorithm","Reinforced Body"],"picked":"Storm","floor":23.0},{"not_picked":["Barrage","Echo Form"],"picked":"BootSequence","floor":25.0},{"not_picked":["Blizzard+1","Gash","Steam"],"picked":"Singing Bowl","floor":31.0}],"player_experience":270610,"relics_obtained":[{"floor":6.0,"key":"Happy Flower"},{"floor":9.0,"key":"Blue Candle"},{"floor":26.0,"key":"Prayer Wheel"},{"floor":28.0,"key":"Singing Bowl"},{"floor":31.0,"key":"Omamori"}],"event_choices":[{"event_name":"Scrap Ooze","player_choice":"success","floor":3.0,"damage_taken":12.0},{"event_name":"FaceTrader","player_choice":"Trade","floor":4.0,"damage_taken":0.0},{"event_name":"Transmorgrifier","player_choice":"Transform","floor":10.0,"damage_taken":0.0},{"event_name":"Nest","player_choice":"Joined the Cult","floor":21.0,"damage_taken":0.0},{"event_name":"Forgotten Altar","player_choice":"Shed Blood","floor":27.0,"damage_taken":0.0},{"event_name":"Addict","player_choice":"Obtained Relic","floor":29.0,"damage_taken":0.0}],"is_beta":false,"boss_relics":[{"not_picked":["Sozu","Pandora\u0027s Box"],"picked":"Cursed Key"}],"items_purged_floors":[5],"is_endless":false,"potions_floor_spawned":[1,13,14,23,25],"killed_by":"Collector","ascension_level":4}