{"path_per_floor":["M","$","M","T","?","E","M","E","T","?","?","M","$","M","R","B",null,"M","?","?","T","M","R","M","R","T","R","M","$","?","M","R","B",null,"M","?","$","M","T","R","E","R","T","M","M","?","?","M","R","B"],"character_chosen":"THE_SILENT","items_purchased":["Outmaneuver","Cloak And Dagger"],"gold_per_floor":[116,19,39,39,139,173,185,212,236,186,186,205,59,73,73,170,170,185,100,100,100,114,114,134,134,190,190,205,80,80,96,96,201,201,220,220,70,89,89,89,124,124,124,139,156,156,156,166,166,166],"floor_reached":51,"campfire_rested":5,"playtime":7034,"current_hp_per_floor":[70,70,67,67,67,48,46,21,21,21,21,13,13,13,34,31,70,51,51,35,35,18,39,39,39,39,39,30,30,30,28,49,24,70,66,66,66,62,62,62,15,36,36,44,40,31,31,16,37,8],"items_purged":["Defend_G","Defend_G","Strike_G","Outmaneuver"],"gold":166,"score":660,"play_id":"5cec2693-f277-41a7-807e-05776753d19b","local_time":"20180416133537","is_prod":false,"is_daily":false,"chose_seed":false,"is_ascension_mode":false,"campfire_upgraded":3,"timestamp":1523878537,"path_taken":["M","$","M","?","?","E","?","E","T","?","?","?","$","M","R","BOSS","M","?","?","?","M","R","M","R","T","R","?","$","?","M","R","BOSS","M","?","$","?","?","R","E","R","T","M","?","?","?","M","R","BOSS"],"build_version":"2018-04-12","seed_source_timestamp":8311762544940,"purchased_purges":6,"victory":true,"master_deck":["Strike_G","Strike_G","Survivor","Neutralize","Burst+1","Noxious Fumes+1","Bane","Infinite Blades","Cloak And Dagger","Cloak And Dagger","Corpse Explosion+1","Storm of Steel+1","Dodge and Roll+1","Acrobatics+1","Noxious Fumes","Cloak And Dagger+1","Madness","Madness","Blur"],"max_hp_per_floor":[70,70,70,70,70,70,70,70,70,70,70,70,70,70,70,70,70,70,70,70,70,70,70,70,70,70,70,70,70,70,70,70,70,70,70,70,70,70,70,70,70,70,70,70,70,70,70,70,70,70],"relics":["Ring of the Snake","Ornamental Fan","Lantern","Oddly Smooth Stone","Snake Skull","Astrolabe","Bag of Marbles","Enchiridion","Kunai","Tiny Chest","Runic Pyramid","Molten Egg 2","Pantograph","Bird Faced Urn"],"card_choices":[{"not_picked":["Outmaneuver","Underhanded Strike"],"picked":"Noxious Fumes","floor":3},{"not_picked":["Dagger Spray","Underhanded Strike"],"picked":"Bane","floor":6},{"not_picked":["Escape Plan","Skewer"],"picked":"Infinite Blades","floor":7},{"not_picked":["Distraction","Night Terror"],"picked":"Cloak And Dagger","floor":8},{"not_picked":["Phantasmal Killer","Glass Knife"],"picked":"Corpse Explosion","floor":16},{"not_picked":["Quick Slash","Outmaneuver"],"picked":"Acrobatics","floor":22},{"not_picked":["Storm of Steel","Expertise"],"picked":"Noxious Fumes","floor":28},{"not_picked":["Infinite Blades","Flechettes"],"picked":"Cloak And Dagger","floor":38},{"not_picked":["Acrobatics","Dagger Throw"],"picked":"Blur","floor":48}],"player_experience":193025,"potions_floor_usage":[16,16,16,31,41,50],"damage_taken":[{"damage":0,"enemies":"Cultist","floor":1,"turns":4},{"damage":3,"enemies":"Jaw Worm","floor":3,"turns":5},{"damage":19,"enemies":"Lagavulin","floor":6,"turns":10},{"damage":2,"enemies":"Small Slimes","floor":7,"turns":3},{"damage":25,"enemies":"Gremlin Nob","floor":8,"turns":5},{"damage":8,"enemies":"Exordium Thugs","floor":12,"turns":4},{"damage":0,"enemies":"Large Slime","floor":14,"turns":5},{"damage":3,"enemies":"Slime Boss","floor":16,"turns":7},{"damage":19,"enemies":"2 Thieves","floor":18,"turns":4},{"damage":17,"enemies":"Spheric Guardian","floor":22,"turns":4},{"damage":0,"enemies":"Snecko","floor":24,"turns":5},{"damage":9,"enemies":"Snake Plant","floor":28,"turns":4},{"damage":2,"enemies":"Centurion and Healer","floor":31,"turns":5},{"damage":25,"enemies":"Champ","floor":33,"turns":10},{"damage":4,"enemies":"3 Darklings","floor":35,"turns":3},{"damage":4,"enemies":"Orb Walker","floor":38,"turns":4},{"damage":47,"enemies":"2 Orb Walkers","floor":41,"turns":6},{"damage":0,"enemies":"4 Shapes","floor":44,"turns":5},{"damage":12,"enemies":"Sphere and 2 Shapes","floor":45,"turns":6},{"damage":23,"enemies":"3 Darklings","floor":48,"turns":5},{"damage":60,"enemies":"Time Eater","floor":50,"turns":16}],"event_choices":[{"event_name":"Golden Shrine","player_choice":"Pray","floor":5,"damage_taken":0},{"event_name":"The Cleric","player_choice":"Card Removal","floor":10,"damage_taken":0},{"event_name":"Shining Light","player_choice":"Ignored","floor":11,"damage_taken":0},{"event_name":"Addict","player_choice":"Obtained Relic","floor":19,"damage_taken":0},{"event_name":"Cursed Tome","player_choice":"Obtained Book","floor":20,"damage_taken":0},{"event_name":"Drug Dealer","player_choice":"Ignored","floor":30,"damage_taken":0},{"event_name":"Winding Halls","player_choice":"Embrace Madness","floor":46,"damage_taken":0},{"event_name":"SecretPortal","player_choice":"Rejected Portal.","floor":47,"damage_taken":0}],"boss_relics":[{"not_picked":["Sozu","Black Star"],"picked":"Astrolabe"},{"not_picked":["Philosopher\u0027s Stone","Snecko Eye"],"picked":"Runic Pyramid"}],"potions_floor_spawned":[6,7,14,18,24,41,44,45,48],"seed_played":"-5454719190086909916","ascension_level":0,"is_trial":false}