{"gold_per_floor":[109,69,89,14,14,14,32,47,47,66,66,66,66,89,89,210,210,223,148,148,164,177,77,77,77,77,77,98,121,164,183,183,314,314,339,339,364,389,69,69,69],"floor_reached":41,"playtime":2709,"items_purged":["Strike_B","Defend_B","Strike_B+1"],"score":558,"play_id":"5c5f4760-e7fe-4a8b-ba4c-f88be21160ea","local_time":"20181119163015","is_ascension_mode":true,"campfire_choices":[{"data":"Dualcast","floor":6.0,"key":"SMITH"},{"floor":13.0,"key":"REST"},{"floor":15.0,"key":"REST"},{"floor":24.0,"key":"REST"},{"floor":27.0,"key":"REST"},{"floor":32.0,"key":"REST"},{"floor":40.0,"key":"REST"}],"neow_cost":"PERCENT_DAMAGE","seed_source_timestamp":0,"circlet_count":0,"master_deck":["Defend_B","Zap","Dualcast+1","Hologram","Static Discharge","Scrape+1","Darkness","Conserve Battery","All For One","Hologram","Rebound","Conserve Battery","White Noise","Glacier+1","Leap+1","All For One","Streamline+1","Multi-Cast+1","Leap+1","Gash"],"special_seed":0,"relics":["Cracked Core","Incense Burner","Golden Idol","WarpedTongs","Runic Pyramid","Letter Opener","Red Mask","Astrolabe","OrangePellets"],"potions_floor_usage":[],"damage_taken":[{"damage":9.0,"enemies":"Jaw Worm","floor":1.0,"turns":3.0},{"damage":13.0,"enemies":"Small Slimes","floor":3.0,"turns":3.0},{"damage":1.0,"enemies":"Cultist","floor":7.0,"turns":3.0},{"damage":2.0,"enemies":"2 Fungi Beasts","floor":8.0,"turns":4.0},{"damage":4.0,"enemies":"Exordium Wildlife","floor":10.0,"turns":3.0},{"damage":16.0,"enemies":"Lots of Slimes","floor":14.0,"turns":4.0},{"damage":37.0,"enemies":"The Guardian","floor":16.0,"turns":11.0},{"damage":19.0,"enemies":"Spheric Guardian","floor":18.0,"turns":4.0},{"damage":19.0,"enemies":"3 Byrds","floor":21.0,"turns":4.0},{"damage":16.0,"enemies":"Centurion and Healer","floor":22.0,"turns":4.0},{"damage":8.0,"enemies":"Snake Plant","floor":28.0,"turns":4.0},{"damage":24.0,"enemies":"Chosen and Byrds","floor":29.0,"turns":5.0},{"damage":28.0,"enemies":"Masked Bandits","floor":30.0,"turns":4.0},{"damage":0.0,"enemies":"Snecko","floor":31.0,"turns":2.0},{"damage":44.0,"enemies":"Automaton","floor":33.0,"turns":12.0},{"damage":10.0,"enemies":"Orb Walker","floor":35.0,"turns":6.0},{"damage":8.0,"enemies":"3 Shapes","floor":37.0,"turns":6.0},{"damage":29.0,"enemies":"3 Darklings","floor":38.0,"turns":6.0},{"damage":43,"enemies":"2 Orb Walkers","floor":41,"turns":4}],"seed_played":"1814950605825617516","potions_obtained":[{"floor":3.0,"key":"Fruit Juice"},{"floor":7.0,"key":"Fire Potion"},{"floor":18.0,"key":"FearPotion"},{"floor":22.0,"key":"SmokeBomb"},{"floor":28.0,"key":"SteroidPotion"},{"floor":29.0,"key":"Regen Potion"}],"is_trial":false,"path_per_floor":["M","$","M","$","?","R","M","M","T","M","?","?","R","M","R","B",null,"M","?","?","M","M","$","R","$","T","R","M","M","?","M","R","B",null,"M","?","M","M","$","R","?"],"character_chosen":"DEFECT","items_purchased":["Static Discharge","OrangePellets"],"campfire_rested":6,"item_purchase_floors":[2,39],"current_hp_per_floor":[55,55,42,42,24,24,28,26,26,22,22,22,48,32,58,21,71,52,52,52,33,17,17,43,43,43,69,61,37,21,21,47,3,66,56,56,48,19,19,43,0],"gold":69,"neow_bonus":"TWENTY_PERCENT_HP_BONUS","is_prod":false,"is_daily":false,"chose_seed":false,"campfire_upgraded":1,"win_rate":0,"timestamp":1542673815,"path_taken":["M","$","M","$","?","R","M","M","T","M","?","?","R","?","R","BOSS","M","?","?","M","M","$","R","$","T","R","?","?","?","M","R","BOSS","M","?","M","M","$","R","?"],"build_version":"2018-11-15","purchased_purges":3,"victory":false,"max_hp_per_floor":[89,89,89,89,89,89,94,94,94,94,87,87,87,87,87,87,87,87,87,87,87,87,87,87,87,87,87,87,87,87,87,87,87,87,87,83,83,83,83,83,83],"card_choices":[{"not_picked":["Leap","Coolheaded"],"picked":"Hologram","floor":1.0},{"not_picked":["Defragment","Compile Driver"],"picked":"Scrape","floor":3.0},{"not_picked":["Redo","Leap","Scrape"],"picked":"SKIP","floor":7.0},{"not_picked":["Melter","Turbo"],"picked":"Darkness","floor":8.0},{"not_picked":["Blizzard","Compile Driver"],"picked":"Conserve Battery","floor":10.0},{"not_picked":["Fission","Sweeping Beam","Recycle"],"picked":"SKIP","floor":14.0},{"not_picked":["Biased Cognition","Hyperbeam"],"picked":"All For One","floor":16.0},{"not_picked":["Coolheaded","Undo"],"picked":"Hologram","floor":18.0},{"not_picked":["Lockon","Compile Driver","Streamline"],"picked":"SKIP","floor":21.0},{"not_picked":["Coolheaded","Sunder"],"picked":"Conserve Battery","floor":22.0},{"not_picked":["Go for the Eyes","Streamline"],"picked":"White Noise","floor":28.0},{"not_picked":["Cold Snap","Ball Lightning","Static Discharge"],"picked":"SKIP","floor":29.0},{"not_picked":["Cold Snap","Streamline"],"picked":"Glacier+1","floor":30.0},{"not_picked":["Barrage","Streamline"],"picked":"Leap+1","floor":31.0},{"not_picked":["Fission","Meteor Strike"],"picked":"All For One","floor":33.0},{"not_picked":["Redo+1","Steam+1"],"picked":"Gash","floor":35.0},{"not_picked":["Turbo","Darkness","Compile Driver"],"picked":"SKIP","floor":37.0},{"not_picked":["Cold Snap+1","Coolheaded","Redo"],"picked":"SKIP","floor":38.0}],"player_experience":441579,"relics_obtained":[{"floor":9.0,"key":"Incense Burner"},{"floor":26.0,"key":"Letter Opener"},{"floor":30.0,"key":"Red Mask"}],"event_choices":[{"damage_healed":0.0,"max_hp_gain":0.0,"max_hp_loss":0.0,"gold_gain":0.0,"event_name":"Shining Light","player_choice":"Entered Light","floor":5.0,"gold_loss":0.0,"damage_taken":18.0,"cards_upgraded":["Scrape","Strike_B"]},{"damage_healed":0.0,"max_hp_gain":0.0,"max_hp_loss":7.0,"gold_gain":0.0,"event_name":"Golden Idol","player_choice":"Lose Max HP","floor":11.0,"gold_loss":0.0,"damage_taken":0.0,"relics_obtained":["Golden Idol"]},{"damage_healed":0.0,"max_hp_gain":0.0,"max_hp_loss":0.0,"gold_gain":0.0,"event_name":"Accursed Blacksmith","player_choice":"Rummage","floor":12.0,"gold_loss":0.0,"damage_taken":0.0,"relics_obtained":["WarpedTongs"],"cards_obtained":["Pain"]},{"cards_removed":["Pain"],"damage_healed":0.0,"max_hp_gain":0.0,"max_hp_loss":0.0,"gold_gain":0.0,"event_name":"Beggar","player_choice":"Gave Gold","floor":19.0,"gold_loss":75.0,"damage_taken":0.0},{"damage_healed":0.0,"max_hp_gain":0.0,"max_hp_loss":0.0,"gold_gain":0.0,"cards_transformed":["Defend_B"],"event_name":"Transmorgrifier","player_choice":"Transformed","floor":20.0,"gold_loss":0.0,"damage_taken":0.0,"cards_obtained":["Rebound"]},{"damage_healed":0.0,"max_hp_gain":0.0,"max_hp_loss":0.0,"gold_gain":0.0,"event_name":"Masked Bandits","player_choice":"Fought Bandits","floor":30.0,"gold_loss":0.0,"damage_taken":0.0},{"damage_healed":0.0,"max_hp_gain":0.0,"max_hp_loss":4.0,"gold_gain":0.0,"event_name":"Winding Halls","player_choice":"Max HP","floor":36.0,"gold_loss":0.0,"damage_taken":0.0},{"damage_healed":0,"gold_gain":0,"player_choice":"Fight","damage_taken":0,"max_hp_gain":0,"max_hp_loss":0,"event_name":"Mysterious Sphere","floor":41,"gold_loss":0}],"is_beta":false,"boss_relics":[{"not_picked":["FrozenCore","Nuclear Battery"],"picked":"Runic Pyramid"},{"not_picked":["Runic Dome","Philosopher\u0027s Stone"],"picked":"Astrolabe"}],"items_purged_floors":[4,23,39],"is_endless":false,"potions_floor_spawned":[3,7,18,22,28,29],"killed_by":"2 Orb Walkers","ascension_level":9}