{"gold_per_floor":[112,112,132,151,151,183,196,196,196,117,117],"floor_reached":11,"playtime":392,"items_purged":[],"score":73,"play_id":"837b944c-0d9a-4e5b-a8e3-fb2fa597ca66","local_time":"20190711154154","is_ascension_mode":false,"campfire_choices":[{"floor":8.0,"key":"RECALL"}],"neow_cost":"NONE","seed_source_timestamp":168892153232,"circlet_count":0,"master_deck":["Strike_G","Strike_G","Strike_G","Strike_G","Strike_G","Defend_G","Defend_G","Defend_G","Defend_G","Defend_G","Survivor","Neutralize","Wraith Form v2","Phantasmal Killer","Regret"],"special_seed":0,"relics":["Ring of the Snake","Gambling Chip","Dodecahedron","Torii","Art of War"],"potions_floor_usage":[],"damage_taken":[{"damage":4.0,"enemies":"Jaw Worm","floor":1.0,"turns":6.0},{"damage":1.0,"enemies":"Cultist","floor":3.0,"turns":5.0},{"damage":0.0,"enemies":"2 Louse","floor":4.0,"turns":3.0},{"damage":45.0,"enemies":"Gremlin Nob","floor":6.0,"turns":5.0},{"damage":0.0,"enemies":"Looter","floor":7.0,"turns":4.0},{"damage":22,"enemies":"3 Sentries","floor":11,"turns":3}],"seed_played":"4611996594724618259","potions_obtained":[{"floor":4.0,"key":"Strength Potion"},{"floor":6.0,"key":"Swift Potion"}],"is_trial":false,"path_per_floor":["M","?","M","M","?","E","M","R","T","?","E"],"character_chosen":"THE_SILENT","items_purchased":[],"campfire_rested":0,"item_purchase_floors":[],"current_hp_per_floor":[66,66,65,65,65,20,20,20,20,20,0],"gold":117,"neow_bonus":"ONE_RANDOM_RARE_CARD","is_prod":false,"is_daily":false,"chose_seed":false,"campfire_upgraded":0,"win_rate":0,"timestamp":1562884914,"path_taken":["M","?","?","M","?","E","M","R","T","?","E"],"build_version":"2019-07-05","purchased_purges":0,"victory":false,"max_hp_per_floor":[70,70,70,70,70,70,70,70,70,70,70],"card_choices":[{"not_picked":["Blade Dance","Footwork","Acrobatics"],"picked":"SKIP","floor":1.0},{"not_picked":["Flying Knee","Backflip","All Out Attack"],"picked":"SKIP","floor":3.0},{"not_picked":["Skewer","Blade Dance","Deadly Poison"],"picked":"SKIP","floor":4.0},{"not_picked":["Phantasmal Killer","Deflect","Adrenaline"],"picked":"SKIP","floor":6.0},{"not_picked":["Cloak And Dagger","Deadly Poison","Prepared"],"picked":"SKIP","floor":7.0}],"player_experience":554112,"relics_obtained":[{"floor":6.0,"key":"Dodecahedron"},{"floor":9.0,"key":"Torii"}],"event_choices":[{"damage_healed":0.0,"max_hp_gain":0.0,"max_hp_loss":0.0,"gold_gain":0.0,"event_name":"Match and Keep!","player_choice":"1 cards matched","floor":2.0,"gold_loss":0.0,"damage_taken":0.0,"cards_obtained":["Phantasmal Killer"]},{"damage_healed":0.0,"max_hp_gain":0.0,"max_hp_loss":0.0,"gold_gain":0.0,"event_name":"Big Fish","player_choice":"Box","floor":5.0,"gold_loss":0.0,"damage_taken":0.0,"relics_obtained":["Gambling Chip"],"cards_obtained":["Regret"]},{"damage_healed":0.0,"max_hp_gain":0.0,"max_hp_loss":0.0,"gold_gain":0.0,"event_name":"WeMeetAgain","player_choice":"Paid Gold","floor":10.0,"gold_loss":79.0,"damage_taken":0.0,"relics_obtained":["Art of War"]}],"is_beta":false,"boss_relics":[],"items_purged_floors":[],"is_endless":false,"potions_floor_spawned":[4,6],"killed_by":"3 Sentries","ascension_level":0}