{"gold_per_floor":[118,130,143,218,218,218,239,239,287,287,287,287],"floor_reached":12,"playtime":368,"items_purged":[],"score":92,"play_id":"043fc17d-82b6-42fd-aadf-4970ba225dd2","local_time":"20180917104514","is_ascension_mode":true,"campfire_choices":[{"data":"Cloak And Dagger","floor":6.0,"key":"SMITH"},{"data":"Infinite Blades","floor":8.0,"key":"SMITH"}],"neow_cost":"PERCENT_DAMAGE","seed_source_timestamp":0,"circlet_count":0,"master_deck":["Defend_G","Defend_G","Defend_G","Defend_G","Defend_G","Strike_G","Strike_G","Strike_G","Survivor","Neutralize","Cloak And Dagger+1","Blade Dance","Calculated Gamble","Infinite Blades+1","Regret"],"special_seed":0,"relics":["Ring of the Snake","Golden Idol","Pen Nib","Snake Skull","Juzu Bracelet"],"potions_floor_usage":[12],"damage_taken":[{"damage":11.0,"enemies":"Cultist","floor":1.0,"turns":5.0},{"damage":0.0,"enemies":"Small Slimes","floor":2.0,"turns":4.0},{"damage":0.0,"enemies":"2 Louse","floor":3.0,"turns":3.0},{"damage":1.0,"enemies":"Exordium Wildlife","floor":7.0,"turns":3.0},{"damage":46,"enemies":"Gremlin Nob","floor":12,"turns":4}],"seed_played":"5539212001266977585","potions_obtained":[{"floor":3.0,"key":"Explosive Potion"},{"floor":7.0,"key":"Regen Potion"}],"is_trial":false,"path_per_floor":["M","M","M","?","?","R","M","R","T","?","?"],"character_chosen":"THE_SILENT","items_purchased":[],"campfire_rested":0,"item_purchase_floors":[],"current_hp_per_floor":[34,34,34,23,23,23,22,22,22,22,22,0],"gold":287,"neow_bonus":"REMOVE_TWO","is_prod":false,"is_daily":false,"chose_seed":false,"campfire_upgraded":2,"win_rate":0,"timestamp":1537206314,"path_taken":["M","M","M","?","?","R","?","R","T","?","?","E"],"build_version":"2018-09-06","purchased_purges":0,"victory":false,"max_hp_per_floor":[70,70,70,70,65,65,65,65,65,65,65,65],"card_choices":[{"not_picked":["Deflect","Slice"],"picked":"Cloak And Dagger","floor":1.0},{"not_picked":["Prepared","Dagger Spray"],"picked":"Blade Dance","floor":2.0},{"not_picked":["Slice","Deadly Poison"],"picked":"Calculated Gamble","floor":3.0},{"not_picked":["Quick Slash","Poisoned Stab"],"picked":"Infinite Blades","floor":7.0}],"player_experience":305375,"relics_obtained":[{"floor":9.0,"key":"Pen Nib"}],"event_choices":[{"event_name":"World of Goop","player_choice":"Gather Gold","floor":4.0,"damage_taken":0.0},{"event_name":"Golden Idol","player_choice":"Lose Max HP","floor":5.0,"damage_taken":0.0},{"event_name":"Big Fish","player_choice":"Box","floor":10.0,"damage_taken":0.0},{"event_name":"Dead Adventurer","player_choice":"Searched \u00271\u0027 times","floor":11.0,"damage_taken":0.0}],"is_beta":false,"boss_relics":[],"items_purged_floors":[],"is_endless":false,"potions_floor_spawned":[3,7],"killed_by":"Gremlin Nob","ascension_level":7}