{"gold_per_floor":[117,117,134,150,22,22,40,40,113,139,151,163,3,19,19,19],"floor_reached":16,"playtime":457,"items_purged":[],"score":195,"play_id":"52f78b13-c77b-46f6-a516-89baf73d3c7f","local_time":"20181027144227","is_ascension_mode":true,"campfire_choices":[{"data":"True Grit","floor":6.0,"key":"SMITH"},{"data":"Inflame","floor":8.0,"key":"SMITH"},{"floor":12.0,"key":"REST"},{"data":"Cleave","floor":15.0,"key":"SMITH"}],"neow_cost":"NONE","seed_source_timestamp":5471936029973,"circlet_count":0,"master_deck":["Strike_R","Strike_R","Strike_R","Strike_R","Strike_R","Defend_R","Defend_R","Defend_R","Defend_R","Bash","AscendersBane","Anger","Clothesline","True Grit+1","Inflame+1","Flex","Flex","Cleave+1","Body Slam"],"special_seed":0,"relics":["Burning Blood","Bag of Preparation","Letter Opener","MawBank","Oddly Smooth Stone"],"potions_floor_usage":[16,16],"damage_taken":[{"damage":4.0,"enemies":"Small Slimes","floor":1.0,"turns":4.0},{"damage":7.0,"enemies":"2 Louse","floor":3.0,"turns":3.0},{"damage":9.0,"enemies":"Jaw Worm","floor":4.0,"turns":5.0},{"damage":18.0,"enemies":"Lots of Slimes","floor":7.0,"turns":5.0},{"damage":30.0,"enemies":"Lagavulin","floor":10.0,"turns":8.0},{"damage":3.0,"enemies":"Blue Slaver","floor":14.0,"turns":4.0},{"damage":63,"enemies":"Slime Boss","floor":16,"turns":8}],"seed_played":"-1474859446476376720","potions_obtained":[{"floor":1.0,"key":"Strength Potion"},{"floor":3.0,"key":"LiquidBronze"}],"is_trial":false,"path_per_floor":["M","?","M","M","$","R","M","R","T","E","?","R","$","M","R"],"character_chosen":"IRONCLAD","items_purchased":["Inflame","Flex","Oddly Smooth Stone"],"campfire_rested":1,"item_purchase_floors":[5,5,13],"current_hp_per_floor":[70,70,69,66,66,66,54,54,54,30,30,52,52,55,55,0],"gold":19,"neow_bonus":"RANDOM_COMMON_RELIC","is_prod":false,"is_daily":false,"chose_seed":false,"campfire_upgraded":3,"win_rate":0,"timestamp":1540640547,"path_taken":["M","?","M","M","$","R","M","R","T","E","?","R","$","M","R","BOSS"],"build_version":"2018-10-25v2","purchased_purges":0,"victory":false,"max_hp_per_floor":[75,75,75,75,75,75,75,75,75,75,75,75,75,75,75,75],"card_choices":[{"not_picked":["Fire Breathing","Blood for Blood"],"picked":"Anger","floor":1.0},{"not_picked":["Battle Trance","Pummel"],"picked":"Clothesline","floor":3.0},{"not_picked":["Heavy Blade","Iron Wave"],"picked":"True Grit","floor":4.0},{"not_picked":["Wild Strike","Rampage","Combust"],"picked":"SKIP","floor":7.0},{"not_picked":["Demon Form","Barricade"],"picked":"Flex","floor":10.0},{"not_picked":["Dropkick","Flex"],"picked":"Body Slam","floor":14.0}],"player_experience":489777,"relics_obtained":[{"floor":9.0,"key":"Letter Opener"},{"floor":10.0,"key":"MawBank"}],"event_choices":[{"damage_healed":0.0,"max_hp_gain":0.0,"max_hp_loss":0.0,"gold_gain":0.0,"event_name":"Scrap Ooze","player_choice":"Fled","floor":2.0,"gold_loss":0.0,"damage_taken":0.0},{"damage_healed":0.0,"max_hp_gain":0.0,"max_hp_loss":0.0,"gold_gain":0.0,"event_name":"Match and Keep!","player_choice":"1 cards matched","floor":11.0,"gold_loss":0.0,"damage_taken":0.0,"cards_obtained":["Cleave"]}],"is_beta":false,"boss_relics":[],"items_purged_floors":[],"is_endless":false,"potions_floor_spawned":[1,3,7],"killed_by":"Slime Boss","ascension_level":19}