{"gold_per_floor":[109,121,134,149,166,166,195,195,249,264,264,264,264,293,293,367,367,380,1,16,16,27,27,85,85,85,85,97,129,142,142,142,220,220,235,247,266,266,285,313,36,36,84,115,115],"floor_reached":45,"playtime":2449,"items_purged":["Strike_R"],"score":1100,"play_id":"14c4af4b-2495-4f2f-afc4-8c4b29fea278","local_time":"20190726023237","is_ascension_mode":true,"campfire_choices":[{"data":"Bash","floor":6,"key":"SMITH"},{"data":"Carnage","floor":8,"key":"SMITH"},{"data":"Evolve","floor":15,"key":"SMITH"},{"floor":23,"key":"REST"},{"data":"Immolate","floor":27,"key":"SMITH"},{"data":"Uppercut","floor":32,"key":"SMITH"},{"data":"Carnage","floor":42,"key":"SMITH"}],"neow_cost":"NONE","seed_source_timestamp":629355905616759,"circlet_count":0,"master_deck":["AscendersBane","Strike_R","Strike_R+1","Strike_R","Strike_R","Defend_R","Defend_R+1","Defend_R","Defend_R","Bash+1","Carnage+1","Sword Boomerang","Combust+1","Carnage+1","Pummel","Evolve+1","Wild Strike","Immolate+1","Metallicize+1","Fiend Fire","Shrug It Off+1","Necronomicurse","Uppercut+1","Reaper","Brutality+1","Rupture+1","Feel No Pain+1"],"relics":["Burning Blood","Kunai","Bag of Marbles","Frozen Egg 2","Philosopher\u0027s Stone","ClockworkSouvenir","Necronomicon","Tiny Chest","Paper Frog","Red Skull","Runic Cube","Mercury Hourglass","Anchor","The Courier"],"potions_floor_usage":[7,16,16,29,33,33,40,45],"damage_taken":[{"damage":7,"enemies":"Cultist","floor":1,"turns":4},{"damage":8,"enemies":"Small Slimes","floor":2,"turns":3},{"damage":2,"enemies":"2 Louse","floor":3,"turns":3},{"damage":12,"enemies":"Large Slime","floor":4,"turns":5},{"damage":7,"enemies":"Looter","floor":5,"turns":3},{"damage":30,"enemies":"Lagavulin","floor":7,"turns":5},{"damage":9,"enemies":"2 Fungi Beasts","floor":10,"turns":4},{"damage":8,"enemies":"Gremlin Nob","floor":14,"turns":3},{"damage":21,"enemies":"Slime Boss","floor":16,"turns":6},{"damage":0,"enemies":"Chosen","floor":18,"turns":3},{"damage":21,"enemies":"3 Byrds","floor":20,"turns":3},{"damage":0,"enemies":"Snake Plant","floor":22,"turns":1},{"damage":14,"enemies":"Slavers","floor":24,"turns":2},{"damage":0,"enemies":"Centurion and Healer","floor":28,"turns":1},{"damage":1,"enemies":"Gremlin Leader","floor":29,"turns":2},{"damage":10,"enemies":"Chosen and Byrds","floor":30,"turns":4},{"damage":6,"enemies":"Automaton","floor":33,"turns":4},{"damage":0,"enemies":"Orb Walker","floor":35,"turns":1},{"damage":25,"enemies":"3 Shapes","floor":36,"turns":3},{"damage":2,"enemies":"3 Darklings","floor":37,"turns":2},{"damage":3,"enemies":"Maw","floor":39,"turns":4},{"damage":48,"enemies":"Nemesis","floor":40,"turns":5},{"damage":35,"enemies":"Reptomancer","floor":44,"turns":4}],"seed_played":"-664602156314474525","potions_obtained":[{"floor":2,"key":"SteroidPotion"},{"floor":3,"key":"Fire Potion"},{"floor":14,"key":"BloodPotion"},{"floor":16,"key":"Explosive Potion"},{"floor":28,"key":"Regen Potion"},{"floor":29,"key":"EntropicBrew"},{"floor":33,"key":"Swift Potion"},{"floor":44,"key":"AttackPotion"}],"is_trial":false,"path_per_floor":["M","M","M","M","M","R","E","R","T","M","?","?","?","E","R","B",null,"M","$","M","?","M","R","E","?","T","R","M","E","M","?","R","B",null,"M","M","M","?","M","E","$","R","T","E","M"],"character_chosen":"IRONCLAD","items_purchased":["ClockworkSouvenir","Metallicize+1","Fiend Fire","Feel No Pain+1","Anchor"],"campfire_rested":1,"item_purchase_floors":[19,19,19,41,41],"current_hp_per_floor":[74,72,76,70,69,69,45,45,45,42,42,17,17,15,15,20,67,73,73,58,37,43,67,59,59,59,59,65,70,66,42,42,54,79,85,82,87,87,87,53,53,53,53,24,0],"gold":115,"neow_bonus":"TEN_PERCENT_HP_BONUS","is_prod":false,"is_daily":false,"chose_seed":false,"campfire_upgraded":6,"win_rate":0,"timestamp":1564122757,"path_taken":["M","M","M","?","?","R","E","R","T","M","?","?","?","E","R","BOSS","M","$","M","?","M","R","E","?","T","R","M","E","M","?","R","BOSS","M","M","M","?","M","E","$","R","T","E","?"],"build_version":"2019-07-17","purchased_purges":1,"victory":false,"max_hp_per_floor":[82,82,82,82,82,82,82,82,82,82,82,82,82,82,82,82,82,82,82,82,82,82,82,82,82,82,82,82,82,82,87,87,87,87,87,87,87,87,87,87,87,87,87,87,87],"card_choices":[{"not_picked":["Warcry","Bloodletting"],"picked":"Carnage","floor":1},{"not_picked":["Pommel Strike","Wild Strike"],"picked":"Sword Boomerang","floor":2},{"not_picked":["Blood for Blood","Dark Embrace"],"picked":"Combust","floor":3},{"not_picked":["True Grit","Disarm"],"picked":"Carnage","floor":4},{"not_picked":["Cleave","Sword Boomerang"],"picked":"Pummel","floor":5},{"not_picked":["Pommel Strike","Body Slam","True Grit"],"picked":"SKIP","floor":7},{"not_picked":["Warcry","Body Slam"],"picked":"Evolve","floor":10},{"not_picked":["Disarm","Sword Boomerang"],"picked":"Wild Strike","floor":14},{"not_picked":["Double Tap","Limit Break"],"picked":"Immolate","floor":16},{"not_picked":["Havoc","Clash+1","Armaments"],"picked":"SKIP","floor":18},{"not_picked":["Armaments","True Grit"],"picked":"Shrug It Off+1","floor":20},{"not_picked":["Armaments","Headbutt","Second Wind"],"picked":"SKIP","floor":22},{"not_picked":["Fire Breathing+1","Bloodletting","Iron Wave"],"picked":"SKIP","floor":24},{"not_picked":["Body Slam+1","Exhume"],"picked":"Uppercut","floor":28},{"not_picked":["Armaments","Perfected Strike+1","Shockwave"],"picked":"SKIP","floor":29},{"not_picked":["Twin Strike","Sever Soul","Perfected Strike"],"picked":"SKIP","floor":30},{"not_picked":["Juggernaut+1","Feed"],"picked":"Reaper","floor":33},{"not_picked":["Second Wind","Cleave","Ghostly Armor"],"picked":"SKIP","floor":35},{"not_picked":["Cleave","Clothesline+1","Bloodletting+1"],"picked":"SKIP","floor":36},{"not_picked":["Perfected Strike+1","Infernal Blade+1","Clash+1"],"picked":"SKIP","floor":37},{"not_picked":["Blood for Blood","Searing Blow+1"],"picked":"Rupture+1","floor":39},{"not_picked":["Entrench","Evolve+1","Warcry"],"picked":"SKIP","floor":40},{"not_picked":["Cleave","Sword Boomerang","Wild Strike"],"picked":"SKIP","floor":44}],"player_experience":2512829,"relics_obtained":[{"floor":7,"key":"Kunai"},{"floor":9,"key":"Bag of Marbles"},{"floor":14,"key":"Frozen Egg 2"},{"floor":21,"key":"Necronomicon"},{"floor":24,"key":"Tiny Chest"},{"floor":26,"key":"Paper Frog"},{"floor":29,"key":"Red Skull"},{"floor":40,"key":"Mercury Hourglass"},{"floor":44,"key":"The Courier"}],"event_choices":[{"damage_healed":0,"gold_gain":0,"player_choice":"Grow","damage_taken":0,"max_hp_gain":0,"max_hp_loss":0,"event_name":"Living Wall","floor":11,"gold_loss":0,"cards_upgraded":["Combust"]},{"damage_healed":0,"gold_gain":0,"player_choice":"Entered Light","damage_taken":25,"max_hp_gain":0,"max_hp_loss":0,"event_name":"Shining Light","floor":12,"gold_loss":0,"cards_upgraded":["Strike_R","Defend_R"]},{"damage_healed":0,"gold_gain":0,"player_choice":"Ignored","damage_taken":0,"max_hp_gain":0,"max_hp_loss":0,"event_name":"Liars Game","floor":13,"gold_loss":0},{"damage_healed":0,"gold_gain":0,"player_choice":"Obtained Book","damage_taken":21,"max_hp_gain":0,"max_hp_loss":0,"event_name":"Cursed Tome","floor":21,"gold_loss":0},{"damage_healed":0,"gold_gain":0,"player_choice":"Ignored","damage_taken":0,"max_hp_gain":0,"max_hp_loss":0,"event_name":"The Mausoleum","floor":25,"gold_loss":0},{"damage_healed":0,"gold_gain":0,"player_choice":"Shed Blood","damage_taken":29,"max_hp_gain":5,"max_hp_loss":0,"event_name":"Forgotten Altar","floor":31,"gold_loss":0},{"damage_healed":0,"gold_gain":0,"player_choice":"1 cards matched","damage_taken":0,"max_hp_gain":0,"max_hp_loss":0,"event_name":"Match and Keep!","floor":38,"gold_loss":0,"cards_obtained":["Brutality"]}],"is_beta":false,"boss_relics":[{"not_picked":["Orrery","Black Blood"],"picked":"Philosopher\u0027s Stone"},{"not_picked":["Mark of Pain","Velvet Choker"],"picked":"Runic Cube"}],"items_purged_floors":[41],"is_endless":false,"potions_floor_spawned":[2,3,4,14,16,28,29,33,35,44],"killed_by":"4 Shapes","ascension_level":20}