{"gold_per_floor":[112,387,397,81,92,92,126,126,126,160,160,176,190,190,190,293,293,311,63,76,76,126,126,157,1,1,13,29,29,58,13,13,113,113,126,144,72,89,89,89,189,189,189,201,211,211,19,39,39,39],"floor_reached":51,"playtime":1944,"items_purged":["Regret","Strike_R"],"score":1060,"play_id":"b83ea6b4-687b-477f-be7b-003cf6e9d547","local_time":"20181208131705","is_ascension_mode":true,"campfire_choices":[{"data":"Flex","floor":6.0,"key":"SMITH"},{"data":"Battle Trance","floor":8.0,"key":"SMITH"},{"floor":11.0,"key":"REST"},{"data":"Pommel Strike","floor":15.0,"key":"SMITH"},{"data":"Demon Form","floor":23.0,"key":"SMITH"},{"floor":29.0,"key":"REST"},{"floor":32.0,"key":"REST"},{"floor":40.0,"key":"REST"},{"data":"Whirlwind","floor":42.0,"key":"SMITH"},{"data":"Sword Boomerang","floor":46.0,"key":"SMITH"},{"floor":49.0,"key":"REST"}],"neow_cost":"NONE","seed_source_timestamp":1332827982131,"circlet_count":0,"master_deck":["Strike_R","Strike_R","Strike_R","Strike_R","Defend_R","Defend_R","Defend_R","Defend_R","Bash","Iron Wave","Flex+1","Battle Trance+1","Thunderclap","Disarm+1","True Grit+1","Disarm+1","Pommel Strike+1","Demon Form+1","Disarm+1","Clothesline","Whirlwind+1","Intimidate+1","Shrug It Off+1","Corruption+1","Fire Breathing+1","Sword Boomerang+1","Flame Barrier+1","Impervious+1","Shrug It Off+1","Burning Pact+1","Battle Trance+1","Fire Breathing+1","True Grit+1","Shrug It Off+1","Shrug It Off+1"],"special_seed":0,"relics":["Burning Blood","Happy Flower","Toxic Egg 2","Dream Catcher","Ginger","Ornamental Fan","Sozu","Bronze Scales","Pen Nib","Pocketwatch","Blue Candle","Philosopher\u0027s Stone","Unceasing Top","Sundial","Bag of Preparation"],"potions_floor_usage":[50],"damage_taken":[{"damage":0.0,"enemies":"Small Slimes","floor":1.0,"turns":3.0},{"damage":8.0,"enemies":"Cultist","floor":3.0,"turns":4.0},{"damage":0.0,"enemies":"2 Louse","floor":5.0,"turns":3.0},{"damage":25.0,"enemies":"Lagavulin","floor":7.0,"turns":5.0},{"damage":34.0,"enemies":"3 Sentries","floor":10.0,"turns":8.0},{"damage":0.0,"enemies":"Blue Slaver","floor":12.0,"turns":4.0},{"damage":3.0,"enemies":"Exordium Thugs","floor":13.0,"turns":6.0},{"damage":1.0,"enemies":"Hexaghost","floor":16.0,"turns":11.0},{"damage":6.0,"enemies":"3 Byrds","floor":18.0,"turns":5.0},{"damage":10.0,"enemies":"2 Thieves","floor":20.0,"turns":4.0},{"damage":41.0,"enemies":"Slavers","floor":24.0,"turns":5.0},{"damage":8.0,"enemies":"Shelled Parasite and Fungi","floor":27.0,"turns":4.0},{"damage":8.0,"enemies":"Snecko","floor":28.0,"turns":6.0},{"damage":12.0,"enemies":"Book of Stabbing","floor":30.0,"turns":5.0},{"damage":31.0,"enemies":"Collector","floor":33.0,"turns":6.0},{"damage":14.0,"enemies":"3 Shapes","floor":35.0,"turns":8.0},{"damage":0.0,"enemies":"Orb Walker","floor":36.0,"turns":5.0},{"damage":32.0,"enemies":"4 Shapes","floor":38.0,"turns":6.0},{"damage":0.0,"enemies":"Mind Bloom Boss Battle","floor":41.0,"turns":5.0},{"damage":13.0,"enemies":"Writhing Mass","floor":44.0,"turns":4.0},{"damage":16.0,"enemies":"Spire Growth","floor":45.0,"turns":5.0},{"damage":0.0,"enemies":"3 Darklings","floor":48.0,"turns":1.0},{"damage":40,"enemies":"Donu and Deca","floor":50,"turns":7}],"seed_played":"-3805204092081939265","potions_obtained":[{"floor":0.0,"key":"Fire Potion"},{"floor":0.0,"key":"FairyPotion"},{"floor":0.0,"key":"Swift Potion"},{"floor":12.0,"key":"GamblersBrew"},{"floor":16.0,"key":"Block Potion"}],"is_trial":false,"path_per_floor":["M","?","M","$","M","R","E","R","T","E","R","M","M","?","R","B",null,"M","$","M","?","?","R","E","$","T","M","M","R","E","$","R","B",null,"M","M","$","M","?","R","?","R","T","M","M","R","$","M","R","B",null],"character_chosen":"IRONCLAD","items_purchased":["Happy Flower","Battle Trance","Thunderclap","Bronze Scales","Whirlwind","Intimidate+1","Sword Boomerang","Burning Pact+1","Bag of Preparation","True Grit+1"],"campfire_rested":5,"item_purchase_floors":[4,4,4,19,25,25,31,37,47,47],"current_hp_per_floor":[78,78,76,76,80,80,61,61,61,33,57,63,66,48,48,53,73,73,73,69,69,69,69,34,34,34,32,30,54,48,48,72,47,72,64,70,70,44,44,68,74,74,74,67,57,57,57,63,80,46],"gold":39,"neow_bonus":"THREE_SMALL_POTIONS","is_prod":false,"is_daily":false,"chose_seed":false,"campfire_upgraded":6,"win_rate":0,"timestamp":1544264225,"path_taken":["M","?","M","$","M","R","E","R","T","E","R","M","?","?","R","BOSS","M","$","M","?","?","R","E","$","T","M","M","R","E","$","R","BOSS","M","M","$","M","?","R","?","R","T","M","M","R","?","M","R","BOSS"],"build_version":"2018-12-06","purchased_purges":2,"victory":true,"max_hp_per_floor":[80,80,80,80,80,80,80,80,80,80,80,80,80,80,80,80,80,80,80,80,80,80,80,80,80,80,80,80,80,80,80,80,80,80,80,80,80,80,80,80,80,80,80,80,80,80,80,80,80,80],"card_choices":[{"not_picked":["Body Slam","Anger"],"picked":"Iron Wave","floor":1.0},{"not_picked":["Seeing Red","Sever Soul"],"picked":"Flex","floor":3.0},{"not_picked":["Seeing Red","Dropkick","Flex"],"picked":"SKIP","floor":5.0},{"not_picked":["Hemokinesis","Twin Strike"],"picked":"Disarm","floor":7.0},{"not_picked":["Iron Wave","Body Slam"],"picked":"True Grit+1","floor":10.0},{"not_picked":["Cleave","Armaments+1"],"picked":"Disarm+1","floor":12.0},{"not_picked":["Body Slam","Bludgeon"],"picked":"Pommel Strike","floor":13.0},{"not_picked":["Barricade","Feed"],"picked":"Demon Form","floor":16.0},{"not_picked":["Evolve","Sever Soul+1","Warcry+1"],"picked":"SKIP","floor":18.0},{"not_picked":["Rampage","Headbutt"],"picked":"Disarm+1","floor":20.0},{"not_picked":["Reaper","Bludgeon"],"picked":"Clothesline","floor":24.0},{"not_picked":["Anger","Flex+1"],"picked":"Shrug It Off+1","floor":27.0},{"not_picked":["Rupture+1","Thunderclap+1"],"picked":"Corruption+1","floor":28.0},{"not_picked":["True Grit+1","Shockwave+1"],"picked":"Fire Breathing+1","floor":30.0},{"not_picked":["Battle Trance+1","Armaments+1"],"picked":"Flame Barrier+1","floor":32.0},{"not_picked":["Bludgeon","Exhume+1"],"picked":"Impervious+1","floor":33.0},{"not_picked":["True Grit+1","Havoc+1","Clothesline"],"picked":"SKIP","floor":35.0},{"not_picked":["Anger","Havoc+1"],"picked":"Shrug It Off+1","floor":36.0},{"not_picked":["Infernal Blade+1","Heavy Blade+1","Pommel Strike+1"],"picked":"SKIP","floor":38.0},{"not_picked":["Dual Wield+1","Perfected Strike+1"],"picked":"Battle Trance+1","floor":41.0},{"not_picked":["Anger+1","Cleave+1","Infernal Blade+1"],"picked":"SKIP","floor":44.0},{"not_picked":["Carnage+1","Feel No Pain"],"picked":"Fire Breathing+1","floor":45.0},{"not_picked":["Warcry+1","True Grit+1"],"picked":"Shrug It Off+1","floor":48.0},{"not_picked":["Thunderclap+1","Clothesline+1"],"picked":"Shrug It Off+1","floor":49.0}],"player_experience":576493,"relics_obtained":[{"floor":7.0,"key":"Toxic Egg 2"},{"floor":9.0,"key":"Dream Catcher"},{"floor":10.0,"key":"Ginger"},{"floor":24.0,"key":"Pen Nib"},{"floor":26.0,"key":"Pocketwatch"},{"floor":30.0,"key":"Blue Candle"},{"floor":41.0,"key":"Unceasing Top"},{"floor":43.0,"key":"Sundial"}],"event_choices":[{"damage_healed":0.0,"max_hp_gain":0.0,"max_hp_loss":0.0,"gold_gain":275.0,"event_name":"Golden Shrine","player_choice":"Desecrate","floor":2.0,"gold_loss":0.0,"damage_taken":0.0,"cards_obtained":["Regret"]},{"damage_healed":0.0,"max_hp_gain":0.0,"max_hp_loss":0.0,"gold_gain":0.0,"event_name":"Scrap Ooze","player_choice":"Success","floor":14.0,"gold_loss":0.0,"damage_taken":18.0,"relics_obtained":["Ornamental Fan"]},{"damage_healed":0.0,"max_hp_gain":0.0,"max_hp_loss":0.0,"gold_gain":0.0,"event_name":"Ghosts","player_choice":"Ignored","floor":21.0,"gold_loss":0.0,"damage_taken":0.0},{"damage_healed":0.0,"max_hp_gain":0.0,"max_hp_loss":0.0,"gold_gain":100.0,"event_name":"The Joust","player_choice":"Bet on Murderer","floor":22.0,"gold_loss":50.0,"damage_taken":0.0},{"damage_healed":0.0,"max_hp_gain":0.0,"max_hp_loss":0.0,"gold_gain":0.0,"event_name":"Mysterious Sphere","player_choice":"Ignored","floor":39.0,"gold_loss":0.0,"damage_taken":0.0},{"damage_healed":0.0,"max_hp_gain":0.0,"max_hp_loss":0.0,"gold_gain":0.0,"event_name":"MindBloom","player_choice":"Fight","floor":41.0,"gold_loss":0.0,"damage_taken":0.0}],"is_beta":false,"boss_relics":[{"not_picked":["Coffee Dripper","Black Star"],"picked":"Sozu"},{"not_picked":["Fusion Hammer","Busted Crown"],"picked":"Philosopher\u0027s Stone"}],"items_purged_floors":[4,19],"is_endless":false,"potions_floor_spawned":[1,12,16,20,27,28,33,44,45],"ascension_level":9}