{"gold_per_floor":[112,125,125,6,21,21,48,63,88,88,99,113,141,152,152,255,255,274,274,274],"floor_reached":20,"playtime":1694,"items_purged":[],"score":242,"play_id":"958f2a8b-93f4-4d71-9df0-08bfc19a0968","local_time":"20190728170925","is_ascension_mode":true,"campfire_choices":[{"data":"Streamline","floor":6,"key":"SMITH"},{"floor":15,"key":"REST"}],"neow_cost":"NONE","seed_source_timestamp":1113528635724700,"circlet_count":0,"master_deck":["Strike_B+1","Strike_B+1","Strike_B+1","Strike_B+1","Defend_B+1","Defend_B+1","Defend_B+1","Defend_B+1","Zap","Dualcast","Streamline+1","Heatsinks","Rip and Tear+1","Defragment","Streamline+1","Rainbow","Steam","Coolheaded","Conserve Battery","Sweeping Beam","Static Discharge","Creative AI","Conserve Battery"],"relics":["Cracked Core","Centennial Puzzle","Whetstone","Happy Flower","Runic Pyramid"],"potions_floor_usage":[11,13,16,16],"damage_taken":[{"damage":2,"enemies":"Small Slimes","floor":1,"turns":3},{"damage":4,"enemies":"2 Louse","floor":2,"turns":3},{"damage":1,"enemies":"Cultist","floor":5,"turns":3},{"damage":32,"enemies":"Gremlin Nob","floor":7,"turns":4},{"damage":0,"enemies":"3 Louse","floor":8,"turns":3},{"damage":33,"enemies":"Gremlin Gang","floor":11,"turns":4},{"damage":16,"enemies":"Large Slime","floor":12,"turns":4},{"damage":14,"enemies":"Lagavulin","floor":13,"turns":3},{"damage":6,"enemies":"Looter","floor":14,"turns":3},{"damage":41,"enemies":"The Guardian","floor":16,"turns":10},{"damage":41,"enemies":"2 Thieves","floor":18,"turns":4},{"damage":20,"enemies":"Shell Parasite","floor":20,"turns":3}],"seed_played":"-8547949662855083202","potions_obtained":[{"floor":2,"key":"Dexterity Potion"},{"floor":8,"key":"SpeedPotion"},{"floor":11,"key":"AttackPotion"},{"floor":13,"key":"Regen Potion"},{"floor":16,"key":"SkillPotion"}],"is_trial":false,"path_per_floor":["M","M","?","$","M","R","E","M","T","?","M","M","E","M","R","B",null,"M","?","M"],"character_chosen":"DEFECT","items_purchased":["Rip and Tear","Defragment"],"campfire_rested":1,"item_purchase_floors":[4,4],"current_hp_per_floor":[66,62,62,62,61,61,29,29,29,75,42,26,12,6,28,2,57,16,16,0],"gold":274,"neow_bonus":"RANDOM_COLORLESS","is_prod":false,"is_daily":false,"chose_seed":false,"campfire_upgraded":1,"win_rate":0,"timestamp":1564348165,"path_taken":["M","M","?","$","M","R","E","M","T","?","M","?","E","M","R","BOSS","M","?","M"],"build_version":"2019-07-17","purchased_purges":0,"victory":false,"max_hp_per_floor":[75,75,75,75,75,75,75,75,75,75,75,75,75,75,75,75,75,75,75,75],"card_choices":[{"not_picked":["Darkness","Hello World"],"picked":"Streamline","floor":1},{"not_picked":["Leap","Conserve Battery"],"picked":"Heatsinks","floor":2},{"not_picked":["Force Field","Gash"],"picked":"Streamline","floor":5},{"not_picked":["Aggregate","Go for the Eyes"],"picked":"Rainbow","floor":7},{"not_picked":["Streamline","Ball Lightning"],"picked":"Steam","floor":8},{"not_picked":["Ball Lightning","Sweeping Beam"],"picked":"Coolheaded","floor":11},{"not_picked":["Compile Driver","Meteor Strike"],"picked":"Conserve Battery","floor":12},{"not_picked":["Streamline","Compile Driver"],"picked":"Sweeping Beam","floor":13},{"not_picked":["Sweeping Beam","Blizzard"],"picked":"Static Discharge","floor":14},{"not_picked":["Hyperbeam","All For One"],"picked":"Creative AI","floor":16},{"not_picked":["Hologram","Steam"],"picked":"Conserve Battery","floor":18}],"player_experience":497851,"relics_obtained":[{"floor":7,"key":"Centennial Puzzle"},{"floor":9,"key":"Whetstone"},{"floor":13,"key":"Happy Flower"}],"event_choices":[{"damage_healed":0,"gold_gain":0,"player_choice":"Ignored","damage_taken":0,"max_hp_gain":0,"max_hp_loss":0,"event_name":"Liars Game","floor":3,"gold_loss":0},{"cards_removed":["Madness"],"damage_healed":46,"gold_gain":0,"player_choice":"Offered Uncommon","damage_taken":0,"max_hp_gain":0,"max_hp_loss":0,"event_name":"Bonfire Elementals","floor":10,"gold_loss":0},{"damage_healed":0,"gold_gain":0,"player_choice":"Simplicity","damage_taken":0,"max_hp_gain":0,"max_hp_loss":0,"event_name":"Back to Basics","floor":19,"gold_loss":0,"cards_upgraded":["Strike_B","Strike_B","Strike_B","Strike_B","Defend_B","Defend_B","Defend_B","Defend_B"]}],"is_beta":false,"boss_relics":[{"not_picked":["Busted Crown","White Beast Statue"],"picked":"Runic Pyramid"}],"items_purged_floors":[],"is_endless":false,"potions_floor_spawned":[2,8,11,13,16],"killed_by":"Shell Parasite","ascension_level":6}