{"gold_per_floor":[112,132,207,207,157,185,210,64,64,74,74,74,47,63,63,165,165,177,191,241,252,302,302,362,322,322,179,100,165,181,191,191,289,289,307,406,422,44,0,32,32,63,93,120,221,271,271,347,347,347],"floor_reached":51,"playtime":2614,"items_purged":[],"score":1294,"play_id":"940d2318-0502-485d-b080-dd940889c650","local_time":"20181121200225","is_ascension_mode":true,"campfire_choices":[{"data":"Dualcast","floor":12,"key":"SMITH"},{"data":"Storm","floor":15,"key":"SMITH"},{"data":"Rainbow","floor":23,"key":"SMITH"},{"data":"Thunder Strike","floor":32,"key":"SMITH"},{"data":"Storm","floor":41,"key":"SMITH"},{"data":"Madness","floor":47,"key":"SMITH"},{"floor":49,"key":"REST"}],"neow_cost":"TEN_PERCENT_HP_LOSS","seed_source_timestamp":8712066454567,"circlet_count":0,"master_deck":["Defend_B","Defend_B+1","Defend_B","Zap","Dualcast+1","Doom and Gloom","Scrape","Hello World","Thunder Strike+1","Gash","Heatsinks","Storm+1","Force Field","Rainbow+1","FTL","Loop+1","Ghostly","Ghostly","Ghostly","Ghostly","Ghostly","Storm+1","Conserve Battery+1","Go for the Eyes","BootSequence","Machine Learning","Loop+1","Lockon+1","Madness+1","Madness","Beam Cell+1"],"relics":["Cracked Core","Meat on the Bone","Bag of Marbles","Blood Vial","Cables","SsserpentHead","Busted Crown","Symbiotic Virus","OrangePellets","Nuclear Battery","Strawberry","Anchor","Red Mask","Molten Egg 2","Matryoshka","Tiny Chest","Dream Catcher","DataDisk","Du-Vu Doll","Blue Candle","Bronze Scales"],"potions_floor_usage":[6,18,19,33,37,40,45,45,50],"damage_taken":[{"damage":5,"enemies":"Small Slimes","floor":1,"turns":3},{"damage":7,"enemies":"Jaw Worm","floor":2,"turns":3},{"damage":27,"enemies":"Lagavulin","floor":6,"turns":5},{"damage":0,"enemies":"2 Louse","floor":10,"turns":1},{"damage":15,"enemies":"Exordium Wildlife","floor":14,"turns":3},{"damage":9,"enemies":"The Guardian","floor":16,"turns":12},{"damage":32,"enemies":"2 Thieves","floor":18,"turns":4},{"damage":18,"enemies":"Shell Parasite","floor":19,"turns":5},{"damage":9,"enemies":"Centurion and Healer","floor":21,"turns":7},{"damage":3,"enemies":"Cultist and Chosen","floor":24,"turns":6},{"damage":2,"enemies":"Chosen and Byrds","floor":29,"turns":4},{"damage":5,"enemies":"Centurion and Healer","floor":30,"turns":5},{"damage":12,"enemies":"Snake Plant","floor":31,"turns":3},{"damage":0,"enemies":"Champ","floor":33,"turns":5},{"damage":5,"enemies":"3 Shapes","floor":35,"turns":2},{"damage":1,"enemies":"3 Darklings","floor":37,"turns":5},{"damage":0,"enemies":"Giant Head","floor":40,"turns":6},{"damage":0,"enemies":"Reptomancer","floor":42,"turns":5},{"damage":0,"enemies":"Nemesis","floor":44,"turns":7},{"damage":2,"enemies":"2 Orb Walkers","floor":45,"turns":4},{"damage":22,"enemies":"Donu and Deca","floor":50,"turns":6}],"seed_played":"3580242226971641654","potions_obtained":[{"floor":2,"key":"AttackPotion"},{"floor":14,"key":"Strength Potion"},{"floor":16,"key":"AttackPotion"},{"floor":18,"key":"Regen Potion"},{"floor":21,"key":"GamblersBrew"},{"floor":31,"key":"PowerPotion"},{"floor":33,"key":"AttackPotion"},{"floor":37,"key":"SteroidPotion"},{"floor":44,"key":"Swift Potion"}],"is_trial":false,"path_per_floor":["M","M","?","?","?","E","T","$","T","M","?","R","$","M","R","B",null,"M","M","?","M","?","R","M","?","T","$","$","M","M","M","R","B",null,"M","T","M","$","?","E","R","E","T","E","?","?","R","T","R","B",null],"character_chosen":"DEFECT","items_purchased":["Blood Vial","Storm","OrangePellets","Storm","BootSequence","Anchor","Machine Learning"],"campfire_rested":1,"item_purchase_floors":[8,13,27,28,38,38,38],"current_hp_per_floor":[63,56,45,45,45,18,18,18,18,32,32,32,32,31,31,36,60,42,40,34,25,30,30,29,29,29,29,29,29,26,28,28,30,33,29,36,37,37,37,39,39,41,41,41,39,34,34,34,41,31],"gold":347,"neow_bonus":"TRANSFORM_TWO_CARDS","is_prod":false,"is_daily":false,"chose_seed":false,"campfire_upgraded":6,"win_rate":0,"timestamp":1542859345,"path_taken":["M","M","?","?","?","E","?","$","T","?","?","R","?","M","R","BOSS","M","M","?","M","?","R","?","?","T","?","$","?","M","M","R","BOSS","M","?","M","$","?","E","R","E","T","E","?","?","R","?","R","BOSS"],"build_version":"2018-11-15","purchased_purges":0,"victory":true,"max_hp_per_floor":[68,68,68,68,68,68,68,68,68,68,68,68,68,68,68,68,68,68,68,34,34,34,34,34,34,34,34,34,34,34,34,34,34,34,34,41,41,41,41,41,41,41,41,41,41,41,41,41,41,41],"card_choices":[{"not_picked":["Barrage","Go for the Eyes"],"picked":"Scrape","floor":1},{"not_picked":["Compile Driver","Stack"],"picked":"Hello World","floor":2},{"not_picked":["Go for the Eyes","Creative AI"],"picked":"Gash","floor":6},{"not_picked":["Barrage","Hello World"],"picked":"Heatsinks","floor":10},{"not_picked":["Compile Driver","Genetic Algorithm"],"picked":"Force Field","floor":14},{"not_picked":["Reboot","Multi-Cast"],"picked":"Rainbow","floor":16},{"not_picked":[],"picked":"FTL","floor":18},{"not_picked":[],"picked":"Loop+1","floor":19},{"not_picked":["Stack"],"picked":"SKIP","floor":21},{"not_picked":["Beam Cell+1"],"picked":"SKIP","floor":24},{"not_picked":["Cold Snap"],"picked":"SKIP","floor":29},{"not_picked":["Steam"],"picked":"SKIP","floor":30},{"not_picked":["Compile Driver+1"],"picked":"SKIP","floor":31},{"not_picked":[],"picked":"Conserve Battery+1","floor":35},{"not_picked":[],"picked":"Go for the Eyes","floor":37},{"not_picked":[],"picked":"Loop+1","floor":40},{"not_picked":["Cold Snap+1"],"picked":"SKIP","floor":42},{"not_picked":["Recycle+1"],"picked":"SKIP","floor":44},{"not_picked":[],"picked":"Lockon+1","floor":45},{"not_picked":[],"picked":"Beam Cell+1","floor":49}],"player_experience":464563,"relics_obtained":[{"floor":6,"key":"Meat on the Bone"},{"floor":7,"key":"Bag of Marbles"},{"floor":9,"key":"Cables"},{"floor":26,"key":"Symbiotic Virus"},{"floor":36,"key":"Strawberry"},{"floor":40,"key":"Molten Egg 2"},{"floor":42,"key":"Matryoshka"},{"floor":43,"key":"Tiny Chest"},{"floor":43,"key":"Dream Catcher"},{"floor":44,"key":"DataDisk"},{"floor":45,"key":"Du-Vu Doll"},{"floor":48,"key":"Blue Candle"},{"floor":48,"key":"Bronze Scales"}],"event_choices":[{"damage_healed":0,"gold_gain":75,"player_choice":"Gather Gold","damage_taken":11,"max_hp_gain":0,"max_hp_loss":0,"event_name":"World of Goop","floor":3,"gold_loss":0},{"damage_healed":0,"gold_gain":0,"cards_transformed":["Strike_B"],"player_choice":"Change","damage_taken":0,"max_hp_gain":0,"max_hp_loss":0,"event_name":"Living Wall","floor":4,"gold_loss":0,"cards_obtained":["Thunder Strike"]},{"cards_removed":["Strike_B"],"damage_healed":0,"gold_gain":0,"player_choice":"Card Removal","damage_taken":0,"max_hp_gain":0,"max_hp_loss":0,"event_name":"The Cleric","floor":5,"gold_loss":50},{"damage_healed":0,"gold_gain":0,"player_choice":"Trade","damage_taken":0,"relics_obtained":["SsserpentHead"],"max_hp_gain":0,"max_hp_loss":0,"event_name":"FaceTrader","floor":11,"gold_loss":0},{"damage_healed":0,"gold_gain":0,"player_choice":"Became a Ghost","damage_taken":0,"max_hp_gain":0,"max_hp_loss":34,"event_name":"Ghosts","floor":20,"gold_loss":0,"cards_obtained":["Ghostly","Ghostly","Ghostly","Ghostly","Ghostly"]},{"cards_removed":["Stack"],"damage_healed":5,"gold_gain":0,"player_choice":"Offered Common","damage_taken":0,"max_hp_gain":0,"max_hp_loss":0,"event_name":"Bonfire Elementals","floor":22,"gold_loss":0},{"cards_removed":["Stack"],"damage_healed":5,"gold_gain":0,"player_choice":"Offered Special","damage_taken":0,"max_hp_gain":0,"max_hp_loss":0,"event_name":"Bonfire Elementals","floor":22,"gold_loss":0},{"cards_removed":["Defend_B"],"damage_healed":0,"gold_gain":0,"player_choice":"Upgrade and Remove","damage_taken":0,"max_hp_gain":0,"max_hp_loss":0,"event_name":"Designer","floor":25,"gold_loss":90,"cards_upgraded":["Defend_B"]},{"damage_healed":0,"gold_gain":0,"player_choice":"Paid","damage_taken":0,"relics_obtained":["Red Mask"],"max_hp_gain":0,"max_hp_loss":0,"event_name":"Tomb of Lord Red Mask","floor":39,"gold_loss":94},{"damage_healed":0,"gold_gain":0,"player_choice":"Fight","damage_taken":0,"max_hp_gain":0,"max_hp_loss":0,"event_name":"Mysterious Sphere","floor":45,"gold_loss":0},{"damage_healed":0,"gold_gain":0,"player_choice":"Embrace Madness","damage_taken":5,"max_hp_gain":0,"max_hp_loss":0,"event_name":"Winding Halls","floor":46,"gold_loss":0,"cards_obtained":["Madness","Madness"]}],"is_beta":false,"boss_relics":[{"not_picked":["Sozu","Tiny House"],"picked":"Busted Crown"},{"not_picked":["Runic Dome","White Beast Statue"],"picked":"Nuclear Battery"}],"items_purged_floors":[],"is_endless":false,"potions_floor_spawned":[2,14,16,18,21,31,33,37,44],"ascension_level":9}