{"gold_per_floor":[110,125,125,200,218,218,117,117,185,212,38,64,84,116,116,217,217,231,231,245,257,277,277,306,306,329,348,348,348,366,398,398,499,499,514,494,512,525,544,544,574,588,588,599,599,624,65,91,91,91,91,91,91,124,124],"floor_reached":56,"playtime":5869,"items_purged":["Strike_G","Strike_G"],"score":1596,"play_id":"7f1bf927-88ab-4dcd-947d-b8acaf610cad","local_time":"20190723004739","is_ascension_mode":true,"campfire_choices":[{"floor":6,"key":"REST"},{"data":"Neutralize","floor":8,"key":"SMITH"},{"floor":15,"key":"REST"},{"data":"Flechettes","floor":23,"key":"SMITH"},{"data":"Noxious Fumes","floor":25,"key":"SMITH"},{"floor":29,"key":"REST"},{"data":"A Thousand Cuts","floor":32,"key":"SMITH"},{"data":"Caltrops","floor":40,"key":"SMITH"},{"data":"After Image","floor":45,"key":"SMITH"},{"floor":49,"key":"RECALL"},{"data":"Footwork","floor":52,"key":"SMITH"}],"neow_cost":"NONE","seed_source_timestamp":44927362369962,"circlet_count":0,"master_deck":["Strike_G+1","Strike_G+1","Strike_G+1","Defend_G+1","Defend_G+1","Defend_G+1","Defend_G+1","Defend_G+1","Survivor","Neutralize+1","Flechettes+1","Escape Plan","Sucker Punch","Dagger Throw","Cloak And Dagger","Backstab","Escape Plan","Dodge and Roll","Blur","After Image+1","PiercingWail","Noxious Fumes+1","Backflip","A Thousand Cuts+1","After Image","Slice+1","Caltrops+1","Slice+1","Noxious Fumes","Footwork+1","Adrenaline"],"relics":["Ring of the Snake","PreservedInsect","Question Card","Thread and Needle","Strawberry","Oddly Smooth Stone","Runic Pyramid","Blue Candle","Nilry\u0027s Codex","Snake Skull","Philosopher\u0027s Stone","Kunai","Letter Opener","Bag of Preparation","Shuriken","Pen Nib","Lantern","Pocketwatch"],"potions_floor_usage":[10,16,31,31,55,55,55],"damage_taken":[{"damage":5,"enemies":"2 Louse","floor":1,"turns":4},{"damage":6,"enemies":"Jaw Worm","floor":2,"turns":6},{"damage":0,"enemies":"Cultist","floor":5,"turns":4},{"damage":20,"enemies":"Lagavulin","floor":10,"turns":6},{"damage":8,"enemies":"Gremlin Nob","floor":12,"turns":3},{"damage":0,"enemies":"Lots of Slimes","floor":13,"turns":3},{"damage":1,"enemies":"Lagavulin","floor":14,"turns":5},{"damage":0,"enemies":"Hexaghost","floor":16,"turns":15},{"damage":0,"enemies":"Shell Parasite","floor":18,"turns":6},{"damage":0,"enemies":"Chosen","floor":20,"turns":5},{"damage":5,"enemies":"Shelled Parasite and Fungi","floor":21,"turns":6},{"damage":0,"enemies":"Centurion and Healer","floor":22,"turns":8},{"damage":0,"enemies":"Book of Stabbing","floor":24,"turns":7},{"damage":0,"enemies":"Cultist and Chosen","floor":27,"turns":5},{"damage":0,"enemies":"3 Cultists","floor":30,"turns":6},{"damage":0,"enemies":"Slavers","floor":31,"turns":7},{"damage":46,"enemies":"Automaton","floor":33,"turns":12},{"damage":0,"enemies":"3 Shapes","floor":35,"turns":6},{"damage":0,"enemies":"Orb Walker","floor":37,"turns":5},{"damage":0,"enemies":"3 Darklings","floor":38,"turns":5},{"damage":0,"enemies":"Writhing Mass","floor":39,"turns":8},{"damage":0,"enemies":"Giant Head","floor":41,"turns":7},{"damage":0,"enemies":"Maw","floor":42,"turns":8},{"damage":0,"enemies":"3 Darklings","floor":44,"turns":5},{"damage":11,"enemies":"Nemesis","floor":46,"turns":6},{"damage":0,"enemies":"Reptomancer","floor":48,"turns":7},{"damage":4,"enemies":"Awakened One","floor":50,"turns":13},{"damage":13,"enemies":"Shield and Spear","floor":54,"turns":8},{"damage":33,"enemies":"The Heart","floor":55,"turns":11}],"seed_played":"5907607374858424054","potions_obtained":[{"floor":1,"key":"EssenceOfSteel"},{"floor":2,"key":"Regen Potion"},{"floor":5,"key":"GhostInAJar"},{"floor":14,"key":"Strength Potion"},{"floor":20,"key":"GamblersBrew"},{"floor":22,"key":"Dexterity Potion"},{"floor":31,"key":"GamblersBrew"},{"floor":36,"key":"FairyPotion"},{"floor":38,"key":"Block Potion"},{"floor":39,"key":"Dexterity Potion"}],"is_trial":false,"path_per_floor":["M","M","?","?","M","R","$","R","T","E","$","E","M","E","R","B",null,"M","?","M","M","M","R","E","R","T","M","?","R","M","E","R","B",null,"M","?","M","M","M","R","E","M","T","M","R","E","$","E","R","B",null,"R","$","E","B",null],"character_chosen":"THE_SILENT","items_purchased":["Dagger Throw","Backstab","Shuriken","Adrenaline","Pen Nib"],"campfire_rested":3,"item_purchase_floors":[7,11,47,47,47],"current_hp_per_floor":[65,59,45,34,34,55,55,55,55,47,47,46,46,45,68,68,77,77,77,77,72,72,72,72,72,72,72,56,77,77,77,77,31,77,77,77,77,77,77,77,77,77,77,77,77,66,66,66,66,62,77,77,77,64,31],"gold":124,"neow_bonus":"RANDOM_COMMON_RELIC","is_prod":false,"is_daily":false,"chose_seed":false,"campfire_upgraded":7,"win_rate":0,"timestamp":1563835659,"path_taken":["M","M","?","?","M","R","$","R","T","E","$","E","M","E","R","BOSS","M","?","M","M","M","R","E","R","T","M","?","R","M","E","R","BOSS","M","?","M","?","M","R","E","M","T","M","R","E","$","E","R","BOSS","R","$","E","BOSS"],"build_version":"2019-07-17","purchased_purges":2,"victory":true,"max_hp_per_floor":[70,70,70,70,70,70,70,70,70,70,70,77,77,77,77,77,77,77,77,77,77,77,77,77,77,77,77,77,77,77,77,77,77,77,77,77,77,77,77,77,77,77,77,77,77,77,77,77,77,77,77,77,77,77,77],"card_choices":[{"not_picked":["Terror","Well Laid Plans"],"picked":"Flechettes","floor":1},{"not_picked":["Well Laid Plans","Backflip"],"picked":"Escape Plan","floor":2},{"not_picked":["Acrobatics","Concentrate"],"picked":"Sucker Punch","floor":5},{"not_picked":["Dodge and Roll","Prepared","Dagger Spray"],"picked":"Cloak And Dagger","floor":10},{"not_picked":["Sucker Punch","Acrobatics","Flechettes"],"picked":"Escape Plan","floor":12},{"not_picked":["Quick Slash","Accuracy","Blade Dance"],"picked":"Dodge and Roll","floor":13},{"not_picked":["Tools of the Trade","Backflip","Phantasmal Killer"],"picked":"Blur","floor":14},{"not_picked":["Die Die Die","Doppelganger","Adrenaline"],"picked":"After Image","floor":16},{"not_picked":["Acrobatics+1","Dagger Spray","Infinite Blades"],"picked":"PiercingWail","floor":18},{"not_picked":["PiercingWail","Expertise","Cloak And Dagger"],"picked":"Noxious Fumes","floor":20},{"not_picked":["Poisoned Stab","Underhanded Strike+1","Sucker Punch","Riddle With Holes+1"],"picked":"SKIP","floor":21},{"not_picked":["Unload","Flying Knee","Poisoned Stab"],"picked":"Backflip","floor":22},{"not_picked":["Unload","Underhanded Strike","Quick Slash","Outmaneuver"],"picked":"SKIP","floor":24},{"not_picked":["Bouncing Flask","Dagger Spray","PiercingWail","Dodge and Roll"],"picked":"SKIP","floor":27},{"not_picked":["Storm of Steel","Blade Dance","Quick Slash","Sucker Punch"],"picked":"SKIP","floor":30},{"not_picked":["Deflect","Quick Slash","Heel Hook+1"],"picked":"A Thousand Cuts","floor":31},{"not_picked":["Venomology","Die Die Die","Phantasmal Killer"],"picked":"After Image","floor":33},{"not_picked":["Prepared","Dagger Throw","All Out Attack","Cloak And Dagger"],"picked":"SKIP","floor":35},{"not_picked":["Bane","Heel Hook","Tactician"],"picked":"Slice+1","floor":37},{"not_picked":["Slice+1","Dagger Spray+1","Tactician"],"picked":"Caltrops","floor":38},{"not_picked":["Deadly Poison","Dagger Spray","Endless Agony","Night Terror"],"picked":"SKIP","floor":39},{"not_picked":["Outmaneuver","Setup","Skewer+1"],"picked":"Slice+1","floor":41},{"not_picked":["Dodge and Roll","Flying Knee+1","All Out Attack+1"],"picked":"Noxious Fumes","floor":42},{"not_picked":["Backflip","Sucker Punch+1","Dagger Throw+1","Outmaneuver+1"],"picked":"SKIP","floor":44},{"not_picked":["Flying Knee+1","All Out Attack+1","PiercingWail"],"picked":"Footwork","floor":46},{"not_picked":["Crippling Poison","Sucker Punch+1","Endless Agony","Infinite Blades+1"],"picked":"SKIP","floor":48},{"not_picked":["All Out Attack","Flying Knee+1","Poisoned Stab+1","Dagger Spray+1"],"picked":"SKIP","floor":54}],"player_experience":572543,"relics_obtained":[{"floor":9,"key":"Question Card"},{"floor":10,"key":"Thread and Needle"},{"floor":12,"key":"Strawberry"},{"floor":14,"key":"Oddly Smooth Stone"},{"floor":24,"key":"Blue Candle"},{"floor":28,"key":"Nilry\u0027s Codex"},{"floor":31,"key":"Snake Skull"},{"floor":41,"key":"Kunai"},{"floor":43,"key":"Letter Opener"},{"floor":46,"key":"Bag of Preparation"},{"floor":48,"key":"Lantern"},{"floor":54,"key":"Pocketwatch"}],"event_choices":[{"damage_healed":0,"gold_gain":0,"player_choice":"Entered Light","damage_taken":14,"max_hp_gain":0,"max_hp_loss":0,"event_name":"Shining Light","floor":3,"gold_loss":0,"cards_upgraded":["Strike_G","Defend_G"]},{"damage_healed":0,"gold_gain":75,"player_choice":"Gather Gold","damage_taken":11,"max_hp_gain":0,"max_hp_loss":0,"event_name":"World of Goop","floor":4,"gold_loss":0},{"damage_healed":0,"gold_gain":0,"player_choice":"Simplicity","damage_taken":0,"max_hp_gain":0,"max_hp_loss":0,"event_name":"Back to Basics","floor":19,"gold_loss":0,"cards_upgraded":["Strike_G","Strike_G","Defend_G","Defend_G","Defend_G","Defend_G"]},{"damage_healed":0,"gold_gain":0,"player_choice":"Obtained Book","damage_taken":16,"max_hp_gain":0,"max_hp_loss":0,"event_name":"Cursed Tome","floor":28,"gold_loss":0},{"damage_healed":0,"gold_gain":0,"player_choice":"Bought 1 Potion","damage_taken":0,"max_hp_gain":0,"max_hp_loss":0,"event_name":"The Woman in Blue","floor":36,"gold_loss":0}],"is_beta":false,"boss_relics":[{"not_picked":["Lizard Tail","Pandora\u0027s Box"],"picked":"Runic Pyramid"},{"not_picked":["HoveringKite","Astrolabe"],"picked":"Philosopher\u0027s Stone"}],"items_purged_floors":[7,11],"is_endless":false,"potions_floor_spawned":[1,2,5,14,20,22,31,38,39,41,44,54],"ascension_level":4}