{"gold_per_floor":[109,34,34,46,46,46,106,122,194,194,204,228,228,239,239,336,336,353,353,366,383,383],"floor_reached":22,"playtime":2262,"items_purged":["Strike_G"],"score":176,"play_id":"e8b84ffb-bb73-45c1-90e5-60a255e3f3d0","local_time":"20180626230705","is_ascension_mode":false,"campfire_choices":[{"data":"Infinite Blades","floor":6,"key":"SMITH"},{"data":"Defend_G","floor":10,"key":"PURGE"},{"floor":13,"key":"REST"},{"data":"Cloak And Dagger","floor":15,"key":"SMITH"}],"neow_cost":"NONE","seed_source_timestamp":49823900895965,"circlet_count":0,"master_deck":["Defend_G","Defend_G","Defend_G+1","Defend_G+1","Strike_G","Strike_G","Strike_G","Strike_G","Survivor","Neutralize","Unload","Infinite Blades+1","Backflip","Cloak And Dagger+1","Terror","Infinite Blades","Backstab","Prepared+1"],"relics":["Ring of the Snake","Peace Pipe","Question Card","Blue Candle","Odd Mushroom","White Beast Statue"],"potions_floor_usage":[12,16,16,21,22],"damage_taken":[{"damage":0,"enemies":"2 Louse","floor":1,"turns":2},{"damage":2,"enemies":"Jaw Worm","floor":4,"turns":4},{"damage":11,"enemies":"3 Sentries","floor":7,"turns":9},{"damage":0,"enemies":"Cultist","floor":8,"turns":4},{"damage":13,"enemies":"Gremlin Gang","floor":11,"turns":6},{"damage":10,"floor":12,"turns":3},{"damage":0,"enemies":"Red Slaver","floor":14,"turns":4},{"damage":29,"enemies":"Hexaghost","floor":16,"turns":15},{"damage":5,"enemies":"Chosen","floor":18,"turns":7},{"damage":18,"enemies":"Spheric Guardian","floor":20,"turns":6},{"damage":33,"enemies":"Slaver and Parasite","floor":21,"turns":7},{"damage":19,"enemies":"Centurion and Healer","floor":22,"turns":5}],"seed_played":"8106165608144761891","potions_obtained":[{"floor":8,"key":"GhostInAJar"},{"floor":11,"key":"Fire Potion"},{"floor":14,"key":"AttackPotion"},{"floor":18,"key":"GamblersBrew"},{"floor":20,"key":"PowerPotion"},{"floor":21,"key":"Strength Potion"}],"is_trial":false,"path_per_floor":["M","$","?","M","?","R","?","M","T","R","M","?","R","M","R","B",null,"M","?","M","M"],"character_chosen":"THE_SILENT","items_purchased":[],"campfire_rested":1,"item_purchase_floors":[],"current_hp_per_floor":[70,70,56,54,47,47,36,36,36,36,23,13,34,34,34,5,70,65,65,47,14,0],"gold":383,"neow_bonus":"ONE_RANDOM_RARE_CARD","is_prod":false,"is_daily":false,"chose_seed":false,"campfire_upgraded":2,"win_rate":0,"timestamp":1530047225,"path_taken":["M","$","?","M","?","R","?","?","T","R","M","?","R","M","R","BOSS","M","?","?","M","M"],"build_version":"2018-06-21v2","purchased_purges":1,"victory":false,"max_hp_per_floor":[70,70,70,70,70,70,70,70,70,70,70,70,70,70,70,70,70,70,70,70,70,70],"card_choices":[{"not_picked":["Slice","Calculated Gamble","Choke"],"picked":"SKIP","floor":1},{"not_picked":["Backflip","Reflex"],"picked":"Infinite Blades","floor":4},{"not_picked":["Well Laid Plans","Masterful Stab","Sucker Punch","Noxious Fumes"],"picked":"SKIP","floor":8},{"not_picked":["Deflect","Concentrate","Sucker Punch"],"picked":"Backflip","floor":11},{"not_picked":["Prepared","A Thousand Cuts","Poisoned Stab"],"picked":"Cloak And Dagger","floor":14},{"not_picked":["Dodge and Roll","Noxious Fumes","Riddle With Holes"],"picked":"Terror","floor":18},{"not_picked":["All Out Attack","Flying Knee","PiercingWail+1"],"picked":"Backstab","floor":20},{"not_picked":["Skewer","Poisoned Stab","Reflex"],"picked":"Prepared+1","floor":21}],"player_experience":284758,"relics_obtained":[{"floor":7,"key":"Question Card"},{"floor":9,"key":"Blue Candle"},{"floor":12,"key":"Odd Mushroom"}],"event_choices":[{"event_name":"Shining Light","player_choice":"Entered Light","floor":3,"damage_taken":0},{"event_name":"Scrap Ooze","player_choice":"success","floor":5,"damage_taken":7},{"event_name":"Dead Adventurer","player_choice":"Searched \u00272\u0027 times","floor":7,"damage_taken":0},{"event_name":"Mushrooms","player_choice":"Fought Mushrooms","floor":12,"damage_taken":0},{"event_name":"The Library","player_choice":"Read","floor":19,"damage_taken":0}],"boss_relics":[{"not_picked":["Velvet Choker","Busted Crown"],"picked":"White Beast Statue"}],"items_purged_floors":[2],"is_endless":false,"potions_floor_spawned":[8,11,14,18,20,21],"killed_by":"Centurion and Healer","ascension_level":0}