{"gold_per_floor":[112,162,87,107,121,147,164,190,242,259,259,90,90],"floor_reached":13,"playtime":419,"items_purged":["Strike_R","Strike_R"],"score":95,"play_id":"dec44f73-3d3b-4c11-ba69-b75903f95863","local_time":"20181216211515","is_ascension_mode":false,"campfire_choices":[],"neow_cost":"NONE","seed_source_timestamp":12990207503559,"circlet_count":0,"master_deck":["Strike_R","Strike_R","Strike_R","Defend_R","Defend_R","Defend_R","Defend_R","Bash+1","Rampage+1","Ghostly Armor+1","Double Tap+1"],"special_seed":0,"relics":["White Beast Statue","Paper Frog","Toxic Egg 2","Whetstone"],"potions_floor_usage":[13],"damage_taken":[{"damage":6.0,"enemies":"Cultist","floor":1.0,"turns":3.0},{"damage":20.0,"enemies":"Jaw Worm","floor":4.0,"turns":4.0},{"damage":2.0,"enemies":"Small Slimes","floor":5.0,"turns":4.0},{"damage":6.0,"enemies":"Gremlin Nob","floor":6.0,"turns":3.0},{"damage":13.0,"enemies":"2 Fungi Beasts","floor":7.0,"turns":4.0},{"damage":29.0,"enemies":"3 Sentries","floor":8.0,"turns":9.0},{"damage":0.0,"enemies":"Blue Slaver","floor":10.0,"turns":3.0},{"damage":16,"enemies":"Large Slime","floor":13,"turns":1}],"seed_played":"-9057189349600918422","potions_obtained":[{"floor":1.0,"key":"Fire Potion"},{"floor":4.0,"key":"Strength Potion"},{"floor":5.0,"key":"Swift Potion"},{"floor":6.0,"key":"BloodPotion"},{"floor":7.0,"key":"SkillPotion"},{"floor":8.0,"key":"EssenceOfSteel"},{"floor":10.0,"key":"PowerPotion"}],"is_trial":false,"path_per_floor":["M","T","$","M","M","E","M","E","T","M","?","$","M"],"character_chosen":"IRONCLAD","items_purchased":["Double Tap+1"],"campfire_rested":0,"item_purchase_floors":[12],"current_hp_per_floor":[74,74,74,54,52,46,41,12,12,12,12,12,0],"gold":90,"neow_bonus":"BOSS_RELIC","is_prod":false,"is_daily":false,"chose_seed":false,"campfire_upgraded":0,"win_rate":0,"timestamp":1545023715,"path_taken":["M","?","$","?","M","E","M","E","T","M","?","$","M"],"build_version":"2018-12-13","purchased_purges":2,"victory":false,"max_hp_per_floor":[80,80,80,80,80,80,80,80,80,80,80,80,80],"card_choices":[{"not_picked":["Clash","Ghostly Armor","Shrug It Off"],"picked":"SKIP","floor":1.0},{"not_picked":["Bloodletting","Flame Barrier","Clothesline"],"picked":"SKIP","floor":4.0},{"not_picked":["True Grit","Pommel Strike","Rage"],"picked":"SKIP","floor":5.0},{"not_picked":["Seeing Red","Pommel Strike"],"picked":"Rampage","floor":6.0},{"not_picked":["Clash","Havoc","True Grit"],"picked":"SKIP","floor":7.0},{"not_picked":["Spot Weakness","True Grit"],"picked":"Ghostly Armor","floor":8.0},{"not_picked":["Shrug It Off+1","Armaments+1","Body Slam"],"picked":"SKIP","floor":10.0}],"player_experience":519885,"relics_obtained":[{"floor":6.0,"key":"Paper Frog"},{"floor":8.0,"key":"Toxic Egg 2"},{"floor":9.0,"key":"Whetstone"}],"event_choices":[{"damage_healed":0.0,"max_hp_gain":0.0,"max_hp_loss":0.0,"gold_gain":0.0,"event_name":"Shining Light","player_choice":"Ignored","floor":11.0,"gold_loss":0.0,"damage_taken":0.0}],"is_beta":false,"boss_relics":[],"items_purged_floors":[3,12],"is_endless":false,"potions_floor_spawned":[1,4,5,6,7,8,10],"killed_by":"Large Slime","ascension_level":0}