{"gold_per_floor":[112,130,130,45,56,85,104,104,104,29,49,80,80,106,106,184,184,200,200,125,125,145,145,179,179,224,224,251,268,297,313,313,385,435,452,452,471,488,238,264,282,282,307,338,348,359,359,409,409,409],"floor_reached":50,"playtime":2263,"items_purged":["Strike_R","Strike_R+1"],"score":1128,"play_id":"2d9f7c36-6d49-48b5-9d2a-fc181e3a75b3","local_time":"20190410231822","is_ascension_mode":true,"campfire_choices":[{"data":"Bash","floor":8.0,"key":"SMITH"},{"data":"Clothesline","floor":13.0,"key":"SMITH"},{"data":"Inflame","floor":15,"key":"SMITH"},{"data":"Metallicize","floor":23,"key":"SMITH"},{"data":"Iron Wave","floor":25,"key":"SMITH"},{"floor":27,"key":"REST"},{"data":"Demon Form","floor":32,"key":"SMITH"},{"floor":42,"key":"REST"},{"floor":47,"key":"RECALL"},{"floor":49,"key":"REST"}],"neow_cost":"NONE","seed_source_timestamp":39797150098244,"circlet_count":0,"master_deck":["AscendersBane","Strike_R+1","Defend_R+1","Defend_R+1","Defend_R+1","Defend_R+1","Bash+1","Iron Wave+1","Metallicize+1","Pommel Strike+1","Twin Strike","Headbutt","Clothesline+1","Inflame+1","Offering","Shockwave","Sword Boomerang+1","Demon Form+1","Disarm+1","Juggernaut","Heavy Blade+1","Pommel Strike+1","Ghostly Armor","Shrug It Off+1","Parasite","Disarm","Exhume"],"special_seed":0,"relics":["Burning Blood","Art of War","Bag of Preparation","Gremlin Horn","Mark of Pain","MutagenicStrength","Bird Faced Urn","Blood Vial","Prayer Wheel","Charon\u0027s Ashes","Tiny House","War Paint","Red Skull","Mango"],"potions_floor_usage":[16,16,33,50],"damage_taken":[{"damage":9.0,"enemies":"Jaw Worm","floor":1.0,"turns":4.0},{"damage":9.0,"enemies":"Cultist","floor":2.0,"turns":5.0},{"damage":0.0,"enemies":"Small Slimes","floor":5.0,"turns":5.0},{"damage":18.0,"enemies":"Gremlin Nob","floor":6.0,"turns":5.0},{"damage":4.0,"enemies":"2 Fungi Beasts","floor":7.0,"turns":5.0},{"damage":1.0,"enemies":"Red Slaver","floor":11.0,"turns":5.0},{"damage":27.0,"enemies":"3 Sentries","floor":12.0,"turns":8.0},{"damage":11.0,"enemies":"Gremlin Nob","floor":14.0,"turns":4.0},{"damage":39,"enemies":"Hexaghost","floor":16,"turns":9},{"damage":7,"enemies":"2 Thieves","floor":18,"turns":4},{"damage":6,"enemies":"Shell Parasite","floor":22,"turns":4},{"damage":31,"enemies":"Slavers","floor":24,"turns":7},{"damage":6,"enemies":"Gremlin Leader","floor":28,"turns":5},{"damage":6,"enemies":"3 Cultists","floor":29,"turns":4},{"damage":29,"enemies":"Book of Stabbing","floor":30,"turns":4},{"damage":7,"enemies":"Cultist and Chosen","floor":31,"turns":4},{"damage":42,"enemies":"Collector","floor":33,"turns":7},{"damage":0,"enemies":"3 Shapes","floor":35,"turns":5},{"damage":20,"enemies":"Orb Walker","floor":37,"turns":3},{"damage":62,"enemies":"Transient","floor":38,"turns":5},{"damage":22,"enemies":"Giant Head","floor":40,"turns":7},{"damage":26,"enemies":"Writhing Mass","floor":41,"turns":6},{"damage":17,"enemies":"Reptomancer","floor":44,"turns":7},{"damage":4,"enemies":"Jaw Worm Horde","floor":45,"turns":3},{"damage":7,"enemies":"Transient","floor":46,"turns":5},{"damage":39,"enemies":"2 Orb Walkers","floor":48,"turns":4},{"damage":68,"enemies":"Donu and Deca","floor":50,"turns":7}],"seed_played":"5495350733987751565","potions_obtained":[{"floor":1.0,"key":"LiquidBronze"},{"floor":5.0,"key":"Weak Potion"},{"floor":6.0,"key":"SteroidPotion"},{"floor":24,"key":"EssenceOfSteel"},{"floor":28,"key":"AttackPotion"},{"floor":34,"key":"Ancient Potion"}],"is_trial":false,"path_per_floor":["M","M","?","$","M","E","M","R","T","$","M","E","R","E","R","B",null,"M","?","?","?","M","R","E","R","T","R","E","M","E","M","R","B",null,"M","?","M","M","$","E","M","R","T","E","M","M","R","?","R","B"],"character_chosen":"IRONCLAD","items_purchased":["Metallicize","Pommel Strike","Shrug It Off","PowerPotion","PowerPotion"],"campfire_rested":3,"item_purchase_floors":[4,4,39,39,39],"current_hp_per_floor":[72,69,69,69,75,63,65,65,65,65,70,49,49,44,44,11,64,63,63,63,63,63,63,38,38,38,62,68,72,55,60,60,32,75,87,87,75,27,27,21,9,35,35,34,40,45,45,30,60,0],"gold":409,"neow_bonus":"TEN_PERCENT_HP_BONUS","is_prod":false,"is_daily":false,"chose_seed":false,"campfire_upgraded":6,"win_rate":0,"timestamp":1554927502,"path_taken":["M","M","?","$","?","E","M","R","T","$","M","E","R","E","R","BOSS","M","?","?","?","M","R","E","R","T","R","E","M","E","M","R","BOSS","M","?","M","M","$","E","?","R","T","E","M","M","R","?","R","BOSS"],"build_version":"2019-01-23","purchased_purges":2,"victory":false,"max_hp_per_floor":[82,82,82,82,82,82,82,82,82,82,82,82,82,82,82,82,82,82,82,82,82,82,82,82,82,82,82,82,82,82,82,82,82,87,87,87,87,87,87,87,87,87,87,87,87,87,87,101,101,101],"card_choices":[{"not_picked":["Evolve","Clash","Searing Blow"],"picked":"SKIP","floor":1.0},{"not_picked":["Rampage","Havoc"],"picked":"Iron Wave","floor":2.0},{"not_picked":["Body Slam","Impervious"],"picked":"Twin Strike","floor":5.0},{"not_picked":["Seeing Red","Power Through","Wild Strike"],"picked":"SKIP","floor":6.0},{"not_picked":["Intimidate","Iron Wave"],"picked":"Headbutt","floor":7.0},{"not_picked":["Thunderclap","Headbutt"],"picked":"Clothesline","floor":11.0},{"not_picked":["Heavy Blade","Rupture","Rage"],"picked":"SKIP","floor":12.0},{"not_picked":["Pommel Strike","Perfected Strike"],"picked":"Inflame","floor":14},{"not_picked":["Double Tap","Brutality"],"picked":"Offering","floor":16},{"not_picked":["Perfected Strike","Spot Weakness"],"picked":"Shockwave","floor":18},{"not_picked":["Cleave","Thunderclap","Flex"],"picked":"SKIP","floor":22},{"not_picked":["Shockwave","Warcry+1","Blood for Blood"],"picked":"SKIP","floor":24},{"not_picked":["Perfected Strike","Wild Strike","Berserk"],"picked":"SKIP","floor":28},{"not_picked":["Second Wind","Rage"],"picked":"Sword Boomerang+1","floor":29},{"not_picked":["Body Slam","Anger","Clash"],"picked":"SKIP","floor":29},{"not_picked":["Seeing Red","Bludgeon","Heavy Blade"],"picked":"SKIP","floor":30},{"not_picked":["Warcry","Twin Strike"],"picked":"Demon Form","floor":31},{"not_picked":["Feel No Pain+1","Armaments"],"picked":"Disarm","floor":31},{"not_picked":["Bludgeon","Barricade"],"picked":"Juggernaut","floor":33},{"not_picked":["Iron Wave","Body Slam"],"picked":"Heavy Blade+1","floor":35},{"not_picked":["Twin Strike","Clothesline","Anger"],"picked":"SKIP","floor":35},{"not_picked":["Thunderclap","Intimidate"],"picked":"Pommel Strike+1","floor":37},{"not_picked":["Ghostly Armor","Berserk","Infernal Blade+1"],"picked":"SKIP","floor":37},{"not_picked":["Berserk","Infernal Blade+1"],"picked":"Ghostly Armor","floor":37},{"not_picked":["Twin Strike","Heavy Blade","Spot Weakness+1"],"picked":"SKIP","floor":38},{"not_picked":["Warcry","Flex","Headbutt"],"picked":"SKIP","floor":38},{"not_picked":["Sentinel","Twin Strike","Sword Boomerang"],"picked":"SKIP","floor":40},{"not_picked":["Rage","Blood for Blood"],"picked":"Disarm","floor":41},{"not_picked":["Heavy Blade","Spot Weakness","Juggernaut"],"picked":"SKIP","floor":41},{"not_picked":["Shockwave","Fire Breathing","Rupture"],"picked":"SKIP","floor":44},{"not_picked":["Twin Strike","Thunderclap","Havoc"],"picked":"SKIP","floor":45},{"not_picked":["Shockwave","Heavy Blade","Twin Strike"],"picked":"SKIP","floor":45},{"not_picked":["Blood for Blood+1","Armaments","Heavy Blade"],"picked":"SKIP","floor":46},{"not_picked":["Ghostly Armor","Exhume","Headbutt"],"picked":"SKIP","floor":46},{"not_picked":["Ghostly Armor","Headbutt"],"picked":"Exhume","floor":46},{"not_picked":["Blood for Blood+1","Armaments","Heavy Blade"],"picked":"SKIP","floor":46}],"player_experience":837369,"relics_obtained":[{"floor":6.0,"key":"Art of War"},{"floor":9.0,"key":"Bag of Preparation"},{"floor":12.0,"key":"Gremlin Horn"},{"floor":24,"key":"Bird Faced Urn"},{"floor":26,"key":"Blood Vial"},{"floor":28,"key":"Prayer Wheel"},{"floor":30,"key":"Charon\u0027s Ashes"},{"floor":40,"key":"War Paint"},{"floor":44,"key":"Red Skull"},{"floor":48,"key":"Mango"}],"event_choices":[{"damage_healed":0.0,"max_hp_gain":0.0,"max_hp_loss":0.0,"gold_gain":0.0,"cards_transformed":["Strike_R"],"event_name":"Transmorgrifier","player_choice":"Transformed","floor":3.0,"gold_loss":0.0,"damage_taken":0.0,"cards_obtained":["Sentinel"]},{"damage_healed":0,"gold_gain":0,"player_choice":"Inject Mutagens","damage_taken":0,"relics_obtained":["MutagenicStrength"],"max_hp_gain":0,"max_hp_loss":0,"event_name":"Drug Dealer","floor":19,"gold_loss":0},{"cards_removed":["Strike_R"],"damage_healed":0,"gold_gain":0,"player_choice":"Gave Gold","damage_taken":0,"max_hp_gain":0,"max_hp_loss":0,"event_name":"Beggar","floor":20,"gold_loss":75},{"damage_healed":0,"gold_gain":0,"player_choice":"Simplicity","damage_taken":0,"max_hp_gain":0,"max_hp_loss":0,"event_name":"Back to Basics","floor":21,"gold_loss":0,"cards_upgraded":["Strike_R","Strike_R","Defend_R","Defend_R","Defend_R","Defend_R"]},{"cards_removed":["Sentinel"],"damage_healed":0,"gold_gain":0,"player_choice":"Purged","damage_taken":0,"max_hp_gain":0,"max_hp_loss":0,"event_name":"Purifier","floor":36,"gold_loss":0},{"damage_healed":0,"gold_gain":0,"player_choice":"Fight","damage_taken":0,"max_hp_gain":0,"max_hp_loss":0,"event_name":"Mysterious Sphere","floor":48,"gold_loss":0}],"is_beta":false,"boss_relics":[{"not_picked":["Orrery","Coffee Dripper"],"picked":"Mark of Pain"},{"not_picked":["Runic Cube","Cursed Key"],"picked":"Tiny House"}],"items_purged_floors":[10,39],"is_endless":false,"potions_floor_spawned":[1,5,6,12,24,28,31,41,44,48],"killed_by":"Donu and Deca","ascension_level":15}