{"gold_per_floor":[113,123,123,15,15,47,67,98,98,110,138,157,173,207,207,308,308,319,319,319,338,354,354,384,384,452,452,33,65,75,25,25,126,126,146,0,0,17,17,47,47,47,47,58,58,58,85,102,102,102],"floor_reached":51,"playtime":4539,"items_purged":[],"score":988,"play_id":"9f1143ba-4b0a-4aa5-93b3-c8c68cf74060","local_time":"20180820040357","is_ascension_mode":true,"campfire_choices":[{"floor":15.0,"key":"REST"},{"data":"Infinite Blades","floor":23,"key":"SMITH"},{"data":"Distraction","floor":27,"key":"SMITH"},{"data":"Accuracy","floor":32,"key":"SMITH"},{"data":"After Image","floor":41,"key":"SMITH"},{"data":"Cloak And Dagger","floor":49,"key":"SMITH"}],"neow_cost":"NONE","seed_source_timestamp":0,"circlet_count":0,"master_deck":["Defend_G+1","Defend_G+1","Defend_G+1","Defend_G+1","Defend_G+1","Strike_G+1","Strike_G+1","Strike_G+1","Strike_G+1","Strike_G+1","Survivor","Neutralize+1","Crippling Poison","Accuracy+1","Underhanded Strike","Infinite Blades+1","Cloak And Dagger+1","Distraction+1","Blade Dance","Backflip","Well Laid Plans","Blade Dance","Masterful Stab","Blade Dance+1","Storm of Steel+1","Accuracy+1","RitualDagger","Setup+1","Catalyst+1","Blade Dance+1","Secret Technique+1","PanicButton+1","Acrobatics+1","Dodge and Roll+1","Concentrate+1","After Image+1","Dodge and Roll+1","Cloak And Dagger+1","Calculated Gamble+1","Madness+1","Madness+1","PiercingWail+1","Terror+1","Dodge and Roll+1","Blade Dance+1","PiercingWail+1"],"special_seed":0,"relics":["Black Star","Potion Belt","Juzu Bracelet","Torii","Calipers","Mercury Hourglass","Oddly Smooth Stone","Boot","Toxic Egg 2","Gremlin Horn","Eternal Feather","Ornamental Fan","The Courier","Bottled Flame","Lee\u0027s Waffle","Pear","Bottled Tornado","Sozu","Red Mask","Smiling Mask","Incense Burner","Dead Branch","Mango","Prayer Wheel","CultistMask","Bronze Scales","Bag of Preparation"],"potions_floor_usage":[18,24,29,33,44],"damage_taken":[{"damage":2.0,"enemies":"Small Slimes","floor":1.0,"turns":7.0},{"damage":0.0,"enemies":"Jaw Worm","floor":2.0,"turns":4.0},{"damage":22.0,"enemies":"Lagavulin","floor":6.0,"turns":8.0},{"damage":0.0,"enemies":"Cultist","floor":7.0,"turns":4.0},{"damage":23.0,"enemies":"Gremlin Nob","floor":8.0,"turns":5.0},{"damage":0.0,"enemies":"2 Fungi Beasts","floor":10.0,"turns":3.0},{"damage":4.0,"enemies":"3 Sentries","floor":11.0,"turns":8.0},{"damage":1.0,"enemies":"Looter","floor":12.0,"turns":3.0},{"damage":1.0,"enemies":"3 Louse","floor":13.0,"turns":3.0},{"damage":8.0,"enemies":"Lagavulin","floor":14.0,"turns":6.0},{"damage":8.0,"enemies":"Hexaghost","floor":16.0,"turns":10.0},{"damage":9,"enemies":"Shell Parasite","floor":18,"turns":4},{"damage":6,"enemies":"3 Byrds","floor":21,"turns":3},{"damage":4,"enemies":"Snake Plant","floor":22,"turns":5},{"damage":2,"enemies":"Gremlin Leader","floor":24,"turns":5},{"damage":17,"enemies":"Slavers","floor":29,"turns":4},{"damage":11,"enemies":"Shelled Parasite and Fungi","floor":30,"turns":4},{"damage":79,"enemies":"Automaton","floor":33,"turns":7},{"damage":20,"enemies":"3 Darklings","floor":35,"turns":4},{"damage":0,"enemies":"Flame Bruiser 1 Orb","floor":38,"turns":3},{"damage":1,"enemies":"Giant Head","floor":40,"turns":8},{"damage":12,"enemies":"4 Shapes","floor":44,"turns":2},{"damage":0,"floor":45,"turns":3},{"damage":1,"enemies":"Nemesis","floor":47,"turns":7},{"damage":11,"enemies":"Spire Growth","floor":48,"turns":5},{"damage":0,"enemies":"Awakened One","floor":50,"turns":9}],"seed_played":"2230458728276794513","potions_obtained":[{"floor":1.0,"key":"PowerPotion"},{"floor":8.0,"key":"Swift Potion"},{"floor":10.0,"key":"Regen Potion"},{"floor":14.0,"key":"GamblersBrew"},{"floor":16.0,"key":"GamblersBrew"},{"floor":21,"key":"FearPotion"},{"floor":29,"key":"Strength Potion"},{"floor":30,"key":"FearPotion"}],"is_trial":false,"path_per_floor":["M","M","?","$","?","E","M","E","T","M","E","M","M","E","R","B",null,"M","?","?","M","M","R","E","?","T","R","$","E","M","?","R","B",null,"M","?","$","M","T","E","R","?","T","M","?","?","E","M","R","B"],"character_chosen":"THE_SILENT","items_purchased":["Underhanded Strike","Infinite Blades","Secret Technique+1","PanicButton+1","Lee\u0027s Waffle","Acrobatics+1"],"campfire_rested":1,"item_purchase_floors":[4,4,28,28,28,28],"current_hp_per_floor":[68,68,68,68,54,32,32,9,9,9,20,19,18,10,31,23,70,61,55,55,49,45,60,58,70,70,70,77,70,59,59,80,1,87,67,67,67,67,67,66,87,76,90,78,78,78,77,66,93,93],"gold":102,"neow_bonus":"BOSS_RELIC","is_prod":false,"is_daily":false,"chose_seed":false,"campfire_upgraded":5,"win_rate":0,"timestamp":1534734237,"path_taken":["M","M","?","?","?","E","M","E","T","M","E","M","M","E","R","BOSS","M","?","?","M","M","R","E","?","T","R","$","E","M","?","R","BOSS","M","?","$","M","?","E","R","?","T","M","?","?","E","M","R","BOSS"],"build_version":"2018-08-16","purchased_purges":0,"victory":true,"max_hp_per_floor":[70,70,70,70,70,70,70,70,70,70,70,70,70,70,70,70,70,70,70,70,70,70,70,70,70,70,70,77,87,87,87,87,87,87,87,87,87,87,87,87,87,87,101,101,101,101,101,101,101,101],"card_choices":[{"not_picked":["Acrobatics","Distraction"],"picked":"Crippling Poison","floor":1.0},{"not_picked":["Deadly Poison","Dodge and Roll"],"picked":"Accuracy","floor":2.0},{"not_picked":["Skewer","Bouncing Flask"],"picked":"Cloak And Dagger","floor":6.0},{"not_picked":["Eviscerate","Bane"],"picked":"Distraction","floor":7.0},{"not_picked":["Night Terror","Catalyst"],"picked":"Blade Dance","floor":8.0},{"not_picked":["Slice","Sucker Punch"],"picked":"Backflip","floor":10.0},{"not_picked":["Grand Finale","Calculated Gamble"],"picked":"Well Laid Plans","floor":11.0},{"not_picked":["Tactician","Dodge and Roll"],"picked":"Blade Dance","floor":12.0},{"not_picked":["Terror","PiercingWail"],"picked":"Masterful Stab","floor":13.0},{"not_picked":["Flying Knee","Bane"],"picked":"Blade Dance","floor":14.0},{"not_picked":["After Image","Adrenaline+1"],"picked":"Storm of Steel+1","floor":16.0},{"not_picked":["Cloak And Dagger+1","Endless Agony+1"],"picked":"Accuracy+1","floor":18},{"not_picked":["Finisher","Dodge and Roll+1"],"picked":"Setup+1","floor":21},{"not_picked":["Predator","Dagger Throw+1"],"picked":"Catalyst+1","floor":22},{"not_picked":["Riddle With Holes","Prepared+1"],"picked":"Blade Dance+1","floor":24},{"not_picked":["Expertise+1","Flying Knee"],"picked":"Dodge and Roll+1","floor":29},{"not_picked":["PiercingWail+1","Quick Slash"],"picked":"Concentrate+1","floor":30},{"not_picked":["Wraith Form v2","Die Die Die"],"picked":"After Image","floor":33},{"not_picked":["All Out Attack","Setup+1"],"picked":"Dodge and Roll+1","floor":35},{"not_picked":["PiercingWail+1","Sucker Punch+1"],"picked":"Cloak And Dagger+1","floor":38},{"not_picked":["Backstab","Flechettes"],"picked":"Calculated Gamble+1","floor":40},{"not_picked":["Bane","Footwork+1"],"picked":"PiercingWail+1","floor":44},{"not_picked":["Blade Dance+1","Dagger Spray+1"],"picked":"Terror+1","floor":45},{"not_picked":["Skewer","Escape Plan+1"],"picked":"Dodge and Roll+1","floor":47},{"not_picked":["Calculated Gamble+1","Heel Hook+1"],"picked":"Blade Dance+1","floor":48},{"not_picked":["Choke","Sucker Punch"],"picked":"PiercingWail+1","floor":48}],"player_experience":123133,"relics_obtained":[{"floor":6.0,"key":"Potion Belt"},{"floor":6.0,"key":"Juzu Bracelet"},{"floor":8.0,"key":"Torii"},{"floor":8.0,"key":"Calipers"},{"floor":9.0,"key":"Mercury Hourglass"},{"floor":11.0,"key":"Oddly Smooth Stone"},{"floor":11.0,"key":"Boot"},{"floor":14.0,"key":"Toxic Egg 2"},{"floor":14.0,"key":"Gremlin Horn"},{"floor":24,"key":"Ornamental Fan"},{"floor":24,"key":"The Courier"},{"floor":26,"key":"Bottled Flame"},{"floor":29,"key":"Pear"},{"floor":29,"key":"Bottled Tornado"},{"floor":39,"key":"Smiling Mask"},{"floor":40,"key":"Incense Burner"},{"floor":40,"key":"Dead Branch"},{"floor":43,"key":"Mango"},{"floor":45,"key":"Prayer Wheel"},{"floor":47,"key":"Bronze Scales"},{"floor":47,"key":"Bag of Preparation"}],"event_choices":[{"event_name":"The Cleric","player_choice":"Leave","floor":3.0,"damage_taken":0.0},{"event_name":"Shining Light","player_choice":"Entered Light","floor":5.0,"damage_taken":0.0},{"event_name":"Nest","player_choice":"Joined the Cult","floor":19,"damage_taken":0},{"event_name":"Back to Basics","player_choice":"Simplicity","floor":20,"damage_taken":0},{"event_name":"Wheel of Change","player_choice":"Full Heal","floor":25,"damage_taken":0},{"event_name":"The Joust","player_choice":"Bet on Murderer","floor":31,"damage_taken":0},{"event_name":"Tomb of Lord Red Mask","player_choice":"Paid","floor":36,"damage_taken":0},{"event_name":"Winding Halls","player_choice":"Embrace Madness","floor":42,"damage_taken":0},{"event_name":"MindBloom","player_choice":"Fight","floor":45,"damage_taken":0},{"event_name":"FaceTrader","player_choice":"Trade","floor":46,"damage_taken":0}],"is_beta":false,"boss_relics":[{"not_picked":["Ectoplasm","Empty Cage"],"picked":"Eternal Feather"},{"not_picked":["Runic Dome","Fusion Hammer"],"picked":"Sozu"}],"items_purged_floors":[],"is_endless":false,"potions_floor_spawned":[1,8,10,14,16,21,29,30,35,40,44,47],"ascension_level":1}