{"gold_per_floor":[119,69,17,28,28,28,47,64,114,140,157,157,7,7,7,7],"floor_reached":16,"playtime":595,"items_purged":["Parasite"],"score":100,"play_id":"60f8384a-c290-4b0c-b1be-15f955ab0610","local_time":"20181123124016","is_ascension_mode":false,"campfire_choices":[{"floor":6.0,"key":"RECALL"},{"data":"Defragment","floor":15.0,"key":"SMITH"}],"neow_cost":"TEN_PERCENT_HP_LOSS","seed_source_timestamp":4097889421224,"circlet_count":0,"master_deck":["Strike_B","Defend_B","Defend_B","Defend_B","Defend_B","Zap+1","Dualcast","BootSequence","Go for the Eyes","Heatsinks","Gash","Genetic Algorithm","Defragment+1"],"special_seed":0,"relics":["Cracked Core","Vajra"],"potions_floor_usage":[16],"damage_taken":[{"damage":1.0,"enemies":"2 Louse","floor":1.0,"turns":2.0},{"damage":5.0,"enemies":"Small Slimes","floor":4.0,"turns":4.0},{"damage":1.0,"enemies":"Cultist","floor":7.0,"turns":3.0},{"damage":2.0,"enemies":"Blue Slaver","floor":8.0,"turns":3.0},{"damage":43.0,"enemies":"Gremlin Nob","floor":10.0,"turns":6.0},{"damage":12.0,"enemies":"Exordium Wildlife","floor":11.0,"turns":6.0},{"damage":23,"enemies":"Hexaghost","floor":16,"turns":11}],"seed_played":"-7544992142667404194","potions_obtained":[{"floor":1.0,"key":"FocusPotion"},{"floor":7.0,"key":"Dexterity Potion"},{"floor":10.0,"key":"Weak Potion"}],"is_trial":false,"path_per_floor":["M","?","$","M","?","R","M","M","T","E","M","?","$","$","R","B"],"character_chosen":"DEFECT","items_purchased":["Go for the Eyes","Defragment"],"campfire_rested":0,"item_purchase_floors":[3,13],"current_hp_per_floor":[67,67,67,62,62,62,61,59,59,16,4,21,21,21,21,0],"gold":7,"neow_bonus":"REMOVE_TWO","is_prod":false,"is_daily":false,"chose_seed":false,"campfire_upgraded":1,"win_rate":0,"timestamp":1543005616,"path_taken":["M","?","$","M","?","R","?","M","T","E","M","?","?","$","R","BOSS"],"build_version":"2018-11-15","purchased_purges":1,"victory":false,"max_hp_per_floor":[68,68,68,68,68,68,68,68,68,68,68,68,65,65,65,65],"card_choices":[{"not_picked":["Stack","Ball Lightning"],"picked":"BootSequence","floor":1.0},{"not_picked":["Turbo","Compile Driver"],"picked":"Heatsinks","floor":4.0},{"not_picked":["Cold Snap","Stack","Beam Cell"],"picked":"SKIP","floor":7.0},{"not_picked":["Glacier","Rebound"],"picked":"Gash","floor":8.0},{"not_picked":["Sweeping Beam","Compile Driver","Sunder"],"picked":"SKIP","floor":10.0},{"not_picked":["Cold Snap","Turbo"],"picked":"Genetic Algorithm","floor":11.0}],"player_experience":479803,"relics_obtained":[{"floor":10.0,"key":"Vajra"}],"event_choices":[{"cards_removed":["Strike_B"],"damage_healed":0.0,"max_hp_gain":0.0,"max_hp_loss":0.0,"gold_gain":0.0,"event_name":"The Cleric","player_choice":"Card Removal","floor":2.0,"gold_loss":50.0,"damage_taken":0.0},{"damage_healed":0.0,"max_hp_gain":0.0,"max_hp_loss":0.0,"gold_gain":0.0,"event_name":"Accursed Blacksmith","player_choice":"Forge","floor":5.0,"gold_loss":0.0,"damage_taken":0.0,"cards_upgraded":["Zap"]},{"damage_healed":17.0,"max_hp_gain":0.0,"max_hp_loss":0.0,"gold_gain":0.0,"event_name":"Mushrooms","player_choice":"Healed and dodged fight","floor":12.0,"gold_loss":0.0,"damage_taken":0.0,"cards_obtained":["Parasite"]}],"is_beta":false,"boss_relics":[],"items_purged_floors":[13],"is_endless":false,"potions_floor_spawned":[1,7,10],"killed_by":"Hexaghost","ascension_level":0}