{"gold_per_floor":[114,114,124,54,70,100,100,117,117,117,292,304,322,322,322,417,447,458,458,478,478,478,511,538,538,538,538],"floor_reached":27,"playtime":918,"items_purged":[],"score":351,"play_id":"b669213b-b396-412f-8e27-f22840e3ea20","local_time":"20180923222953","is_ascension_mode":true,"campfire_choices":[{"data":"Inflame","floor":10.0,"key":"SMITH"},{"data":"Rupture","floor":15.0,"key":"SMITH"},{"floor":25,"key":"REST"}],"neow_cost":"","seed_source_timestamp":0,"circlet_count":0,"master_deck":["Strike_R","Strike_R","Strike_R","Strike_R","Defend_R+1","Defend_R","Defend_R","Defend_R","Bash","Rupture+1","Inflame+1","Pummel","Clash","Seeing Red+1","Hemokinesis","Dropkick","Dark Embrace","Normality","Doubt","Clumsy","Heavy Blade+1","Combust","Burning Pact+1"],"special_seed":0,"relics":["Burning Blood","Bag of Preparation","Bottled Flame","Vajra","Calling Bell","Tiny Chest","Mummified Hand","Incense Burner","Bottled Tornado","Matryoshka","Molten Egg 2","War Paint","Toxic Egg 2","Unceasing Top"],"potions_floor_usage":[23,23],"damage_taken":[{"damage":3.0,"enemies":"Small Slimes","floor":1.0,"turns":4.0},{"damage":7.0,"enemies":"2 Louse","floor":3.0,"turns":3.0},{"damage":2.0,"enemies":"Jaw Worm","floor":5.0,"turns":3.0},{"damage":32.0,"enemies":"Gremlin Nob","floor":6.0,"turns":4.0},{"damage":14.0,"enemies":"Red Slaver","floor":8.0,"turns":3.0},{"damage":8.0,"enemies":"Blue Slaver","floor":12.0,"turns":2.0},{"damage":11.0,"enemies":"Large Slime","floor":13.0,"turns":4.0},{"damage":3.0,"enemies":"Slime Boss","floor":16.0,"turns":4.0},{"damage":42.0,"enemies":"3 Byrds","floor":18.0,"turns":4.0},{"damage":6.0,"enemies":"2 Thieves","floor":20.0,"turns":3.0},{"damage":60,"enemies":"Gremlin Leader","floor":23,"turns":5},{"damage":39,"enemies":"Slavers","floor":27,"turns":2}],"seed_played":"2727746028384321141","potions_obtained":[{"floor":1.0,"key":"Ancient Potion"},{"floor":3.0,"key":"FearPotion"},{"floor":13.0,"key":"LiquidBronze"},{"floor":18.0,"key":"SteroidPotion"},{"floor":22.0,"key":"BloodPotion"},{"floor":22.0,"key":"FairyPotion"},{"floor":22.0,"key":"Regen Potion"}],"is_trial":false,"path_per_floor":["M","?","M","$","M","E","?","M","T","R","?","M","M","?","R","B",null,"M","?","M","T","?","E","T","R","T"],"character_chosen":"IRONCLAD","items_purchased":["Inflame"],"campfire_rested":1,"item_purchase_floors":[4],"current_hp_per_floor":[80,77,76,76,80,54,54,46,46,46,46,44,39,39,39,42,71,35,35,35,35,35,13,13,37,37,0],"gold":538,"neow_bonus":"","is_prod":false,"is_daily":false,"chose_seed":false,"campfire_upgraded":2,"win_rate":0,"timestamp":1537766993,"path_taken":["M","?","?","?","M","E","?","M","T","R","?","?","M","?","R","BOSS","M","?","M","?","?","E","?","R","T","E"],"build_version":"2018-09-20","purchased_purges":0,"victory":false,"max_hp_per_floor":[80,80,80,80,80,80,80,80,80,80,80,80,80,80,80,80,80,80,80,80,80,80,80,80,80,80,80],"card_choices":[{"not_picked":["Heavy Blade","Searing Blow"],"picked":"Rupture","floor":1.0},{"not_picked":["Power Through","Sword Boomerang","Wild Strike"],"picked":"SKIP","floor":3.0},{"not_picked":["Twin Strike","Iron Wave","Sword Boomerang"],"picked":"SKIP","floor":5.0},{"not_picked":["Exhume","Corruption"],"picked":"Pummel","floor":6.0},{"not_picked":["Feel No Pain","True Grit"],"picked":"Seeing Red","floor":8.0},{"not_picked":["Twin Strike","True Grit"],"picked":"Hemokinesis","floor":12.0},{"not_picked":["True Grit","Cleave"],"picked":"Dropkick","floor":13.0},{"not_picked":["Demon Form","Berserk"],"picked":"Dark Embrace","floor":16.0},{"not_picked":["Entrench+1","Flex"],"picked":"Heavy Blade+1","floor":18.0},{"not_picked":["Shrug It Off+1","Iron Wave"],"picked":"Combust","floor":20.0},{"not_picked":["Twin Strike","Havoc"],"picked":"Burning Pact+1","floor":23}],"player_experience":328767,"relics_obtained":[{"floor":6.0,"key":"Bottled Flame"},{"floor":9.0,"key":"Vajra"},{"floor":17.0,"key":"Tiny Chest"},{"floor":17.0,"key":"Mummified Hand"},{"floor":17.0,"key":"Incense Burner"},{"floor":21.0,"key":"Bottled Tornado"},{"floor":23,"key":"Matryoshka"},{"floor":24,"key":"Molten Egg 2"},{"floor":24,"key":"War Paint"},{"floor":26,"key":"Toxic Egg 2"},{"floor":26,"key":"Unceasing Top"}],"event_choices":[{"event_name":"Scrap Ooze","player_choice":"success","floor":2.0,"damage_taken":3.0},{"event_name":"Transmorgrifier","player_choice":"Transform","floor":7.0,"damage_taken":0.0},{"event_name":"Liars Game","player_choice":"agreed","floor":11.0,"damage_taken":0.0},{"event_name":"Fountain of Cleansing","player_choice":"Removed Curse","floor":14.0,"damage_taken":0.0},{"event_name":"Ghosts","player_choice":"Ignored","floor":19.0,"damage_taken":0.0},{"event_name":"The Lab","player_choice":"Got Potions","floor":22.0,"damage_taken":0.0}],"is_beta":false,"boss_relics":[{"not_picked":["Snecko Eye","Busted Crown"],"picked":"Calling Bell"}],"items_purged_floors":[],"is_endless":false,"potions_floor_spawned":[1,3,13,18],"killed_by":"Slavers","ascension_level":5}