{"gold_per_floor":[116,116,39,39,39,39,58,58,129,43,43,43,68,93,93,183,183,197,197,197,16,16,16,30,30,30,62,62,81,94,112,112,186,186,201,215,232,246,291,291,316,316,316,343,343,343,343,378,378,378],"floor_reached":51,"playtime":3024,"items_purged":[],"score":1505,"play_id":"33301f57-79c1-4d83-b006-09ee1feb5a36","local_time":"20190120213754","is_ascension_mode":true,"campfire_choices":[{"data":"Noxious Fumes","floor":6.0,"key":"SMITH"},{"data":"Dagger Spray","floor":8.0,"key":"SMITH"},{"data":"Noxious Fumes","floor":12.0,"key":"SMITH"},{"data":"Neutralize","floor":15.0,"key":"SMITH"},{"data":"Adrenaline","floor":23.0,"key":"SMITH"},{"floor":25.0,"key":"REST"},{"data":"Well Laid Plans","floor":28.0,"key":"SMITH"},{"floor":32.0,"key":"REST"},{"data":"Catalyst","floor":40.0,"key":"SMITH"},{"floor":42.0,"key":"REST"},{"data":"Crippling Poison","floor":45.0,"key":"SMITH"},{"floor":47.0,"key":"REST"},{"floor":49,"key":"REST"}],"neow_cost":"NONE","seed_source_timestamp":29345164829972,"circlet_count":0,"master_deck":["AscendersBane","Defend_G+1","Defend_G+1","Defend_G+1","Defend_G+1","Defend_G+1","Strike_G+1","Strike_G+1","Strike_G+1","Survivor","Neutralize+1","PiercingWail","Noxious Fumes+1","Dagger Spray+1","Noxious Fumes+1","Well Laid Plans+1","Adrenaline+1","Leg Sweep+1","Dash","Crippling Poison+1","Deflect+1","Dodge and Roll+1","Corpse Explosion","Wraith Form v2+1","Doubt","Escape Plan+1","Accuracy+1","Catalyst+1","Calculated Gamble+1","Escape Plan+1","Well Laid Plans+1"],"special_seed":0,"relics":["Ring of the Snake","NeowsBlessing","Bloody Idol","FaceOfCleric","Ninja Scroll","Cursed Key","Bronze Scales","Frozen Egg 2","Astrolabe","Shovel","Dream Catcher","War Paint","Smiling Mask"],"potions_floor_usage":[48,50],"damage_taken":[{"damage":0.0,"enemies":"2 Louse","floor":1.0,"turns":1.0},{"damage":0.0,"enemies":"Cultist","floor":7.0,"turns":1.0},{"damage":0.0,"enemies":"Small Slimes","floor":13.0,"turns":1.0},{"damage":0.0,"enemies":"Looter","floor":14.0,"turns":4.0},{"damage":28.0,"enemies":"Slime Boss","floor":16.0,"turns":7.0},{"damage":17.0,"enemies":"Spheric Guardian","floor":18.0,"turns":6.0},{"damage":11.0,"enemies":"Shell Parasite","floor":24.0,"turns":5.0},{"damage":3.0,"enemies":"Gremlin Leader","floor":27.0,"turns":6.0},{"damage":25.0,"enemies":"Snecko","floor":29.0,"turns":7.0},{"damage":2.0,"enemies":"Centurion and Healer","floor":30.0,"turns":6.0},{"damage":18.0,"enemies":"3 Cultists","floor":31.0,"turns":5.0},{"damage":30.0,"enemies":"Collector","floor":33.0,"turns":9.0},{"damage":0.0,"enemies":"3 Shapes","floor":35.0,"turns":5.0},{"damage":2.0,"enemies":"Orb Walker","floor":36.0,"turns":6.0},{"damage":1.0,"enemies":"Maw","floor":37.0,"turns":8.0},{"damage":3.0,"enemies":"Sphere and 2 Shapes","floor":38.0,"turns":6.0},{"damage":0.0,"enemies":"2 Orb Walkers","floor":39.0,"turns":4.0},{"damage":64.0,"enemies":"Giant Head","floor":41.0,"turns":10.0},{"damage":0.0,"enemies":"Nemesis","floor":44.0,"turns":7.0},{"damage":37,"enemies":"Reptomancer","floor":48,"turns":8},{"damage":42,"enemies":"Time Eater","floor":50,"turns":15}],"seed_played":"-2590863493927358573","potions_obtained":[{"floor":13.0,"key":"PowerPotion"},{"floor":14.0,"key":"Block Potion"},{"floor":18.0,"key":"GhostInAJar"},{"floor":36.0,"key":"GamblersBrew"},{"floor":38.0,"key":"GamblersBrew"},{"floor":48,"key":"Fire Potion"}],"is_trial":false,"path_per_floor":["M","?","$","?","?","R","M","R","T","$","?","R","M","M","R","B",null,"M","?","?","$","?","R","M","R","T","E","R","M","M","M","R","B",null,"M","M","M","M","?","R","E","R","T","E","R","?","R","E","R","B",null],"character_chosen":"THE_SILENT","items_purchased":["Noxious Fumes","Noxious Fumes","Dash","Crippling Poison","Deflect"],"campfire_rested":5,"item_purchase_floors":[3,10,21,21,21],"current_hp_per_floor":[59,59,59,41,41,41,42,42,42,42,47,47,48,49,49,22,57,41,41,41,41,41,41,36,57,57,60,60,41,45,33,55,31,65,71,75,79,80,81,81,23,47,47,53,53,53,77,46,71,30],"gold":378,"neow_bonus":"THREE_ENEMY_KILL","is_prod":false,"is_daily":false,"chose_seed":false,"campfire_upgraded":8,"win_rate":0,"timestamp":1548009474,"path_taken":["M","?","$","?","?","R","?","R","T","?","?","R","M","M","R","BOSS","M","?","?","$","?","R","M","R","T","E","R","M","?","M","R","BOSS","M","M","?","M","?","R","E","R","T","E","R","?","R","E","R","BOSS"],"build_version":"2019-01-17v2","purchased_purges":0,"victory":true,"max_hp_per_floor":[66,60,60,60,60,60,61,61,61,61,66,66,67,68,68,69,69,70,70,70,70,70,70,71,71,71,72,72,73,74,75,75,76,76,77,78,79,80,81,81,82,82,82,83,83,83,83,84,84,85],"card_choices":[{"not_picked":["Bane","Outmaneuver"],"picked":"PiercingWail","floor":1.0},{"not_picked":["Blade Dance","Underhanded Strike"],"picked":"Dagger Spray","floor":7.0},{"not_picked":["Deadly Poison","Flying Knee"],"picked":"Well Laid Plans","floor":13.0},{"not_picked":["Acrobatics","Underhanded Strike","Outmaneuver"],"picked":"SKIP","floor":14.0},{"not_picked":["Venomology","Glass Knife"],"picked":"Adrenaline","floor":16.0},{"not_picked":["Bouncing Flask","Dagger Throw"],"picked":"Leg Sweep+1","floor":18.0},{"not_picked":["Outmaneuver","Prepared","Distraction"],"picked":"SKIP","floor":24.0},{"not_picked":["Concentrate","Sucker Punch","Prepared"],"picked":"SKIP","floor":27.0},{"not_picked":["Deflect","Blade Dance","Infinite Blades+1"],"picked":"SKIP","floor":29.0},{"not_picked":["Cloak And Dagger","Bane"],"picked":"Dodge and Roll+1","floor":30.0},{"not_picked":["Reflex","Deflect"],"picked":"Corpse Explosion","floor":31.0},{"not_picked":["Die Die Die","Phantasmal Killer"],"picked":"Wraith Form v2+1","floor":33.0},{"not_picked":["Concentrate","Poisoned Stab"],"picked":"Catalyst","floor":35.0},{"not_picked":["Dagger Spray","Predator","Dagger Throw+1"],"picked":"SKIP","floor":36.0},{"not_picked":["Setup+1","Slice"],"picked":"Calculated Gamble","floor":37.0},{"not_picked":["Masterful Stab+1","Terror"],"picked":"Escape Plan+1","floor":38.0},{"not_picked":["Dagger Spray","Blade Dance"],"picked":"Well Laid Plans+1","floor":39.0},{"not_picked":["Unload","Underhanded Strike","Deflect+1"],"picked":"SKIP","floor":41.0},{"not_picked":["PiercingWail","Flying Knee+1","Venomology"],"picked":"SKIP","floor":44.0},{"not_picked":["Deadly Poison+1","Slice","Dagger Throw"],"picked":"SKIP","floor":48}],"player_experience":708157,"relics_obtained":[{"floor":9.0,"key":"Ninja Scroll"},{"floor":26.0,"key":"Bronze Scales"},{"floor":27.0,"key":"Frozen Egg 2"},{"floor":39.0,"key":"Shovel"},{"floor":41.0,"key":"Dream Catcher"},{"floor":44.0,"key":"War Paint"},{"floor":48,"key":"Smiling Mask"}],"event_choices":[{"damage_healed":0.0,"max_hp_gain":0.0,"max_hp_loss":6.0,"gold_gain":0.0,"event_name":"Golden Idol","player_choice":"Lose Max HP","floor":2.0,"gold_loss":0.0,"damage_taken":0.0,"relics_obtained":["Golden Idol"]},{"damage_healed":0.0,"max_hp_gain":0.0,"max_hp_loss":0.0,"gold_gain":0.0,"event_name":"Shining Light","player_choice":"Entered Light","floor":4.0,"gold_loss":0.0,"damage_taken":18.0,"cards_upgraded":["Strike_G","Defend_G"]},{"damage_healed":0.0,"max_hp_gain":0.0,"max_hp_loss":0.0,"gold_gain":0.0,"event_name":"FaceTrader","player_choice":"Trade","floor":5.0,"gold_loss":0.0,"damage_taken":0.0,"relics_obtained":["FaceOfCleric"]},{"damage_healed":0.0,"max_hp_gain":5.0,"max_hp_loss":0.0,"gold_gain":0.0,"event_name":"Big Fish","player_choice":"Donut","floor":11.0,"gold_loss":0.0,"damage_taken":0.0},{"damage_healed":0.0,"max_hp_gain":0.0,"max_hp_loss":0.0,"gold_gain":0.0,"event_name":"Back to Basics","player_choice":"Simplicity","floor":19.0,"gold_loss":0.0,"damage_taken":0.0,"cards_upgraded":["Defend_G","Defend_G","Defend_G","Defend_G","Strike_G","Strike_G","Strike_G","Strike_G"]},{"damage_healed":0.0,"max_hp_gain":0.0,"max_hp_loss":0.0,"gold_gain":0.0,"event_name":"Ghosts","player_choice":"Ignored","floor":20.0,"gold_loss":0.0,"damage_taken":0.0},{"damage_healed":0.0,"max_hp_gain":0.0,"max_hp_loss":0.0,"gold_gain":0.0,"event_name":"Forgotten Altar","player_choice":"Gave Idol","floor":22.0,"relics_lost":["Golden Idol"],"gold_loss":0.0,"damage_taken":0.0,"relics_obtained":["Bloody Idol"]},{"damage_healed":0.0,"max_hp_gain":0.0,"max_hp_loss":0.0,"gold_gain":0.0,"event_name":"Mysterious Sphere","player_choice":"Fight","floor":39.0,"gold_loss":0.0,"damage_taken":0.0},{"damage_healed":0.0,"max_hp_gain":0.0,"max_hp_loss":0.0,"gold_gain":0.0,"event_name":"SensoryStone","player_choice":"Memory 1","floor":46.0,"gold_loss":0.0,"damage_taken":0.0}],"is_beta":false,"boss_relics":[{"not_picked":["HoveringKite","White Beast Statue"],"picked":"Cursed Key"},{"not_picked":["Tiny House","WristBlade"],"picked":"Astrolabe"}],"items_purged_floors":[],"is_endless":false,"potions_floor_spawned":[13,14,16,18,29,36,38,48],"ascension_level":18}