{"gold_per_floor":[17,17,34,46,23,23,40,73,73,91,104,104,104,117,117,220,220,237,86,96,96,96,96,107,107,107,138,138,155,165,165,165,268,268,286,386,386,404,404,404,423,423,449,477,4,4,0,26,26,26],"floor_reached":50,"playtime":2526,"items_purged":["Strike_G","Pain"],"score":805,"play_id":"e96bf2e5-a01f-46e0-8a0a-a3d26ad22112","local_time":"20181106224401","is_ascension_mode":true,"campfire_choices":[{"data":"Die Die Die","floor":6.0,"key":"SMITH"},{"floor":13.0,"key":"REST"},{"data":"Caltrops","floor":15.0,"key":"SMITH"},{"floor":23.0,"key":"REST"},{"floor":25.0,"key":"REST"},{"floor":32.0,"key":"REST"},{"floor":40.0,"key":"REST"},{"floor":42.0,"key":"REST"},{"floor":46.0,"key":"REST"},{"floor":49,"key":"REST"}],"neow_cost":"NO_GOLD","seed_source_timestamp":37681911003230,"circlet_count":0,"master_deck":["AscendersBane","Defend_G+1","Defend_G","Defend_G","Defend_G","Defend_G","Strike_G","Strike_G","Strike_G","Survivor","Neutralize","Good Instincts","Trip+1","Dagger Spray","Die Die Die+1","Noxious Fumes","PiercingWail","Deadly Poison","Quick Slash","Poisoned Stab","Caltrops+1","Terror","Corpse Explosion","Dodge and Roll","Well Laid Plans","Dodge and Roll+1","Writhe","Cloak And Dagger","Adrenaline","After Image","Clumsy","Parasite","Noxious Fumes+1","Escape Plan","Outmaneuver","After Image"],"special_seed":0,"relics":["Ring of the Snake","Ice Cream","Ninja Scroll","Lizard Tail","Kunai","Du-Vu Doll","Bottled Flame","Art of War","Calling Bell","War Paint","Gremlin Horn","Incense Burner","Bird Faced Urn","Bag of Marbles","Anchor","Girya","Snake Skull","Toolbox","Red Mask","Regal Pillow"],"potions_floor_usage":[48],"damage_taken":[{"damage":2.0,"enemies":"Jaw Worm","floor":1.0,"turns":5.0},{"damage":0.0,"enemies":"Cultist","floor":3.0,"turns":3.0},{"damage":0.0,"enemies":"2 Louse","floor":4.0,"turns":2.0},{"damage":0.0,"enemies":"Red Slaver","floor":7.0,"turns":4.0},{"damage":28.0,"enemies":"Lagavulin","floor":8.0,"turns":9.0},{"damage":4.0,"enemies":"Exordium Wildlife","floor":10.0,"turns":3.0},{"damage":7.0,"enemies":"3 Louse","floor":11.0,"turns":2.0},{"damage":1.0,"enemies":"Looter","floor":14.0,"turns":4.0},{"damage":34.0,"enemies":"The Guardian","floor":16.0,"turns":9.0},{"damage":19.0,"enemies":"Shell Parasite","floor":18.0,"turns":5.0},{"damage":9.0,"enemies":"Chosen","floor":20.0,"turns":4.0},{"damage":15.0,"enemies":"Snake Plant","floor":24.0,"turns":5.0},{"damage":11.0,"enemies":"Slavers","floor":27.0,"turns":6.0},{"damage":0.0,"enemies":"3 Cultists","floor":29.0,"turns":3.0},{"damage":13.0,"enemies":"Centurion and Healer","floor":30.0,"turns":6.0},{"damage":9.0,"enemies":"Colosseum Slavers","floor":31.0,"turns":3.0},{"damage":23.0,"enemies":"Collector","floor":33.0,"turns":11.0},{"damage":18.0,"enemies":"Orb Walker","floor":35.0,"turns":4.0},{"damage":8.0,"enemies":"Mind Bloom Boss Battle","floor":36.0,"turns":6.0},{"damage":7.0,"enemies":"3 Darklings","floor":38.0,"turns":2.0},{"damage":0.0,"enemies":"Jaw Worm Horde","floor":41.0,"turns":1.0},{"damage":37.0,"enemies":"Reptomancer","floor":44.0,"turns":5.0},{"damage":96,"enemies":"Giant Head","floor":48,"turns":9},{"damage":102,"enemies":"Time Eater","floor":50,"turns":11}],"seed_played":"615073105439923966","potions_obtained":[{"floor":4.0,"key":"Ancient Potion"},{"floor":7.0,"key":"Ancient Potion"},{"floor":8.0,"key":"Fire Potion"},{"floor":11.0,"key":"FearPotion"},{"floor":12.0,"key":"Weak Potion"},{"floor":12.0,"key":"SkillPotion"},{"floor":24.0,"key":"LiquidBronze"},{"floor":30.0,"key":"PowerPotion"},{"floor":33.0,"key":"Poison Potion"},{"floor":41.0,"key":"Ancient Potion"},{"floor":48,"key":"GamblersBrew"}],"is_trial":false,"path_per_floor":["M","?","M","M","$","R","M","E","T","M","M","?","R","M","R","B",null,"M","$","M","?","T","R","M","R","T","E","?","M","M","?","R","B",null,"M","?","?","M","T","R","M","R","T","E","$","R","?","E","R","B"],"character_chosen":"THE_SILENT","items_purchased":["Deadly Poison","Well Laid Plans","Snake Skull","Toolbox","Outmaneuver"],"campfire_rested":8,"item_purchase_floors":[5,19,45,45,45],"current_hp_per_floor":[61,61,61,61,61,61,61,33,33,29,22,22,43,42,42,8,55,36,36,27,27,27,48,33,54,54,43,30,30,17,8,30,7,58,40,32,32,25,25,47,49,71,71,42,42,64,64,37,74,0],"gold":26,"neow_bonus":"RANDOM_COLORLESS_2","is_prod":false,"is_daily":false,"chose_seed":false,"campfire_upgraded":2,"win_rate":0,"timestamp":1541533441,"path_taken":["M","?","M","M","$","R","M","E","T","?","M","?","R","M","R","BOSS","M","$","M","?","?","R","M","R","T","E","?","M","M","?","R","BOSS","M","?","?","M","?","R","M","R","T","E","$","R","?","E","R","BOSS"],"build_version":"2018-11-01","purchased_purges":2,"victory":false,"max_hp_per_floor":[70,70,70,70,70,70,70,70,70,70,70,70,70,70,70,70,70,70,70,70,70,70,70,70,70,70,70,75,75,75,75,75,75,75,75,75,75,75,75,75,75,75,75,75,75,75,75,75,75,75],"card_choices":[{"not_picked":["Sucker Punch","Deflect"],"picked":"Dagger Spray","floor":1.0},{"not_picked":["Deadly Poison","Cloak And Dagger"],"picked":"Noxious Fumes","floor":3.0},{"not_picked":["Accuracy","Flechettes"],"picked":"PiercingWail","floor":4.0},{"not_picked":["Poisoned Stab","Cloak And Dagger"],"picked":"Quick Slash","floor":7.0},{"not_picked":["Quick Slash","Heel Hook","Masterful Stab"],"picked":"SKIP","floor":8.0},{"not_picked":["Glass Knife","Prepared"],"picked":"Poisoned Stab","floor":10.0},{"not_picked":["Setup","Prepared"],"picked":"Caltrops","floor":11.0},{"not_picked":["Blade Dance","Well Laid Plans"],"picked":"Terror","floor":14.0},{"not_picked":["Phantasmal Killer","Doppelganger"],"picked":"Corpse Explosion","floor":16.0},{"not_picked":["Underhanded Strike+1","Well Laid Plans"],"picked":"Dodge and Roll","floor":18.0},{"not_picked":["Poisoned Stab","Expertise+1"],"picked":"Dodge and Roll+1","floor":20.0},{"not_picked":["PiercingWail","Outmaneuver+1"],"picked":"Cloak And Dagger","floor":24.0},{"not_picked":["Underhanded Strike","Cloak And Dagger","Dagger Throw"],"picked":"SKIP","floor":27.0},{"not_picked":["Poisoned Stab","Well Laid Plans","Dodge and Roll+1"],"picked":"SKIP","floor":29.0},{"not_picked":["Poisoned Stab","Cloak And Dagger"],"picked":"Adrenaline","floor":30.0},{"not_picked":["Doppelganger","Burst"],"picked":"After Image","floor":33.0},{"not_picked":["Quick Slash+1","Bouncing Flask","Dagger Throw+1"],"picked":"SKIP","floor":35.0},{"not_picked":["Bane","Escape Plan"],"picked":"Noxious Fumes+1","floor":38.0},{"not_picked":["Accuracy+1","Underhanded Strike","Escape Plan"],"picked":"SKIP","floor":41.0},{"not_picked":["Flying Knee","Infinite Blades+1"],"picked":"Escape Plan","floor":44.0},{"not_picked":["Deadly Poison","Dagger Throw+1"],"picked":"After Image","floor":48}],"player_experience":499955,"relics_obtained":[{"floor":8.0,"key":"Ice Cream"},{"floor":9.0,"key":"Ninja Scroll"},{"floor":22.0,"key":"Du-Vu Doll"},{"floor":26.0,"key":"Bottled Flame"},{"floor":27.0,"key":"Art of War"},{"floor":34.0,"key":"War Paint"},{"floor":34.0,"key":"Gremlin Horn"},{"floor":34.0,"key":"Incense Burner"},{"floor":36.0,"key":"Bird Faced Urn"},{"floor":39.0,"key":"Bag of Marbles"},{"floor":43.0,"key":"Anchor"},{"floor":44.0,"key":"Girya"},{"floor":48,"key":"Regal Pillow"}],"event_choices":[{"damage_healed":0.0,"max_hp_gain":0.0,"max_hp_loss":0.0,"gold_gain":0.0,"cards_transformed":["Strike_G"],"event_name":"Transmorgrifier","player_choice":"Transformed","floor":2.0,"gold_loss":0.0,"damage_taken":0.0,"cards_obtained":["Die Die Die"]},{"damage_healed":0.0,"max_hp_gain":0.0,"max_hp_loss":0.0,"gold_gain":0.0,"event_name":"Lab","player_choice":"Got Potions","floor":12.0,"gold_loss":0.0,"damage_taken":0.0},{"damage_healed":0.0,"max_hp_gain":0.0,"max_hp_loss":0.0,"gold_gain":0.0,"event_name":"The Mausoleum","player_choice":"Opened","floor":21.0,"gold_loss":0.0,"damage_taken":0.0,"relics_obtained":["Kunai"],"cards_obtained":["Writhe"]},{"damage_healed":0.0,"max_hp_gain":5.0,"max_hp_loss":0.0,"gold_gain":0.0,"event_name":"Forgotten Altar","player_choice":"Shed Blood","floor":28.0,"gold_loss":0.0,"damage_taken":18.0},{"damage_healed":0.0,"max_hp_gain":0.0,"max_hp_loss":0.0,"gold_gain":0.0,"event_name":"Colosseum","player_choice":"Fight","floor":31.0,"gold_loss":0.0,"damage_taken":0.0},{"damage_healed":0.0,"max_hp_gain":0.0,"max_hp_loss":0.0,"gold_gain":0.0,"event_name":"Colosseum","player_choice":"Fled From Nobs","floor":31.0,"gold_loss":0.0,"damage_taken":0.0},{"damage_healed":0.0,"max_hp_gain":0.0,"max_hp_loss":0.0,"gold_gain":0.0,"event_name":"MindBloom","player_choice":"Fight","floor":36.0,"gold_loss":0.0,"damage_taken":0.0},{"damage_healed":0.0,"max_hp_gain":0.0,"max_hp_loss":0.0,"gold_gain":0.0,"event_name":"Mysterious Sphere","player_choice":"Ignored","floor":37.0,"gold_loss":0.0,"damage_taken":0.0},{"damage_healed":0.0,"max_hp_gain":0.0,"max_hp_loss":0.0,"gold_gain":0.0,"event_name":"Tomb of Lord Red Mask","player_choice":"Paid","floor":47.0,"gold_loss":4.0,"damage_taken":0.0,"relics_obtained":["Red Mask"]}],"is_beta":false,"boss_relics":[{"not_picked":["Philosopher\u0027s Stone","Coffee Dripper"],"picked":"Lizard Tail"},{"not_picked":["Velvet Choker","Runic Dome"],"picked":"Calling Bell"}],"items_purged_floors":[19,45],"is_endless":false,"potions_floor_spawned":[4,7,8,11,20,24,30,33,41,48],"killed_by":"Time Eater","ascension_level":10}