{"gold_per_floor":[115,127,127,12,12,12,42,42,114,134,147,167,167,167,167,245,245,263,282,282,11,11,11,11,11,91,124,49,66,66,84,84,162,162,176,98,98,198,218,218,218,218,241,259,559,559,573,587,587,587],"floor_reached":51,"playtime":1930,"items_purged":["Pain","Writhe"],"score":1280,"play_id":"a648cacb-b65e-4651-9ebb-a916bcb04a34","local_time":"20190120150544","is_ascension_mode":true,"campfire_choices":[{"data":"Neutralize","floor":6.0,"key":"SMITH"},{"floor":8.0,"key":"REST"},{"data":"Catalyst","floor":13.0,"key":"SMITH"},{"data":"Survivor","floor":15.0,"key":"SMITH"},{"data":"Well Laid Plans","floor":23.0,"key":"SMITH"},{"data":"Dagger Spray","floor":25.0,"key":"SMITH"},{"floor":30.0,"key":"REST"},{"floor":32.0,"key":"REST"},{"floor":40.0,"key":"DIG"},{"floor":42.0,"key":"REST"},{"floor":46.0,"key":"DIG"},{"floor":49,"key":"REST"}],"neow_cost":"NONE","seed_source_timestamp":7232205202915,"circlet_count":0,"master_deck":["AscendersBane","Defend_G","Defend_G","Defend_G","Defend_G+1","Defend_G","Strike_G","Strike_G","Strike_G","Strike_G","Survivor+1","Neutralize+1","Escape Plan","Deadly Poison","Well Laid Plans+1","Dagger Spray+1","Quick Slash","Backflip+1","Catalyst+1","Corpse Explosion","PiercingWail","Backstab","Terror","Catalyst","Malaise","Backflip","Caltrops","PiercingWail+1","Madness","Madness","Cloak And Dagger+1"],"special_seed":0,"relics":["Ring of the Snake","Ancient Tea Set","WarpedTongs","Bag of Preparation","Pear","Philosopher\u0027s Stone","Mango","War Paint","Ninja Scroll","Vajra","Fusion Hammer","Shovel","Blood Vial","Happy Flower","Old Coin","Oddly Smooth Stone"],"potions_floor_usage":[50,50],"damage_taken":[{"damage":1.0,"enemies":"Jaw Worm","floor":1.0,"turns":4.0},{"damage":4.0,"enemies":"Cultist","floor":2.0,"turns":4.0},{"damage":38.0,"enemies":"Gremlin Nob","floor":7.0,"turns":6.0},{"damage":0.0,"enemies":"Small Slimes","floor":10.0,"turns":2.0},{"damage":14.0,"enemies":"Gremlin Gang","floor":11.0,"turns":3.0},{"damage":8.0,"enemies":"Exordium Wildlife","floor":12.0,"turns":4.0},{"damage":6.0,"enemies":"The Guardian","floor":16.0,"turns":10.0},{"damage":0.0,"enemies":"Chosen","floor":18.0,"turns":2.0},{"damage":10.0,"enemies":"2 Thieves","floor":19.0,"turns":3.0},{"damage":35.0,"enemies":"Book of Stabbing","floor":27.0,"turns":6.0},{"damage":9.0,"enemies":"3 Cultists","floor":29.0,"turns":4.0},{"damage":5.0,"enemies":"Snecko","floor":31.0,"turns":3.0},{"damage":72.0,"enemies":"Champ","floor":33.0,"turns":10.0},{"damage":30.0,"enemies":"3 Darklings","floor":35.0,"turns":5.0},{"damage":0.0,"enemies":"Mind Bloom Boss Battle","floor":38.0,"turns":6.0},{"damage":0.0,"enemies":"3 Shapes","floor":39.0,"turns":5.0},{"damage":0.0,"enemies":"3 Darklings","floor":44.0,"turns":1.0},{"damage":5.0,"enemies":"Maw","floor":47.0,"turns":7.0},{"damage":10.0,"enemies":"4 Shapes","floor":48.0,"turns":5.0},{"damage":7,"enemies":"Awakened One","floor":50,"turns":17}],"seed_played":"328279205485044614","potions_obtained":[{"floor":10.0,"key":"FearPotion"},{"floor":11.0,"key":"GhostInAJar"},{"floor":16.0,"key":"SpeedPotion"},{"floor":27.0,"key":"Regen Potion"},{"floor":35.0,"key":"Regen Potion"},{"floor":38.0,"key":"Poison Potion"},{"floor":44.0,"key":"Dexterity Potion"}],"is_trial":false,"path_per_floor":["M","M","?","$","$","R","E","R","T","M","M","M","R","?","R","B",null,"M","M","?","$","?","R","?","R","T","E","$","M","R","M","R","B",null,"M","$","?","?","M","R","?","R","T","M","T","R","M","M","R","B",null],"character_chosen":"THE_SILENT","items_purchased":["Well Laid Plans","War Paint","Catalyst","Caltrops"],"campfire_rested":5,"item_purchase_floors":[4,21,28,36],"current_hp_per_floor":[58,54,54,54,54,54,16,35,45,45,31,23,23,23,23,17,61,61,51,65,65,65,65,65,65,65,30,30,21,48,43,70,3,68,38,38,38,38,38,38,22,49,49,51,51,51,48,40,67,62],"gold":587,"neow_bonus":"RANDOM_COMMON_RELIC","is_prod":false,"is_daily":false,"chose_seed":false,"campfire_upgraded":5,"win_rate":0,"timestamp":1547985944,"path_taken":["M","M","?","?","$","R","E","R","T","M","M","M","R","?","R","BOSS","M","?","?","$","?","R","?","R","T","E","$","M","R","M","R","BOSS","M","$","?","?","M","R","?","R","T","M","?","R","M","M","R","BOSS"],"build_version":"2019-01-17v2","purchased_purges":2,"victory":true,"max_hp_per_floor":[66,66,66,66,66,66,66,66,76,76,76,76,76,76,76,76,76,76,76,90,90,90,90,90,90,90,90,90,90,90,90,90,90,90,90,90,90,90,90,90,90,90,90,90,90,90,90,90,90,90],"card_choices":[{"not_picked":["Dagger Throw","Quick Slash"],"picked":"Escape Plan","floor":1.0},{"not_picked":["All Out Attack","Underhanded Strike"],"picked":"Deadly Poison","floor":2.0},{"not_picked":["Bouncing Flask","Bullet Time"],"picked":"Dagger Spray","floor":7.0},{"not_picked":["Underhanded Strike","Dodge and Roll"],"picked":"Quick Slash","floor":10.0},{"not_picked":["Heel Hook","Riddle With Holes"],"picked":"Backflip","floor":11.0},{"not_picked":["Dagger Throw","Sucker Punch"],"picked":"Catalyst","floor":12.0},{"not_picked":["Bullet Time","Malaise"],"picked":"Corpse Explosion","floor":16.0},{"not_picked":["Underhanded Strike","Outmaneuver"],"picked":"PiercingWail","floor":18.0},{"not_picked":["Underhanded Strike","PiercingWail"],"picked":"Backstab","floor":19.0},{"not_picked":["Dagger Spray+1","Dagger Throw"],"picked":"Terror","floor":27.0},{"not_picked":["Dagger Throw+1","Well Laid Plans","Deadly Poison"],"picked":"SKIP","floor":29.0},{"not_picked":["Riddle With Holes","Dagger Throw","Bane"],"picked":"SKIP","floor":31.0},{"not_picked":["Doppelganger","Storm of Steel"],"picked":"Malaise","floor":33.0},{"not_picked":["Deflect","Prepared+1"],"picked":"Backflip","floor":35.0},{"not_picked":["Deadly Poison","Outmaneuver"],"picked":"PiercingWail+1","floor":39.0},{"not_picked":["Backflip","Bane","Doppelganger"],"picked":"SKIP","floor":44.0},{"not_picked":["Underhanded Strike","Dodge and Roll"],"picked":"Cloak And Dagger+1","floor":47.0},{"not_picked":["Dagger Throw","PiercingWail","Prepared+1"],"picked":"SKIP","floor":48.0}],"player_experience":706147,"relics_obtained":[{"floor":7.0,"key":"Bag of Preparation"},{"floor":9.0,"key":"Pear"},{"floor":26.0,"key":"Ninja Scroll"},{"floor":27.0,"key":"Vajra"},{"floor":38.0,"key":"Shovel"},{"floor":40.0,"key":"Blood Vial"},{"floor":43.0,"key":"Happy Flower"},{"floor":45.0,"key":"Old Coin"},{"floor":46.0,"key":"Oddly Smooth Stone"}],"event_choices":[{"damage_healed":0.0,"max_hp_gain":0.0,"max_hp_loss":0.0,"gold_gain":0.0,"event_name":"Accursed Blacksmith","player_choice":"Rummage","floor":3.0,"gold_loss":0.0,"damage_taken":0.0,"relics_obtained":["WarpedTongs"],"cards_obtained":["Pain"]},{"cards_removed":["Strike_G"],"damage_healed":0.0,"max_hp_gain":0.0,"max_hp_loss":0.0,"gold_gain":0.0,"event_name":"Wheel of Change","player_choice":"Card Removal","floor":14.0,"gold_loss":0.0,"damage_taken":0.0},{"damage_healed":0.0,"max_hp_gain":0.0,"max_hp_loss":0.0,"gold_gain":0.0,"event_name":"The Mausoleum","player_choice":"Opened","floor":20.0,"gold_loss":0.0,"damage_taken":0.0,"relics_obtained":["Mango"],"cards_obtained":["Writhe"]},{"damage_healed":0.0,"max_hp_gain":0.0,"max_hp_loss":0.0,"gold_gain":0.0,"event_name":"Vampires","player_choice":"Ignored","floor":24.0,"gold_loss":0.0,"damage_taken":0.0},{"damage_healed":0.0,"max_hp_gain":0.0,"max_hp_loss":0.0,"gold_gain":0.0,"event_name":"The Moai Head","player_choice":"Ignored","floor":37.0,"gold_loss":0.0,"damage_taken":0.0},{"damage_healed":0.0,"max_hp_gain":0.0,"max_hp_loss":0.0,"gold_gain":0.0,"event_name":"MindBloom","player_choice":"Fight","floor":38.0,"gold_loss":0.0,"damage_taken":0.0},{"damage_healed":0.0,"max_hp_gain":0.0,"max_hp_loss":0.0,"gold_gain":0.0,"event_name":"Winding Halls","player_choice":"Embrace Madness","floor":41.0,"gold_loss":0.0,"damage_taken":16.0,"cards_obtained":["Madness","Madness"]}],"is_beta":false,"boss_relics":[{"not_picked":["Calling Bell","HoveringKite"],"picked":"Philosopher\u0027s Stone"},{"not_picked":["Coffee Dripper","Busted Crown"],"picked":"Fusion Hammer"}],"items_purged_floors":[4,21],"is_endless":false,"potions_floor_spawned":[10,11,16,18,27,31,35,38,44],"ascension_level":17}