{"gold_per_floor":[113,63,79,79,79,113,113,123,148,148,57,57,75,95,95,190,190],"floor_reached":17,"playtime":1919,"items_purged":[],"score":155,"play_id":"350f4a98-91ed-4a78-9592-2b405df08d74","local_time":"20181228185236","is_ascension_mode":false,"campfire_choices":[{"floor":7.0,"key":"RECALL"},{"floor":10.0,"key":"REST"},{"data":"Backstab","floor":12.0,"key":"SMITH"},{"floor":15.0,"key":"REST"}],"neow_cost":"NONE","seed_source_timestamp":0,"circlet_count":0,"master_deck":["Defend_G","Defend_G","Defend_G","Defend_G","Strike_G","Strike_G","Strike_G","Strike_G","Strike_G","Survivor","Neutralize","Deadly Poison","Noxious Fumes","Endless Agony","Blur","Backstab+1","A Thousand Cuts","Poisoned Stab","Unload"],"special_seed":0,"relics":["Ring of the Snake","Orichalcum","Bronze Scales","Dodecahedron"],"potions_floor_usage":[],"damage_taken":[{"damage":0.0,"enemies":"Cultist","floor":1.0,"turns":3.0},{"damage":1.0,"enemies":"Small Slimes","floor":3.0,"turns":4.0},{"damage":17.0,"enemies":"Lagavulin","floor":6.0,"turns":6.0},{"damage":3.0,"enemies":"Jaw Worm","floor":8.0,"turns":3.0},{"damage":4.0,"enemies":"Exordium Thugs","floor":13.0,"turns":2.0},{"damage":0.0,"enemies":"Lots of Slimes","floor":14.0,"turns":3.0},{"damage":4.0,"enemies":"Slime Boss","floor":16.0,"turns":8.0}],"seed_played":"-5096696708181306469","potions_obtained":[{"floor":6.0,"key":"PowerPotion"},{"floor":8.0,"key":"GamblersBrew"},{"floor":14.0,"key":"Fire Potion"},{"floor":16.0,"key":"Ancient Potion"}],"is_trial":false,"path_per_floor":["M","?","M","?","?","E","R","M","T","R","$","R","M","M","R","B",null],"character_chosen":"THE_SILENT","items_purchased":["Explosive Potion","Backstab"],"campfire_rested":2,"item_purchase_floors":[11,11],"current_hp_per_floor":[70,70,69,66,66,49,49,46,46,67,67,67,63,63,70,66,66],"gold":190,"neow_bonus":"RANDOM_COMMON_RELIC","is_prod":false,"is_daily":false,"chose_seed":false,"campfire_upgraded":1,"win_rate":0,"timestamp":1546051956,"path_taken":["M","?","M","?","?","E","R","M","T","R","$","R","M","M","R","BOSS"],"build_version":"2018-12-20","purchased_purges":0,"victory":false,"max_hp_per_floor":[70,70,70,70,70,70,70,70,70,70,70,70,70,70,70,70,70],"card_choices":[{"not_picked":["Skewer","Reflex"],"picked":"Deadly Poison","floor":1.0},{"not_picked":["Prepared","Catalyst"],"picked":"Noxious Fumes","floor":3.0},{"not_picked":["Riddle With Holes","Deflect"],"picked":"Endless Agony","floor":6.0},{"not_picked":["Dodge and Roll","Acrobatics"],"picked":"Blur","floor":8.0},{"not_picked":["PiercingWail","Well Laid Plans"],"picked":"A Thousand Cuts","floor":13.0},{"not_picked":["Quick Slash","Slice"],"picked":"Poisoned Stab","floor":14.0},{"not_picked":["Burst","After Image"],"picked":"Unload","floor":16.0}],"player_experience":525954,"relics_obtained":[{"floor":6.0,"key":"Dodecahedron"}],"event_choices":[{"cards_removed":["Defend_G"],"damage_healed":0.0,"max_hp_gain":0.0,"max_hp_loss":0.0,"gold_gain":0.0,"event_name":"The Cleric","player_choice":"Card Removal","floor":2.0,"gold_loss":50.0,"damage_taken":0.0},{"damage_healed":0.0,"max_hp_gain":0.0,"max_hp_loss":0.0,"gold_gain":0.0,"event_name":"Scrap Ooze","player_choice":"Success","floor":4.0,"gold_loss":0.0,"damage_taken":3.0,"relics_obtained":["Bronze Scales"]},{"damage_healed":0.0,"max_hp_gain":0.0,"max_hp_loss":0.0,"gold_gain":0.0,"event_name":"Golden Idol","player_choice":"Ignored","floor":5.0,"gold_loss":0.0,"damage_taken":0.0}],"is_beta":false,"boss_relics":[],"items_purged_floors":[],"is_endless":false,"potions_floor_spawned":[6,8,14,16],"ascension_level":0}