{"gold_per_floor":[114,140,140,158,24,56,73,73,154,181,181,30,95,107,107,204,204,218,238,238,248,7,35,35,89,161,189,189,189,189,220,220,319,319,329,349,3,19,19,19,46,280,368,415,443,455,467,489,501,513],"floor_reached":51,"playtime":3888,"items_purged":["Normality"],"score":989,"play_id":"18386247-df9a-4c0a-8fcf-49900e4e90df","local_time":"20180817154323","is_ascension_mode":true,"campfire_choices":[{"floor":8,"key":"DIG"},{"floor":15,"key":"DIG"},{"floor":24,"key":"DIG"},{"floor":28,"key":"DIG"},{"floor":30,"key":"DIG"},{"floor":32,"key":"REST"},{"floor":40,"key":"REST"},{"floor":46,"key":"DIG"},{"floor":49,"key":"REST"}],"neow_cost":"NONE","seed_source_timestamp":1529656826464,"circlet_count":0,"master_deck":["Defend_R","Defend_R","Defend_R+1","Defend_R","Bash","Twin Strike","Seeing Red","Battle Trance","Whirlwind","Perfected Strike+1","Armaments","Warcry+1","Thunderclap","Fire Breathing+1","Regret","Rupture+1","Warcry","Twin Strike","Combust+1","Sentinel","Brutality+1","Clumsy","Regret","Second Wind+1","Barricade+1","RitualDagger","Anger","Inflame+1","Carnage+1","Feel No Pain+1","Bite","Bite+1","Bite","Bite","Bite","Flame Barrier+1","Disarm+1","Juggernaut+1","Wild Strike+1","Clothesline+1","Rupture+1","Anger","Metallicize+1","PanicButton","Panacea","Magnetism+1","Twin Strike+1","Pummel+1","True Grit+1","Immolate","Anger"],"relics":["Burning Blood","Vajra","Potion Belt","Shovel","Pen Nib","Frozen Egg 2","Unceasing Top","Lantern","Ornamental Fan","Mummified Hand","Calling Bell","Sundial","Kunai","War Paint","Lee\u0027s Waffle","Ancient Tea Set","Dream Catcher","Tiny Chest","Dodecahedron","Boot","Bronze Scales","Happy Flower","Red Mask","Runic Cube","Whetstone","MawBank","Smiling Mask","Regal Pillow","Oddly Smooth Stone"],"potions_floor_usage":[16,19,23,23,31,33,33,41,50,50,50,50,50],"damage_taken":[{"damage":6,"enemies":"Cultist","floor":1,"turns":3},{"damage":1,"enemies":"Jaw Worm","floor":4,"turns":3},{"damage":13,"enemies":"3 Sentries","floor":6,"turns":4},{"damage":0,"enemies":"Small Slimes","floor":7,"turns":2},{"damage":37,"enemies":"Gremlin Nob","floor":10,"turns":5},{"damage":13,"enemies":"3 Sentries","floor":13,"turns":4},{"damage":14,"enemies":"3 Louse","floor":14,"turns":2},{"damage":23,"enemies":"Hexaghost","floor":16,"turns":7},{"damage":2,"enemies":"Spheric Guardian","floor":18,"turns":2},{"damage":12,"enemies":"3 Byrds","floor":19,"turns":3},{"damage":26,"enemies":"Sentry and Sphere","floor":21,"turns":5},{"damage":39,"enemies":"Slavers","floor":23,"turns":5},{"damage":39,"enemies":"Gremlin Leader","floor":27,"turns":6},{"damage":16,"floor":31,"turns":2},{"damage":19,"enemies":"Champ","floor":33,"turns":8},{"damage":2,"enemies":"3 Shapes","floor":35,"turns":3},{"damage":20,"enemies":"Orb Walker","floor":36,"turns":3},{"damage":41,"enemies":"Spire Growth","floor":38,"turns":5},{"damage":11,"enemies":"Giant Head","floor":41,"turns":7},{"damage":3,"enemies":"2 Orb Walkers","floor":44,"turns":3},{"damage":8,"enemies":"Transient","floor":45,"turns":5},{"damage":19,"enemies":"Flame Bruiser 2 Orb","floor":48,"turns":5},{"damage":63,"enemies":"Awakened One","floor":50,"turns":7}],"seed_played":"-857451265092327095","potions_obtained":[{"floor":4,"key":"SpeedPotion"},{"floor":7,"key":"FearPotion"},{"floor":13,"key":"SpeedPotion"},{"floor":16,"key":"GamblersBrew"},{"floor":21,"key":"Poison Potion"},{"floor":27,"key":"Swift Potion"},{"floor":31,"key":"AttackPotion"},{"floor":33,"key":"Strength Potion"},{"floor":44,"key":"AttackPotion"},{"floor":45,"key":"EssenceOfSteel"},{"floor":47,"key":"SteroidPotion"},{"floor":47,"key":"Strength Potion"},{"floor":47,"key":"Poison Potion"}],"is_trial":false,"path_per_floor":["M","T","?","M","$","E","M","R","T","E","?","$","?","M","R","B",null,"M","M","?","M","$","E","R","T","T","E","R","?","R","?","R","B",null,"M","M","$","M","?","R","E","?","T","E","M","R","?","M","R","B"],"character_chosen":"IRONCLAD","items_purchased":["Whirlwind","Perfected Strike","Armaments","Rupture+1","Warcry","Twin Strike","Inflame+1","Lee\u0027s Waffle","Rupture+1","Anger","Whetstone"],"campfire_rested":3,"item_purchase_floors":[5,5,5,12,12,12,22,22,37,37,37],"current_hp_per_floor":[80,80,80,80,80,73,79,79,79,48,48,48,41,33,33,16,80,80,74,68,48,87,54,54,54,54,21,21,21,21,11,29,26,60,60,48,48,20,10,28,30,30,30,35,42,42,42,38,60,10],"gold":525,"neow_bonus":"RANDOM_COMMON_RELIC","is_prod":false,"is_daily":false,"chose_seed":false,"campfire_upgraded":0,"win_rate":0,"timestamp":1534517003,"path_taken":["M","?","?","M","$","E","M","R","T","E","?","$","?","?","R","BOSS","M","M","?","M","$","E","R","?","T","E","R","?","R","?","R","BOSS","M","M","$","M","?","R","E","?","T","E","M","R","?","?","R","BOSS"],"build_version":"2018-08-16","purchased_purges":1,"victory":true,"max_hp_per_floor":[80,80,80,80,80,80,80,80,80,80,80,80,80,80,80,80,80,80,80,80,80,87,87,87,87,87,87,87,60,60,60,60,60,60,60,60,60,60,60,60,60,60,60,60,60,60,60,60,60,60],"card_choices":[{"not_picked":["Wild Strike","Hemokinesis"],"picked":"Twin Strike","floor":1},{"not_picked":["Havoc","Pommel Strike"],"picked":"Battle Trance","floor":4},{"not_picked":["Exhume","Hemokinesis"],"picked":"Warcry","floor":6},{"not_picked":["Iron Wave","Cleave"],"picked":"Thunderclap","floor":7},{"not_picked":["Havoc","Iron Wave"],"picked":"Fire Breathing+1","floor":10},{"not_picked":["Bloodletting","Battle Trance"],"picked":"Combust+1","floor":13},{"not_picked":["Battle Trance","Armaments"],"picked":"Sentinel","floor":14},{"not_picked":["Feed","Fiend Fire"],"picked":"Brutality+1","floor":16},{"not_picked":["Ghostly Armor","Shrug It Off+1"],"picked":"Second Wind+1","floor":18},{"not_picked":["Havoc","Headbutt"],"picked":"Barricade+1","floor":19},{"not_picked":["Wild Strike","True Grit+1"],"picked":"Anger","floor":21},{"not_picked":["Immolate","Rampage"],"picked":"Carnage+1","floor":23},{"not_picked":["Thunderclap+1","True Grit+1"],"picked":"Feel No Pain+1","floor":27},{"not_picked":["Pommel Strike","Metallicize+1"],"picked":"Flame Barrier+1","floor":31},{"not_picked":["Evolve+1","Wild Strike+1"],"picked":"Disarm+1","floor":32},{"not_picked":["Brutality+1","Berserk+1"],"picked":"Juggernaut+1","floor":33},{"not_picked":["Body Slam","Intimidate"],"picked":"Wild Strike+1","floor":35},{"not_picked":["Headbutt","Rampage"],"picked":"Clothesline+1","floor":36},{"not_picked":["Flex+1","Power Through"],"picked":"Metallicize+1","floor":38},{"not_picked":["Jack Of All Trades","Discovery"],"picked":"PanicButton","floor":39},{"not_picked":["Blind","Trip"],"picked":"Panacea","floor":39},{"not_picked":["Swift Strike","Secret Weapon"],"picked":"Magnetism+1","floor":39},{"not_picked":["Headbutt","Clash"],"picked":"Twin Strike+1","floor":40},{"not_picked":["Pommel Strike","Rupture+1"],"picked":"Pummel+1","floor":41},{"not_picked":["Reckless Charge","Shrug It Off+1"],"picked":"True Grit+1","floor":44},{"not_picked":["Shrug It Off+1","Armaments"],"picked":"Immolate","floor":45},{"not_picked":["Flex","Rupture+1"],"picked":"Anger","floor":48}],"player_experience":95965,"relics_obtained":[{"floor":2,"key":"Potion Belt"},{"floor":6,"key":"Shovel"},{"floor":8,"key":"Pen Nib"},{"floor":9,"key":"Frozen Egg 2"},{"floor":10,"key":"Unceasing Top"},{"floor":13,"key":"Ornamental Fan"},{"floor":15,"key":"Mummified Hand"},{"floor":17,"key":"Sundial"},{"floor":17,"key":"Kunai"},{"floor":17,"key":"War Paint"},{"floor":23,"key":"Ancient Tea Set"},{"floor":24,"key":"Dream Catcher"},{"floor":25,"key":"Tiny Chest"},{"floor":26,"key":"Dodecahedron"},{"floor":27,"key":"Boot"},{"floor":28,"key":"Bronze Scales"},{"floor":30,"key":"Happy Flower"},{"floor":31,"key":"Red Mask"},{"floor":41,"key":"MawBank"},{"floor":43,"key":"Smiling Mask"},{"floor":44,"key":"Regal Pillow"},{"floor":46,"key":"Oddly Smooth Stone"}],"event_choices":[{"event_name":"Living Wall","player_choice":"Change","floor":3,"damage_taken":0},{"event_name":"Big Fish","player_choice":"Box","floor":11,"damage_taken":0},{"event_name":"Dead Adventurer","player_choice":"Searched \u00272\u0027 times","floor":13,"damage_taken":0},{"event_name":"Nest","player_choice":"Joined the Cult","floor":20,"damage_taken":0},{"event_name":"Vampires","player_choice":"Became a vampire","floor":29,"damage_taken":0},{"event_name":"Masked Bandits","player_choice":"Fought Bandits","floor":31,"damage_taken":0},{"event_name":"SensoryStone","player_choice":"Memory 3","floor":39,"damage_taken":0},{"event_name":"Tomb of Lord Red Mask","player_choice":"Wore Mask","floor":42,"damage_taken":0},{"event_name":"The Lab","player_choice":"Got Potions","floor":47,"damage_taken":0}],"is_beta":false,"boss_relics":[{"not_picked":["Coffee Dripper","Runic Pyramid"],"picked":"Calling Bell"},{"not_picked":["Pandora\u0027s Box","Orrery"],"picked":"Runic Cube"}],"items_purged_floors":[37],"is_endless":false,"potions_floor_spawned":[4,7,13,16,21,27,31,33,44,45,48],"ascension_level":1}