{"gold_per_floor":[111,36,36,55,75,75,101,101,101,101,119,138,167,184,184,285,285,253,453,203,219,49,81,81,109,109,109,121,121,140,173,173,270,270,287,1,101,114,132,132,160,160,160,160,194,194,194,213,213,213,213,213,12,43,43],"floor_reached":56,"playtime":9192,"items_purged":["Strike_R","Strike_R","Strike_R"],"score":1270,"play_id":"47ebf351-2509-4278-84ba-946bdd484011","local_time":"20190610173518","is_ascension_mode":true,"campfire_choices":[{"data":"Metallicize","floor":6.0,"key":"SMITH"},{"data":"Disarm","floor":8.0,"key":"SMITH"},{"data":"Iron Wave","floor":15.0,"key":"SMITH"},{"floor":24,"key":"RECALL"},{"data":"Metallicize","floor":29,"key":"SMITH"},{"data":"Sword Boomerang","floor":32,"key":"SMITH"},{"data":"Uppercut","floor":40,"key":"SMITH"},{"data":"Fiend Fire","floor":42,"key":"SMITH"},{"data":"Defend_R","floor":44,"key":"SMITH"},{"data":"Defend_R","floor":47,"key":"SMITH"},{"floor":49,"key":"REST"},{"data":"Defend_R","floor":52,"key":"SMITH"}],"neow_cost":"NONE","seed_source_timestamp":3494736214298,"circlet_count":0,"master_deck":["Strike_R","Strike_R","Defend_R+1","Defend_R+1","Defend_R+1","Defend_R+1","Bash+1","Iron Wave+1","Disarm+1","Metallicize+1","Armaments+1","Flame Barrier+1","Spot Weakness+1","Reaper","True Grit+1","Metallicize+1","Seeing Red+1","Sword Boomerang+1","Fiend Fire+1","Uppercut+1","Shockwave+1","Discovery+1","Burning Pact+1","Metallicize+1"],"special_seed":0,"relics":["Burning Blood","Incense Burner","Art of War","Toxic Egg 2","Red Skull","Runic Pyramid","Bronze Scales","Lantern","Ice Cream","Bag of Marbles","Regal Pillow","Black Star","Self Forming Clay","Prayer Wheel","Calipers","Ornamental Fan","Du-Vu Doll","Bag of Preparation","DollysMirror","War Paint"],"potions_floor_usage":[55,55,55],"damage_taken":[{"damage":1.0,"enemies":"Jaw Worm","floor":1.0,"turns":3.0},{"damage":1.0,"enemies":"Cultist","floor":4.0,"turns":3.0},{"damage":0.0,"enemies":"Small Slimes","floor":5.0,"turns":3.0},{"damage":30.0,"enemies":"Gremlin Nob","floor":7.0,"turns":6.0},{"damage":25.0,"enemies":"Exordium Wildlife","floor":11.0,"turns":7.0},{"damage":1.0,"enemies":"Red Slaver","floor":12.0,"turns":6.0},{"damage":4.0,"enemies":"3 Sentries","floor":13.0,"turns":14.0},{"damage":1.0,"enemies":"Looter","floor":14.0,"turns":4.0},{"damage":20.0,"enemies":"Slime Boss","floor":16.0,"turns":14.0},{"damage":4.0,"enemies":"2 Thieves","floor":18.0,"turns":5.0},{"damage":0,"enemies":"3 Byrds","floor":21,"turns":3},{"damage":24,"enemies":"Slavers","floor":23,"turns":8},{"damage":1,"enemies":"Book of Stabbing","floor":25,"turns":7},{"damage":0,"enemies":"Sentry and Sphere","floor":28,"turns":7},{"damage":0,"enemies":"Snake Plant","floor":30,"turns":4},{"damage":46,"enemies":"Slavers","floor":31,"turns":7},{"damage":7,"enemies":"Champ","floor":33,"turns":14},{"damage":1,"enemies":"3 Darklings","floor":35,"turns":7},{"damage":0,"enemies":"Mind Bloom Boss Battle","floor":37,"turns":7},{"damage":1,"enemies":"Orb Walker","floor":38,"turns":5},{"damage":2,"enemies":"3 Darklings","floor":39,"turns":6},{"damage":9,"enemies":"Nemesis","floor":41,"turns":7},{"damage":54,"enemies":"Reptomancer","floor":45,"turns":10},{"damage":18,"enemies":"Transient","floor":48,"turns":5},{"damage":11,"enemies":"Time Eater","floor":50,"turns":15},{"damage":40,"enemies":"Shield and Spear","floor":54,"turns":13},{"damage":16,"enemies":"The Heart","floor":55,"turns":12}],"seed_played":"6325013225905769083","potions_obtained":[{"floor":1.0,"key":"Poison Potion"},{"floor":5.0,"key":"Weak Potion"},{"floor":12.0,"key":"Poison Potion"},{"floor":13.0,"key":"SneckoOil"},{"floor":16.0,"key":"SteroidPotion"},{"floor":23,"key":"PowerPotion"}],"is_trial":false,"path_per_floor":["M","$","?","M","M","R","E","R","T","?","M","M","E","M","R","B",null,"M","?","$","M","$","E","R","E","T","?","M","R","M","E","R","B",null,"M","$","?","M","M","R","E","R","T","R","E","?","R","M","R","B",null,"R","$","E","B",null],"character_chosen":"IRONCLAD","items_purchased":["Bronze Scales","True Grit+1","Shockwave+1","Self Forming Clay","DollysMirror"],"campfire_rested":1,"item_purchase_floors":[20,22,36,36,53],"current_hp_per_floor":[80,80,80,80,80,80,56,56,56,56,37,42,44,49,49,35,80,80,80,80,80,80,80,80,80,80,80,80,80,80,75,75,74,80,80,80,80,80,80,80,80,80,80,80,54,44,44,32,71,80,80,80,80,64,54],"gold":43,"neow_bonus":"UPGRADE_CARD","is_prod":false,"is_daily":false,"chose_seed":false,"campfire_upgraded":10,"win_rate":0,"timestamp":1560177318,"path_taken":["M","$","?","?","M","R","E","R","T","?","?","M","E","M","R","BOSS","M","?","$","?","$","E","R","E","T","?","M","R","M","E","R","BOSS","M","$","?","M","M","R","E","R","T","R","E","?","R","M","R","BOSS","R","$","E","BOSS"],"build_version":"2019-01-23","purchased_purges":3,"victory":true,"max_hp_per_floor":[80,80,80,80,80,80,80,80,80,80,80,80,80,80,80,80,80,80,80,80,80,80,80,80,80,80,80,80,80,80,80,80,80,80,80,80,80,80,80,80,80,80,80,80,80,80,80,80,80,80,80,80,80,80,80],"card_choices":[{"not_picked":["Intimidate","True Grit"],"picked":"Iron Wave","floor":1.0},{"not_picked":["Anger","Heavy Blade"],"picked":"Disarm","floor":4.0},{"not_picked":["Clash","Body Slam"],"picked":"Metallicize","floor":5.0},{"not_picked":["Pommel Strike","Headbutt","Twin Strike"],"picked":"SKIP","floor":7.0},{"not_picked":["Wild Strike","Clothesline","Combust"],"picked":"SKIP","floor":11.0},{"not_picked":["Bloodletting+1","Armaments+1","Twin Strike"],"picked":"SKIP","floor":12.0},{"not_picked":["Bloodletting+1","Twin Strike"],"picked":"Armaments+1","floor":12.0},{"not_picked":["Rage+1","Infernal Blade+1"],"picked":"Flame Barrier+1","floor":13.0},{"not_picked":["Seeing Red+1","Heavy Blade"],"picked":"Spot Weakness+1","floor":14.0},{"not_picked":["Brutality","Demon Form"],"picked":"Reaper","floor":16.0},{"not_picked":["Armaments+1","Intimidate+1","Entrench+1"],"picked":"SKIP","floor":18.0},{"not_picked":["Blood for Blood","Thunderclap","Havoc+1"],"picked":"SKIP","floor":21},{"not_picked":["Armaments+1","Wild Strike","Entrench+1"],"picked":"SKIP","floor":23},{"not_picked":["Pommel Strike","Iron Wave+1"],"picked":"Metallicize","floor":25},{"not_picked":["Battle Trance+1","Infernal Blade+1","Dropkick"],"picked":"SKIP","floor":28},{"not_picked":["Clash","Pommel Strike","Seeing Red+1"],"picked":"SKIP","floor":30},{"not_picked":["Clash","Pommel Strike"],"picked":"Seeing Red+1","floor":30},{"not_picked":["Reaper","Sever Soul"],"picked":"Sword Boomerang","floor":31},{"not_picked":["Reaper","Brutality"],"picked":"Fiend Fire","floor":33},{"not_picked":["Shrug It Off+1","Twin Strike+1"],"picked":"Uppercut","floor":35},{"not_picked":["Warcry+1","Thunderclap","Cleave+1"],"picked":"SKIP","floor":38},{"not_picked":["Wild Strike+1","Whirlwind","Havoc+1"],"picked":"SKIP","floor":38},{"not_picked":["Anger+1","Thunderclap","Sword Boomerang+1"],"picked":"SKIP","floor":39},{"not_picked":["Uppercut","True Grit+1","Twin Strike+1"],"picked":"SKIP","floor":39},{"not_picked":["Combust","Armaments+1","Fiend Fire"],"picked":"SKIP","floor":41},{"not_picked":["Iron Wave+1","Offering+1","Intimidate+1"],"picked":"SKIP","floor":45},{"not_picked":["Jack Of All Trades+1","Secret Weapon+1"],"picked":"Discovery+1","floor":46},{"not_picked":["Clothesline+1","Sentinel+1"],"picked":"Burning Pact+1","floor":48},{"not_picked":["Anger","Thunderclap","Headbutt+1"],"picked":"SKIP","floor":48},{"not_picked":["True Grit+1","Blood for Blood+1","Whirlwind"],"picked":"SKIP","floor":54}],"player_experience":948359,"relics_obtained":[{"floor":7.0,"key":"Art of War"},{"floor":9.0,"key":"Toxic Egg 2"},{"floor":13.0,"key":"Red Skull"},{"floor":23,"key":"Lantern"},{"floor":25,"key":"Ice Cream"},{"floor":26,"key":"Bag of Marbles"},{"floor":31,"key":"Regal Pillow"},{"floor":37,"key":"Prayer Wheel"},{"floor":41,"key":"Calipers"},{"floor":41,"key":"Ornamental Fan"},{"floor":45,"key":"Du-Vu Doll"},{"floor":45,"key":"Bag of Preparation"},{"floor":54,"key":"War Paint"}],"event_choices":[{"damage_healed":0.0,"max_hp_gain":0.0,"max_hp_loss":0.0,"gold_gain":0.0,"event_name":"WeMeetAgain","player_choice":"Gave Potion","floor":3.0,"gold_loss":0.0,"damage_taken":0.0,"relics_obtained":["Incense Burner"]},{"damage_healed":0.0,"max_hp_gain":0.0,"max_hp_loss":0.0,"gold_gain":0.0,"event_name":"NoteForYourself","player_choice":"Ignored","floor":10.0,"gold_loss":0.0,"damage_taken":0.0},{"damage_healed":0,"gold_gain":250,"player_choice":"Bet on Owner","damage_taken":0,"max_hp_gain":0,"max_hp_loss":0,"event_name":"The Joust","floor":19,"gold_loss":50},{"damage_healed":0,"gold_gain":0,"player_choice":"Ignored","damage_taken":0,"max_hp_gain":0,"max_hp_loss":0,"event_name":"Vampires","floor":27,"gold_loss":0},{"damage_healed":0,"gold_gain":0,"player_choice":"Fight","damage_taken":0,"max_hp_gain":0,"max_hp_loss":0,"event_name":"MindBloom","floor":37,"gold_loss":0},{"damage_healed":0,"gold_gain":0,"player_choice":"Memory 3","damage_taken":10,"max_hp_gain":0,"max_hp_loss":0,"event_name":"SensoryStone","floor":46,"gold_loss":0}],"is_beta":false,"boss_relics":[{"not_picked":["Fusion Hammer","Tiny House"],"picked":"Runic Pyramid"},{"not_picked":["Runic Dome","Eternal Feather"],"picked":"Black Star"}],"items_purged_floors":[2,20,22],"is_endless":false,"potions_floor_spawned":[1,5,12,13,16,23,25,31,33,37,38,48],"ascension_level":1}