{"gold_per_floor":[113,132,132,57,69,69,86,112,165,177,89,104,104],"floor_reached":13,"playtime":394,"items_purged":["Strike_R","Defend_R"],"score":85,"play_id":"abafb584-dce5-4c1a-b844-35c3c8214b8c","local_time":"20190713165511","is_ascension_mode":false,"campfire_choices":[{"data":"Bash","floor":6.0,"key":"SMITH"}],"neow_cost":"NONE","seed_source_timestamp":22237568286070,"circlet_count":0,"master_deck":["Strike_R","Strike_R","Defend_R","Defend_R","Bash+1","Brutality"],"special_seed":0,"relics":["Burning Blood","Mercury Hourglass","MawBank"],"potions_floor_usage":[8],"damage_taken":[{"damage":3.0,"enemies":"Small Slimes","floor":1.0,"turns":4.0},{"damage":6.0,"enemies":"Cultist","floor":2.0,"turns":3.0},{"damage":11.0,"enemies":"Jaw Worm","floor":5.0,"turns":5.0},{"damage":10,"enemies":"3 Louse","floor":7,"turns":5},{"damage":61,"enemies":"3 Sentries","floor":8,"turns":12},{"damage":11,"enemies":"Red Slaver","floor":12,"turns":3},{"damage":17,"enemies":"The Mushroom Lair","floor":13,"turns":3}],"seed_played":"-747690647729818620","potions_obtained":[{"floor":2.0,"key":"SpeedPotion"},{"floor":5.0,"key":"Weak Potion"},{"floor":8,"key":"Energy Potion"},{"floor":12,"key":"LiquidBronze"}],"is_trial":false,"path_per_floor":["M","M","?","$","M","R","M","E","T","?","$","M","?"],"character_chosen":"IRONCLAD","items_purchased":[],"campfire_rested":0,"item_purchase_floors":[],"current_hp_per_floor":[80,80,80,80,75,75,71,16,16,16,16,11,0],"gold":104,"neow_bonus":"REMOVE_CARD","is_prod":false,"is_daily":false,"chose_seed":false,"campfire_upgraded":1,"win_rate":0,"timestamp":1563062111,"path_taken":["M","M","?","$","M","R","M","E","T","?","$","?","?"],"build_version":"2019-07-05","purchased_purges":2,"victory":false,"max_hp_per_floor":[80,80,80,80,80,80,80,80,80,80,80,80,80],"card_choices":[{"not_picked":["Thunderclap","Twin Strike","Heavy Blade"],"picked":"SKIP","floor":1.0},{"not_picked":["Iron Wave","Clothesline","True Grit"],"picked":"SKIP","floor":2.0},{"not_picked":["Warcry","Offering","Anger"],"picked":"SKIP","floor":5.0},{"not_picked":["Warcry","Offering","Anger"],"picked":"SKIP","floor":5.0},{"not_picked":["Armaments","Thunderclap","Shrug It Off"],"picked":"SKIP","floor":7},{"not_picked":["Headbutt","Rampage","Armaments"],"picked":"SKIP","floor":8},{"not_picked":["Demon Form","Cleave","True Grit"],"picked":"SKIP","floor":12}],"player_experience":581986,"relics_obtained":[{"floor":8,"key":"Mercury Hourglass"},{"floor":9,"key":"MawBank"}],"event_choices":[{"cards_removed":["Defend_R"],"damage_healed":0.0,"max_hp_gain":0.0,"max_hp_loss":0.0,"gold_gain":0.0,"event_name":"Living Wall","player_choice":"Forget","floor":3.0,"gold_loss":0.0,"damage_taken":0.0},{"damage_healed":0,"gold_gain":0,"cards_transformed":["Strike_R"],"player_choice":"Transformed","damage_taken":0,"max_hp_gain":0,"max_hp_loss":0,"event_name":"Transmorgrifier","floor":10,"gold_loss":0,"cards_obtained":["Brutality"]},{"damage_healed":0,"gold_gain":0,"player_choice":"Fought Mushrooms","damage_taken":0,"max_hp_gain":0,"max_hp_loss":0,"event_name":"Mushrooms","floor":13,"gold_loss":0}],"is_beta":false,"boss_relics":[],"items_purged_floors":[4,11],"is_endless":false,"potions_floor_spawned":[2,5,8,12],"killed_by":"The Mushroom Lair","ascension_level":0}