{"gold_per_floor":[114,126,126,146,146,146,181,217,217,235,235,235,253,277,277,401,401,415,428,428],"floor_reached":20,"playtime":1434,"items_purged":[],"score":229,"play_id":"277dde01-5daf-470c-bcd6-44eba19b84fb","local_time":"20180904120308","is_ascension_mode":true,"campfire_choices":[{"data":"Cloak And Dagger","floor":6.0,"key":"SMITH"},{"floor":12.0,"key":"REST"},{"floor":15.0,"key":"REST"}],"neow_cost":"PERCENT_DAMAGE","seed_source_timestamp":0,"circlet_count":0,"master_deck":["Defend_G","Defend_G","Defend_G","Defend_G","Defend_G","Strike_G","Strike_G","Strike_G","Strike_G","Survivor","Neutralize","Backflip","Acrobatics","Cloak And Dagger+1","Well Laid Plans","Deflect","Night Terror"],"special_seed":0,"relics":["Ring of the Serpent","Golden Idol","Gremlin Horn","Odd Mushroom","Darkstone Periapt","Shuriken"],"potions_floor_usage":[19,19,20],"damage_taken":[{"damage":0.0,"enemies":"Cultist","floor":1.0,"turns":4.0},{"damage":0.0,"enemies":"2 Louse","floor":2.0,"turns":5.0},{"damage":7.0,"enemies":"Jaw Worm","floor":4.0,"turns":4.0},{"damage":36.0,"enemies":"Lagavulin","floor":7.0,"turns":8.0},{"damage":11.0,"enemies":"The Mushroom Lair","floor":8.0,"turns":6.0},{"damage":0.0,"enemies":"Looter","floor":10.0,"turns":4.0},{"damage":0.0,"enemies":"Lots of Slimes","floor":13.0,"turns":3.0},{"damage":2.0,"enemies":"Blue Slaver","floor":14.0,"turns":3.0},{"damage":27.0,"enemies":"The Guardian","floor":16.0,"turns":15.0},{"damage":44.0,"enemies":"Shell Parasite","floor":18.0,"turns":14.0},{"damage":18,"enemies":"Spheric Guardian","floor":19,"turns":6},{"damage":6,"enemies":"Centurion and Healer","floor":20,"turns":6}],"seed_played":"1347906886424974907","potions_obtained":[{"floor":2.0,"key":"Strength Potion"},{"floor":10.0,"key":"Strength Potion"},{"floor":13.0,"key":"SneckoOil"},{"floor":16.0,"key":"LiquidBronze"},{"floor":18.0,"key":"LiquidBronze"},{"floor":19,"key":"Block Potion"}],"is_trial":false,"path_per_floor":["M","M","?","M","?","R","E","?","T","M","T","R","M","M","R","B",null,"M","M"],"character_chosen":"THE_SILENT","items_purchased":[],"campfire_rested":2,"item_purchase_floors":[],"current_hp_per_floor":[56,56,56,49,49,49,13,2,2,2,2,25,25,23,46,19,63,19,1,0],"gold":428,"neow_bonus":"TWENTY_PERCENT_HP_BONUS","is_prod":false,"is_daily":false,"chose_seed":false,"campfire_upgraded":1,"win_rate":0,"timestamp":1536087788,"path_taken":["M","?","?","M","?","R","E","?","T","M","?","R","?","M","R","BOSS","M","M","?"],"build_version":"2018-08-30","purchased_purges":0,"victory":false,"max_hp_per_floor":[84,84,78,78,78,78,78,78,78,78,78,78,78,78,78,78,78,78,78,78],"card_choices":[{"not_picked":["Prepared","Finisher"],"picked":"Backflip","floor":1.0},{"not_picked":["Quick Slash","Dagger Throw"],"picked":"Acrobatics","floor":2.0},{"not_picked":["Flying Knee","Dodge and Roll"],"picked":"Cloak And Dagger","floor":4.0},{"not_picked":["Storm of Steel","Crippling Poison","Bane"],"picked":"SKIP","floor":7.0},{"not_picked":["Distraction","Sucker Punch"],"picked":"Well Laid Plans","floor":10.0},{"not_picked":["Sucker Punch","Cloak And Dagger"],"picked":"Deflect","floor":13.0},{"not_picked":["Slice","Dagger Spray","Sucker Punch"],"picked":"SKIP","floor":14.0},{"not_picked":["A Thousand Cuts","Grand Finale"],"picked":"Night Terror","floor":16.0},{"not_picked":["Quick Slash+1","Acrobatics","Sucker Punch"],"picked":"SKIP","floor":18.0},{"not_picked":["Bane+1","Dagger Throw","Slice"],"picked":"SKIP","floor":19}],"player_experience":253987,"relics_obtained":[{"floor":7.0,"key":"Gremlin Horn"},{"floor":8.0,"key":"Odd Mushroom"},{"floor":9.0,"key":"Darkstone Periapt"},{"floor":11.0,"key":"Shuriken"}],"event_choices":[{"event_name":"Golden Idol","player_choice":"Lose Max HP","floor":3.0,"damage_taken":0.0},{"event_name":"Purifier","player_choice":"One Purge","floor":5.0,"damage_taken":0.0},{"event_name":"Mushrooms","player_choice":"Fought Mushrooms","floor":8.0,"damage_taken":0.0}],"is_beta":false,"boss_relics":[{"not_picked":["Philosopher\u0027s Stone","Orrery"],"picked":"Ring of the Serpent"}],"items_purged_floors":[],"is_endless":false,"potions_floor_spawned":[2,10,13,16,18,19],"killed_by":"Centurion and Healer","ascension_level":6}