{"gold_per_floor":[116,191,291,303,11,11,28,28,109,109,109,109,138,1,1,102,102,116,216,216,4,4,4,4,38,108,123,143,156,71,71,71,71],"floor_reached":33,"playtime":1370,"items_purged":["Strike_B","Strike_B","Strike_B"],"score":402,"play_id":"ee17e447-9a6f-486b-9ff9-bcd7258b17e9","local_time":"20180912152749","is_ascension_mode":true,"campfire_choices":[{"data":"Dualcast","floor":6.0,"key":"SMITH"},{"data":"Zap","floor":8.0,"key":"SMITH"},{"floor":11.0,"key":"REST"},{"data":"Storm","floor":15.0,"key":"SMITH"},{"data":"Machine Learning","floor":23.0,"key":"SMITH"},{"floor":32.0,"key":"REST"}],"neow_cost":"NONE","seed_source_timestamp":0,"circlet_count":0,"master_deck":["Strike_B+1","Defend_B","Defend_B","Defend_B+1","Defend_B","Zap+1","Dualcast+1","Beam Cell","Rebound","Electrodynamics","Storm+1","Machine Learning+1","Conserve Battery+1","Scrape","Streamline","Static Discharge+1"],"special_seed":0,"relics":["FrozenCore","Medical Kit","Shuriken","Bag of Marbles","Bottled Lightning","Enchiridion","Bronze Scales","Cables","Symbiotic Virus","MutagenicStrength"],"potions_floor_usage":[],"damage_taken":[{"damage":4.0,"enemies":"Small Slimes","floor":1.0,"turns":3.0},{"damage":12.0,"enemies":"Jaw Worm","floor":4.0,"turns":2.0},{"damage":0.0,"enemies":"Cultist","floor":7.0,"turns":3.0},{"damage":4.0,"enemies":"Gremlin Nob","floor":13.0,"turns":3.0},{"damage":0.0,"enemies":"Slime Boss","floor":16.0,"turns":6.0},{"damage":7.0,"enemies":"3 Byrds","floor":18.0,"turns":3.0},{"damage":26.0,"enemies":"Book of Stabbing","floor":25.0,"turns":6.0},{"damage":5.0,"enemies":"Chosen","floor":27.0,"turns":3.0},{"damage":12.0,"enemies":"Snake Plant","floor":28.0,"turns":3.0},{"damage":0.0,"enemies":"Snecko","floor":29.0,"turns":4.0},{"damage":37,"enemies":"Champ","floor":33,"turns":6}],"seed_played":"5922356651737294780","potions_obtained":[{"floor":1.0,"key":"Poison Potion"},{"floor":4.0,"key":"Strength Potion"},{"floor":16.0,"key":"Poison Potion"},{"floor":28.0,"key":"Block Potion"}],"is_trial":false,"path_per_floor":["M","?","?","M","$","R","M","R","T","?","R","T","E","$","R","B",null,"M","?","?","$","?","R","?","E","T","M","M","M","?","?","R"],"character_chosen":"DEFECT","items_purchased":["Medical Kit","Rebound","Storm","Scrape","Streamline"],"campfire_rested":2,"item_purchase_floors":[5,5,14,21,21],"current_hp_per_floor":[64,53,53,41,41,41,41,41,41,26,48,48,44,44,44,44,67,60,60,44,44,44,44,37,11,11,13,1,1,1,1,23,0],"gold":71,"neow_bonus":"THREE_CARDS","is_prod":false,"is_daily":false,"chose_seed":false,"campfire_upgraded":4,"win_rate":0,"timestamp":1536791269,"path_taken":["M","?","?","M","?","R","M","R","T","?","R","?","E","$","R","BOSS","M","?","?","?","?","R","?","E","T","M","?","M","?","?","R","BOSS"],"build_version":"2018-09-06","purchased_purges":3,"victory":false,"max_hp_per_floor":[75,75,75,75,75,75,75,75,75,75,75,75,75,75,75,75,75,75,75,75,75,75,75,75,75,75,75,75,75,75,75,75,75],"card_choices":[{"not_picked":["Stack","Compile Driver"],"picked":"Beam Cell","floor":0.0},{"not_picked":["Blizzard","Auto Shields","Reinforced Body"],"picked":"SKIP","floor":1.0},{"not_picked":["Beam Cell","Redo","Tempest"],"picked":"SKIP","floor":4.0},{"not_picked":["Rebound","Consume","Hologram"],"picked":"SKIP","floor":7.0},{"not_picked":["Streamline","Stack"],"picked":"Electrodynamics","floor":13.0},{"not_picked":["Electrodynamics","Fission"],"picked":"Machine Learning","floor":16.0},{"not_picked":["Stack","Tempest"],"picked":"Conserve Battery+1","floor":18.0},{"not_picked":["Turbo","Compile Driver"],"picked":"Static Discharge+1","floor":25.0},{"not_picked":["Barrage","Stack","Conserve Battery"],"picked":"SKIP","floor":27.0},{"not_picked":["Genetic Algorithm","Beam Cell","Ball Lightning"],"picked":"SKIP","floor":28.0},{"not_picked":["Beam Cell+1","Compile Driver","Reinforced Body+1"],"picked":"SKIP","floor":29.0}],"player_experience":288603,"relics_obtained":[{"floor":9.0,"key":"Shuriken"},{"floor":12.0,"key":"Bag of Marbles"},{"floor":13.0,"key":"Bottled Lightning"},{"floor":20.0,"key":"Enchiridion"},{"floor":25.0,"key":"Bronze Scales"},{"floor":26.0,"key":"Cables"}],"event_choices":[{"event_name":"World of Goop","player_choice":"Gather Gold","floor":2.0,"damage_taken":0.0},{"event_name":"Golden Shrine","player_choice":"Pray","floor":3.0,"damage_taken":0.0},{"event_name":"Shining Light","player_choice":"Entered Light","floor":10.0,"damage_taken":0.0},{"event_name":"Golden Shrine","player_choice":"Pray","floor":19.0,"damage_taken":0.0},{"event_name":"Cursed Tome","player_choice":"Obtained Book","floor":20.0,"damage_taken":0.0},{"event_name":"Ghosts","player_choice":"Ignored","floor":22.0,"damage_taken":0.0},{"event_name":"Wheel of Change","player_choice":"Damage","floor":24.0,"damage_taken":0.0},{"event_name":"Addict","player_choice":"Obtained Relic","floor":30.0,"damage_taken":0.0},{"event_name":"Drug Dealer","player_choice":"Inject Mutagens","floor":31.0,"damage_taken":0.0}],"is_beta":false,"boss_relics":[{"not_picked":["Runic Dome","Philosopher\u0027s Stone"],"picked":"FrozenCore"}],"items_purged_floors":[5,14,21],"is_endless":false,"potions_floor_spawned":[1,4,16,28],"killed_by":"Champ","ascension_level":6}