{"gold_per_floor":[109,121,46,46,57,57,57,57,57,57,75,17,17,36,36,109,109,119,319,278,150,165,165,165],"floor_reached":24,"playtime":566,"items_purged":["Strike_R"],"score":350,"play_id":"2dace259-5904-4be6-aa55-60ed37b907ab","local_time":"20181223214127","is_ascension_mode":true,"campfire_choices":[{"data":"Shrug It Off","floor":6.0,"key":"SMITH"},{"data":"Bash","floor":8.0,"key":"SMITH"},{"data":"Pommel Strike","floor":10.0,"key":"SMITH"},{"data":"Flex","floor":15,"key":"SMITH"},{"floor":23,"key":"REST"}],"neow_cost":"PERCENT_DAMAGE","seed_source_timestamp":30449811268346,"circlet_count":0,"master_deck":["AscendersBane","Defend_R","Defend_R","Defend_R","Bash+1","Pommel Strike","Shrug It Off+1","Pommel Strike+1","Sword Boomerang","Flex+1","Sword Boomerang","Immolate","Immolate+1","Sword Boomerang+1","Feel No Pain+1","True Grit","Battle Trance","Armaments","Shrug It Off+1"],"special_seed":0,"relics":["Burning Blood","Dodecahedron","Astrolabe"],"potions_floor_usage":[24],"damage_taken":[{"damage":0.0,"enemies":"Small Slimes","floor":1.0,"turns":4.0},{"damage":4.0,"enemies":"2 Louse","floor":2.0,"turns":4.0},{"damage":6.0,"enemies":"Cultist","floor":5.0,"turns":3.0},{"damage":18,"enemies":"Large Slime","floor":11,"turns":6},{"damage":12,"enemies":"Exordium Thugs","floor":14,"turns":4},{"damage":17,"enemies":"Slime Boss","floor":16,"turns":9},{"damage":15,"enemies":"Chosen","floor":18,"turns":5},{"damage":31,"enemies":"3 Byrds","floor":22,"turns":5},{"damage":74,"enemies":"Book of Stabbing","floor":24,"turns":4}],"seed_played":"3213528593113548103","potions_obtained":[{"floor":5.0,"key":"PowerPotion"},{"floor":11,"key":"SpeedPotion"}],"is_trial":false,"path_per_floor":["M","M","?","?","M","R","$","R","T","R","M","$","?","M","R","B",null,"M","?","$","$","M","R","E"],"character_chosen":"IRONCLAD","items_purchased":["Flex","Battle Trance","Armaments"],"campfire_rested":1,"item_purchase_floors":[12,20,21],"current_hp_per_floor":[70,72,72,65,65,65,65,65,65,65,53,53,53,47,47,36,76,67,67,67,67,42,68,0],"gold":165,"neow_bonus":"TWENTY_PERCENT_HP_BONUS","is_prod":false,"is_daily":false,"chose_seed":false,"campfire_upgraded":4,"win_rate":0,"timestamp":1545590487,"path_taken":["M","M","?","?","M","R","$","R","T","R","M","$","?","?","R","BOSS","M","?","?","$","M","R","E"],"build_version":"2018-12-20","purchased_purges":1,"victory":false,"max_hp_per_floor":[89,89,89,89,89,89,89,89,89,89,89,89,89,89,89,89,89,89,89,89,89,89,89,89],"card_choices":[{"not_picked":["Body Slam","Warcry"],"picked":"Pommel Strike","floor":1.0},{"not_picked":["Body Slam","Burning Pact"],"picked":"Shrug It Off","floor":2.0},{"not_picked":["Twin Strike","Clash"],"picked":"Pommel Strike","floor":5.0},{"not_picked":["Whirlwind","Havoc"],"picked":"Sword Boomerang","floor":11},{"not_picked":["Bludgeon","Infernal Blade"],"picked":"Sword Boomerang","floor":14},{"not_picked":["Feed","Impervious"],"picked":"Immolate","floor":16},{"not_picked":["Rupture","Infernal Blade+1"],"picked":"True Grit","floor":18},{"not_picked":["Flex","Perfected Strike"],"picked":"Shrug It Off+1","floor":22}],"player_experience":605797,"relics_obtained":[{"floor":9.0,"key":"Dodecahedron"}],"event_choices":[{"cards_removed":["Strike_R"],"damage_healed":0.0,"max_hp_gain":0.0,"max_hp_loss":0.0,"gold_gain":0.0,"event_name":"The Cleric","player_choice":"Card Removal","floor":3.0,"gold_loss":75.0,"damage_taken":0.0},{"cards_removed":["Strike_R"],"damage_healed":0.0,"max_hp_gain":0.0,"max_hp_loss":0.0,"gold_gain":0.0,"event_name":"Golden Wing","player_choice":"Card Removal","floor":4.0,"gold_loss":0.0,"damage_taken":7.0},{"damage_healed":0,"gold_gain":0,"player_choice":"Got Potions","damage_taken":0,"max_hp_gain":0,"max_hp_loss":0,"event_name":"Lab","floor":13,"gold_loss":0},{"damage_healed":0,"gold_gain":200,"player_choice":"Gold","damage_taken":0,"max_hp_gain":0,"max_hp_loss":0,"event_name":"Wheel of Change","floor":19,"gold_loss":0}],"is_beta":false,"boss_relics":[{"not_picked":["Runic Dome","Fusion Hammer"],"picked":"Astrolabe"}],"items_purged_floors":[21],"is_endless":false,"potions_floor_spawned":[5,11],"killed_by":"Book of Stabbing","ascension_level":18}