{"gold_per_floor":[110,110,110,123,138,138,165,165,165,175,194,194],"floor_reached":12,"playtime":329,"items_purged":[],"score":160,"play_id":"e07e0948-174e-4660-a922-3b30bb993899","local_time":"20190730193101","is_ascension_mode":true,"campfire_choices":[{"data":"Dash","floor":6,"key":"SMITH"}],"neow_cost":"NONE","seed_source_timestamp":7040125225825,"circlet_count":0,"master_deck":["AscendersBane","Strike_G","Strike_G","Strike_G","Strike_G","Strike_G","Defend_G","Defend_G","Defend_G","Defend_G","Defend_G","Survivor","Neutralize+1","Storm of Steel","PiercingWail","Dash+1","Leg Sweep","Poisoned Stab+1","Backflip"],"relics":["Ring of the Snake","Molten Egg 2","Pear","Ninja Scroll"],"potions_floor_usage":[],"damage_taken":[{"damage":7,"enemies":"Jaw Worm","floor":1,"turns":6},{"damage":2,"enemies":"2 Louse","floor":4,"turns":4},{"damage":0,"enemies":"Cultist","floor":5,"turns":4},{"damage":31,"enemies":"Gremlin Nob","floor":7,"turns":6},{"damage":0,"enemies":"Exordium Wildlife","floor":10,"turns":4},{"damage":1,"enemies":"Looter","floor":11,"turns":3},{"damage":22,"enemies":"Lagavulin","floor":12,"turns":3}],"seed_played":"7896531773019654027","potions_obtained":[{"floor":1,"key":"Explosive Potion"},{"floor":10,"key":"SteroidPotion"}],"is_trial":false,"path_per_floor":["M","?","?","M","M","R","E","?","T","M","M","E"],"character_chosen":"THE_SILENT","items_purchased":[],"campfire_rested":0,"item_purchase_floors":[],"current_hp_per_floor":[52,57,57,55,55,55,24,23,23,23,22,0],"gold":194,"neow_bonus":"ONE_RANDOM_RARE_CARD","is_prod":false,"is_daily":false,"chose_seed":false,"campfire_upgraded":1,"win_rate":0,"timestamp":1564504261,"path_taken":["M","?","?","?","M","R","E","?","T","M","M","E"],"build_version":"2019-07-17","purchased_purges":0,"victory":false,"max_hp_per_floor":[66,71,71,71,71,71,71,81,81,81,81,81],"card_choices":[{"not_picked":["Dagger Spray","Acrobatics"],"picked":"PiercingWail","floor":1},{"not_picked":["Terror","Dagger Throw"],"picked":"Dash","floor":4},{"not_picked":["Heel Hook","Predator"],"picked":"Leg Sweep","floor":5},{"not_picked":["A Thousand Cuts","Leg Sweep"],"picked":"Poisoned Stab","floor":7},{"not_picked":["Underhanded Strike+1","Acrobatics","Bouncing Flask"],"picked":"SKIP","floor":10},{"not_picked":["Prepared","PiercingWail"],"picked":"Backflip","floor":11}],"player_experience":1114682,"relics_obtained":[{"floor":7,"key":"Molten Egg 2"},{"floor":9,"key":"Ninja Scroll"}],"event_choices":[{"damage_healed":0,"gold_gain":0,"player_choice":"Donut","damage_taken":0,"max_hp_gain":5,"max_hp_loss":0,"event_name":"Big Fish","floor":2,"gold_loss":0},{"damage_healed":0,"gold_gain":0,"player_choice":"Forge","damage_taken":0,"max_hp_gain":0,"max_hp_loss":0,"event_name":"Accursed Blacksmith","floor":3,"gold_loss":0,"cards_upgraded":["Neutralize"]},{"damage_healed":0,"gold_gain":0,"player_choice":"Success","damage_taken":11,"relics_obtained":["Pear"],"max_hp_gain":0,"max_hp_loss":0,"event_name":"Scrap Ooze","floor":8,"gold_loss":0}],"is_beta":false,"boss_relics":[],"items_purged_floors":[],"is_endless":false,"potions_floor_spawned":[1,10],"killed_by":"Lagavulin","ascension_level":20}