{"gold_per_floor":[109,109,127,145,70,70,98,98,98,108,108,127,143,25,25,122,122,140,151,169,169],"floor_reached":21,"playtime":1510,"items_purged":["Strike_R"],"score":183,"play_id":"781d4a45-bb82-411d-9ff9-d65631b39f97","local_time":"20190411210928","is_ascension_mode":false,"campfire_choices":[{"data":"Body Slam","floor":6,"key":"SMITH"},{"data":"Searing Blow","floor":8,"key":"SMITH"},{"data":"Searing Blow+1","floor":11,"key":"SMITH"},{"data":"Searing Blow+2","floor":15,"key":"SMITH"}],"neow_cost":"NONE","seed_source_timestamp":42759521539697,"circlet_count":0,"master_deck":["Strike_R","Strike_R","Strike_R","Strike_R","Defend_R","Defend_R","Defend_R","Defend_R","Bash","Body Slam+1","Searing Blow+3","Metallicize","Entrench"],"relics":["Black Blood","NeowsBlessing","Sundial","Happy Flower"],"potions_floor_usage":[7,7,16,16,21,21],"damage_taken":[{"damage":0,"enemies":"Jaw Worm","floor":1,"turns":1},{"damage":0,"enemies":"Cultist","floor":3,"turns":1},{"damage":0,"enemies":"Small Slimes","floor":4,"turns":1},{"damage":37,"enemies":"Lagavulin","floor":7,"turns":9},{"damage":10,"enemies":"Looter","floor":10,"turns":3},{"damage":3,"enemies":"2 Fungi Beasts","floor":12,"turns":3},{"damage":0,"enemies":"Exordium Wildlife","floor":13,"turns":4},{"damage":38,"enemies":"Slime Boss","floor":16,"turns":15},{"damage":3,"enemies":"Chosen","floor":18,"turns":5},{"damage":40,"enemies":"3 Byrds","floor":19,"turns":8},{"damage":32,"enemies":"Snake Plant","floor":20,"turns":4},{"damage":41,"enemies":"3 Cultists","floor":21,"turns":5}],"seed_played":"-1856145969746436593","potions_obtained":[{"floor":1,"key":"Weak Potion"},{"floor":2,"key":"FairyPotion"},{"floor":2,"key":"Ancient Potion"},{"floor":3,"key":"Block Potion"},{"floor":13,"key":"SteroidPotion"},{"floor":16,"key":"SteroidPotion"},{"floor":20,"key":"Ancient Potion"}],"is_trial":false,"path_per_floor":["M","?","M","M","$","R","E","R","T","M","R","M","M","$","R","B",null,"M","M","M","M"],"character_chosen":"IRONCLAD","items_purchased":["Entrench","Block Potion"],"campfire_rested":0,"item_purchase_floors":[14,14],"current_hp_per_floor":[80,80,80,80,80,80,49,49,49,45,45,48,54,54,54,22,80,80,50,28,0],"gold":169,"neow_bonus":"THREE_ENEMY_KILL","is_prod":false,"is_daily":false,"chose_seed":false,"campfire_upgraded":4,"win_rate":0.0,"timestamp":1555009768,"path_taken":["M","?","?","M","$","R","E","R","T","M","R","M","M","$","R","BOSS","M","M","M","M"],"build_version":"2019-01-23","purchased_purges":1,"victory":false,"max_hp_per_floor":[80,80,80,80,80,80,80,80,80,80,80,80,80,80,80,80,80,80,80,80,80],"card_choices":[{"not_picked":["Rampage","Intimidate"],"picked":"Body Slam","floor":1},{"not_picked":["Cleave","Havoc","Flex"],"picked":"SKIP","floor":3},{"not_picked":["Twin Strike","Anger"],"picked":"Searing Blow","floor":4},{"not_picked":["Carnage","Shrug It Off","Sword Boomerang"],"picked":"SKIP","floor":7},{"not_picked":["Armaments","Havoc","Sword Boomerang"],"picked":"SKIP","floor":10},{"not_picked":["Pommel Strike","Feel No Pain"],"picked":"Metallicize","floor":12},{"not_picked":["Infernal Blade","Feed","Burning Pact"],"picked":"SKIP","floor":13},{"not_picked":["Flex","Burning Pact","Combust"],"picked":"SKIP","floor":18},{"not_picked":["Battle Trance+1","Clash","Iron Wave"],"picked":"SKIP","floor":19},{"not_picked":["Hemokinesis","Clash","Cleave"],"picked":"SKIP","floor":20}],"player_experience":52729,"relics_obtained":[{"floor":7,"key":"Sundial"},{"floor":9,"key":"Happy Flower"}],"event_choices":[{"damage_healed":0,"gold_gain":0,"player_choice":"Got Potions","damage_taken":0,"max_hp_gain":0,"max_hp_loss":0,"event_name":"Lab","floor":2,"gold_loss":0}],"is_beta":false,"boss_relics":[{"not_picked":["Velvet Choker","Snecko Eye"],"picked":"Black Blood"}],"items_purged_floors":[5],"is_endless":false,"potions_floor_spawned":[1,3,13,16,20],"killed_by":"3 Cultists","ascension_level":0}