{"gold_per_floor":[117,180,230,244,260,288,288,363,363,363],"floor_reached":10,"playtime":156,"items_purged":[],"score":125,"play_id":"edf81f91-6aed-44ec-a0a7-5e601dd5ebf4","local_time":"20190107233846","is_ascension_mode":true,"campfire_choices":[{"floor":7,"key":"REST"}],"neow_cost":"NONE","seed_source_timestamp":42601287795370,"circlet_count":0,"master_deck":["AscendersBane","Strike_B","Strike_B","Strike_B","Strike_B","Defend_B","Defend_B","Defend_B","Defend_B","Zap","Dualcast","Streamline","Hologram","Coolheaded","Go for the Eyes+1"],"special_seed":0,"relics":["Cracked Core","NeowsBlessing","Molten Egg 2","Juzu Bracelet"],"potions_floor_usage":[6,6],"damage_taken":[{"damage":0.0,"enemies":"Small Slimes","floor":1.0,"turns":1.0},{"damage":0.0,"enemies":"Jaw Worm","floor":4.0,"turns":1.0},{"damage":0.0,"enemies":"Cultist","floor":5.0,"turns":1.0},{"damage":28,"enemies":"Gremlin Nob","floor":6,"turns":4},{"damage":42,"enemies":"Lagavulin","floor":10,"turns":9}],"seed_played":"3630352878513452370","potions_obtained":[{"floor":4.0,"key":"LiquidBronze"},{"floor":5.0,"key":"FearPotion"}],"is_trial":false,"path_per_floor":["M","?","?","M","M","E","R","?","T","E"],"character_chosen":"DEFECT","items_purchased":[],"campfire_rested":1,"item_purchase_floors":[],"current_hp_per_floor":[64,64,57,57,57,29,50,39,39,0],"gold":363,"neow_bonus":"THREE_ENEMY_KILL","is_prod":false,"is_daily":false,"chose_seed":false,"campfire_upgraded":0,"win_rate":0,"timestamp":1546893526,"path_taken":["M","?","?","M","?","E","R","?","T","E"],"build_version":"2019-01-03v4","purchased_purges":0,"victory":false,"max_hp_per_floor":[71,71,71,71,71,71,71,71,71,71],"card_choices":[{"not_picked":["Gash","Chaos"],"picked":"Streamline","floor":1.0},{"not_picked":["Sunder","Rebound"],"picked":"Hologram","floor":4.0},{"not_picked":["Rip and Tear","Beam Cell"],"picked":"Coolheaded","floor":5.0},{"not_picked":["Meteor Strike","Consume"],"picked":"Go for the Eyes","floor":6}],"player_experience":665231,"relics_obtained":[{"floor":6,"key":"Molten Egg 2"},{"floor":9,"key":"Juzu Bracelet"}],"event_choices":[{"damage_healed":0.0,"max_hp_gain":0.0,"max_hp_loss":0.0,"gold_gain":63.0,"event_name":"Golden Wing","player_choice":"Gained Gold","floor":2.0,"gold_loss":0.0,"damage_taken":0.0},{"damage_healed":0.0,"max_hp_gain":0.0,"max_hp_loss":0.0,"gold_gain":50.0,"event_name":"FaceTrader","player_choice":"Touch","floor":3.0,"gold_loss":0.0,"damage_taken":7.0},{"damage_healed":0,"gold_gain":75,"player_choice":"Gather Gold","damage_taken":11,"max_hp_gain":0,"max_hp_loss":0,"event_name":"World of Goop","floor":8,"gold_loss":0}],"is_beta":false,"boss_relics":[],"items_purged_floors":[],"is_endless":false,"potions_floor_spawned":[4,5],"killed_by":"Lagavulin","ascension_level":18}