{"gold_per_floor":[114,114,114,289,239,269,281,293,305,332,359,167,182,11,11,111,111,126,141,156,71,71,71,86,86,86,86,86,5,5,20,20,120,120,135,150,150,165,180,180,300,315,340,355,66,66,12,12,12,12],"floor_reached":51,"playtime":6501,"items_purged":["Normality","Regret","Normality"],"score":745,"play_id":"cb73431b-20da-4799-bc64-8ec1c5422849","local_time":"20190806111734","daily_mods":["Cursed Run","Colorless Cards","Terminal"],"is_ascension_mode":false,"campfire_choices":[{"data":"Cold Snap","floor":7,"key":"SMITH"},{"data":"Loop","floor":15,"key":"SMITH"},{"data":"White Noise","floor":23,"key":"SMITH"},{"floor":25,"key":"REST"},{"data":"Cold Snap","floor":32,"key":"SMITH"},{"floor":40,"key":"REST"},{"floor":46,"key":"REST"},{"data":"All For One","floor":49,"key":"SMITH"}],"neow_cost":"","seed_source_timestamp":0,"circlet_count":0,"master_deck":["Strike_B+1","Strike_B+1","Strike_B+1","Strike_B+1","Defend_B+1","Defend_B+1","Defend_B+1","Defend_B+1","Zap","Dualcast","Auto Shields","Writhe","Cold Snap+1","Coolheaded","Purity","Barrage","Undo","White Noise+1","Loop+1","Clumsy","Electrodynamics","Undo+1","Reinforced Body","Enlightenment","RitualDagger","Blind+1","Doubt","Decay","Defragment+1","Cold Snap+1","Transmutation","Hologram","Go for the Eyes+1","Mayhem","Thinking Ahead","Hologram+1","Parasite","Gash+1","Force Field","Barrage+1","Decay","All For One+1","Self Repair","Flash of Steel","Gash","Pain","Writhe"],"special_seed":18114,"relics":["Cursed Key","Darkstone Periapt","Du-Vu Doll","Gremlin Horn","Matryoshka","MawBank","CultistMask","Cables","Mercury Hourglass","White Beast Statue","WingedGreaves","Bag of Marbles","Bottled Flame","Philosopher\u0027s Stone","Pocketwatch","Boot","WarpedTongs"],"potions_floor_usage":[33,33,39,50,50],"damage_taken":[{"damage":0,"enemies":"Small Slimes","floor":1,"turns":3},{"damage":11,"enemies":"Gremlin Nob","floor":6,"turns":5},{"damage":0,"enemies":"Jaw Worm","floor":10,"turns":2},{"damage":2,"enemies":"Cultist","floor":11,"turns":3},{"damage":0,"enemies":"Exordium Thugs","floor":13,"turns":4},{"damage":50,"enemies":"Hexaghost","floor":16,"turns":12},{"damage":20,"enemies":"3 Byrds","floor":18,"turns":4},{"damage":0,"enemies":"2 Thieves","floor":19,"turns":4},{"damage":1,"enemies":"Snake Plant","floor":20,"turns":5},{"damage":2,"enemies":"Centurion and Healer","floor":24,"turns":5},{"damage":0,"enemies":"3 Cultists","floor":31,"turns":5},{"damage":17,"enemies":"Champ","floor":33,"turns":15},{"damage":6,"enemies":"Orb Walker","floor":35,"turns":3},{"damage":35,"enemies":"3 Shapes","floor":36,"turns":5},{"damage":0,"enemies":"Transient","floor":38,"turns":5},{"damage":9,"enemies":"Writhing Mass","floor":39,"turns":6},{"damage":0,"enemies":"Mind Bloom Boss Battle","floor":41,"turns":5},{"damage":13,"enemies":"Jaw Worm Horde","floor":42,"turns":4},{"damage":10,"enemies":"3 Darklings","floor":44,"turns":4},{"damage":47,"enemies":"Awakened One","floor":50,"turns":10}],"seed_played":"6970296724867873700","potions_obtained":[{"floor":1,"key":"LiquidBronze"},{"floor":16,"key":"Strength Potion"},{"floor":18,"key":"FearPotion"},{"floor":19,"key":"Weak Potion"},{"floor":20,"key":"Ancient Potion"},{"floor":33,"key":"EssenceOfSteel"},{"floor":35,"key":"Swift Potion"},{"floor":36,"key":"FocusPotion"},{"floor":39,"key":"Swift Potion"}],"is_trial":false,"path_per_floor":["M","?","T","?","?","E","R","?","T","M","M","$","M","$","R","B",null,"M","M","M","?","?","R","M","R","T","?","?","$","?","M","R","B",null,"M","M","?","M","M","R","?","M","T","M","$","R","$","?","R","B",null],"character_chosen":"DEFECT","items_purchased":["Barrage","Undo","Loop","Defragment","Self Repair","Flash of Steel","Gash"],"campfire_rested":3,"item_purchase_floors":[12,12,14,29,45,45,47],"current_hp_per_floor":[73,78,83,88,87,76,76,76,82,82,80,80,80,80,80,36,87,67,67,66,66,60,60,58,79,84,83,88,87,86,85,84,73,88,82,47,42,42,39,65,65,52,58,48,48,74,74,80,80,49],"gold":12,"neow_bonus":"","is_prod":false,"is_daily":true,"chose_seed":false,"campfire_upgraded":5,"win_rate":0.0,"timestamp":1565104654,"path_taken":["M","?","?","?","?","E","R","?","T","M","M","$","M","$","R","BOSS","M","M","?","?","?","R","M","R","T","?","?","$","?","M","R","BOSS","M","M","?","M","M","R","?","M","T","M","$","R","$","?","R","BOSS"],"build_version":"2019-07-17","purchased_purges":3,"victory":true,"max_hp_per_floor":[73,78,83,88,87,86,85,84,89,88,87,86,85,84,83,88,87,86,85,84,83,82,81,80,79,84,83,88,87,86,85,84,89,88,87,86,85,84,89,88,87,86,91,90,89,88,87,92,91,96],"card_choices":[{"not_picked":["Redo","Hologram"],"picked":"Auto Shields","floor":1},{"not_picked":["Redo","White Noise"],"picked":"Cold Snap","floor":6},{"not_picked":["Conserve Battery","Streamline"],"picked":"Coolheaded","floor":10},{"not_picked":["Streamline","Hologram"],"picked":"Purity","floor":11},{"not_picked":["Genetic Algorithm","Sweeping Beam"],"picked":"White Noise","floor":13},{"not_picked":["Echo Form","Hyperbeam"],"picked":"Electrodynamics","floor":16},{"not_picked":["Leap","Beam Cell+1"],"picked":"Undo+1","floor":18},{"not_picked":["Coolheaded","Heatsinks"],"picked":"Reinforced Body","floor":19},{"not_picked":["Coolheaded","Compile Driver"],"picked":"Enlightenment","floor":20},{"not_picked":["Turbo","Compile Driver"],"picked":"Blind+1","floor":24},{"not_picked":["Hello World+1","Darkness"],"picked":"Cold Snap","floor":31},{"not_picked":["Thunder Strike","Chrysalis"],"picked":"Transmutation","floor":33},{"not_picked":["Redo","Fusion+1"],"picked":"Hologram","floor":35},{"not_picked":["Scrape+1","Doom and Gloom"],"picked":"Go for the Eyes+1","floor":36},{"not_picked":["Mind Blast","Secret Weapon"],"picked":"Mayhem","floor":37},{"not_picked":["Trip","PanicButton"],"picked":"Thinking Ahead","floor":37},{"not_picked":["Conserve Battery+1","Fusion+1"],"picked":"Hologram+1","floor":38},{"not_picked":["Hologram+1","Turbo+1"],"picked":"Gash+1","floor":39},{"not_picked":["Good Instincts","Rip and Tear"],"picked":"Force Field","floor":41},{"not_picked":["Stack+1","Recycle+1"],"picked":"Barrage+1","floor":42},{"not_picked":["Streamline+1","Capacitor+1"],"picked":"All For One","floor":44}],"player_experience":20258,"relics_obtained":[{"floor":3,"key":"Matryoshka"},{"floor":6,"key":"MawBank"},{"floor":9,"key":"Cables"},{"floor":9,"key":"Mercury Hourglass"},{"floor":26,"key":"Bag of Marbles"},{"floor":26,"key":"Bottled Flame"},{"floor":41,"key":"Pocketwatch"},{"floor":43,"key":"Boot"}],"event_choices":[{"damage_healed":0,"gold_gain":0,"player_choice":"Box","damage_taken":0,"relics_obtained":["Gremlin Horn"],"max_hp_gain":0,"max_hp_loss":0,"event_name":"Big Fish","floor":2,"gold_loss":0,"cards_obtained":["Regret"]},{"damage_healed":0,"gold_gain":175,"player_choice":"AGREE","damage_taken":0,"max_hp_gain":0,"max_hp_loss":0,"event_name":"Liars Game","floor":4,"gold_loss":0,"cards_obtained":["Doubt"]},{"cards_removed":["Doubt"],"damage_healed":0,"gold_gain":0,"player_choice":"Card Removal","damage_taken":0,"max_hp_gain":0,"max_hp_loss":0,"event_name":"The Cleric","floor":5,"gold_loss":50},{"damage_healed":0,"gold_gain":0,"player_choice":"Trade","damage_taken":0,"relics_obtained":["CultistMask"],"max_hp_gain":0,"max_hp_loss":0,"event_name":"FaceTrader","floor":8,"gold_loss":0},{"damage_healed":0,"gold_gain":0,"player_choice":"Obtained Relic","damage_taken":0,"relics_obtained":["WingedGreaves"],"max_hp_gain":0,"max_hp_loss":0,"event_name":"Addict","floor":21,"gold_loss":85},{"damage_healed":0,"gold_gain":0,"player_choice":"Joined the Cult","damage_taken":6,"max_hp_gain":0,"max_hp_loss":0,"event_name":"Nest","floor":22,"gold_loss":0,"cards_obtained":["RitualDagger"]},{"damage_healed":0,"gold_gain":0,"player_choice":"Simplicity","damage_taken":0,"max_hp_gain":0,"max_hp_loss":0,"event_name":"Back to Basics","floor":27,"gold_loss":0,"cards_upgraded":["Strike_B","Strike_B","Strike_B","Strike_B","Defend_B","Defend_B","Defend_B","Defend_B"]},{"damage_healed":0,"gold_gain":0,"player_choice":"Smashed Altar","damage_taken":0,"max_hp_gain":0,"max_hp_loss":0,"event_name":"Forgotten Altar","floor":28,"gold_loss":0,"cards_obtained":["Decay"]},{"damage_healed":0,"gold_gain":0,"player_choice":"Upgraded","damage_taken":0,"max_hp_gain":0,"max_hp_loss":0,"event_name":"Upgrade Shrine","floor":30,"gold_loss":0,"cards_upgraded":["Defragment"]},{"damage_healed":0,"gold_gain":0,"player_choice":"Memory 2","damage_taken":5,"max_hp_gain":0,"max_hp_loss":0,"event_name":"SensoryStone","floor":37,"gold_loss":0},{"damage_healed":0,"gold_gain":0,"player_choice":"Fight","damage_taken":0,"max_hp_gain":0,"max_hp_loss":0,"event_name":"MindBloom","floor":41,"gold_loss":0},{"damage_healed":0,"gold_gain":0,"player_choice":"Rummage","damage_taken":0,"relics_obtained":["WarpedTongs"],"max_hp_gain":0,"max_hp_loss":0,"event_name":"Accursed Blacksmith","floor":48,"gold_loss":0,"cards_obtained":["Pain"]}],"is_beta":false,"boss_relics":[{"not_picked":["Coffee Dripper","Snecko Eye"],"picked":"White Beast Statue"},{"not_picked":["Tiny House","Pandora\u0027s Box"],"picked":"Philosopher\u0027s Stone"}],"items_purged_floors":[12,14,45],"is_endless":false,"potions_floor_spawned":[1,16,18,19,20,24,31,33,35,36,38,39,41,42,44],"ascension_level":0}