{"gold_per_floor":[112,112,124,150,173,185,222,234,273,295,307,319,347,373,385,494,506,529,559,571,594,620,632,644,656,668,691,714,737,749,686,698,710],"floor_reached":33,"playtime":1141,"items_purged":[],"score":251,"play_id":"b1597552-a0de-4899-9eb7-cd6d47f5f05a","local_time":"20180929221903","is_ascension_mode":false,"campfire_choices":[{"data":"Whirlwind","floor":6.0,"key":"SMITH"},{"floor":15.0,"key":"REST"},{"floor":23.0,"key":"REST"},{"floor":32.0,"key":"REST"}],"neow_cost":"","seed_source_timestamp":0,"circlet_count":0,"master_deck":["Strike_R","Strike_R","Strike_R","Strike_R","Strike_R","Defend_R","Defend_R+1","Bash","Disarm+1","Blood for Blood","Whirlwind+1","Dual Wield","Shrug It Off","Armaments","Sentinel","Ghostly Armor","Brutality","Perfected Strike","Iron Wave","Havoc","Anger","Hemokinesis","Sever Soul","Shrug It Off"],"special_seed":0,"relics":["Burning Blood","MawBank","Gambling Chip","Lantern","Busted Crown","Prayer Wheel","Unceasing Top"],"potions_floor_usage":[33],"damage_taken":[{"damage":5.0,"enemies":"2 Louse","floor":1.0,"turns":3.0},{"damage":11.0,"enemies":"Jaw Worm","floor":4.0,"turns":4.0},{"damage":5.0,"enemies":"Cultist","floor":5.0,"turns":4.0},{"damage":28.0,"enemies":"Gremlin Nob","floor":7.0,"turns":4.0},{"damage":10.0,"enemies":"Looter","floor":10.0,"turns":3.0},{"damage":0.0,"enemies":"Exordium Wildlife","floor":13.0,"turns":2.0},{"damage":10.0,"enemies":"Red Slaver","floor":14.0,"turns":3.0},{"damage":33.0,"enemies":"The Guardian","floor":16.0,"turns":14.0},{"damage":12.0,"enemies":"Spheric Guardian","floor":18.0,"turns":3.0},{"damage":8.0,"enemies":"Shell Parasite","floor":19.0,"turns":4.0},{"damage":31.0,"enemies":"Cultist and Chosen","floor":21.0,"turns":8.0},{"damage":21.0,"enemies":"3 Cultists","floor":22.0,"turns":4.0},{"damage":19.0,"enemies":"Snake Plant","floor":27.0,"turns":3.0},{"damage":15.0,"enemies":"Snecko","floor":28.0,"turns":3.0},{"damage":23.0,"enemies":"Centurion and Healer","floor":29.0,"turns":5.0},{"damage":50,"enemies":"Collector","floor":33,"turns":7}],"seed_played":"7928227266757423620","potions_obtained":[{"floor":1.0,"key":"Strength Potion"},{"floor":5.0,"key":"GamblersBrew"},{"floor":13.0,"key":"Energy Potion"},{"floor":16.0,"key":"Dexterity Potion"},{"floor":21.0,"key":"Energy Potion"},{"floor":28.0,"key":"PowerPotion"}],"is_trial":false,"path_per_floor":["M","?","$","M","M","R","E","?","T","M","?","$","M","M","R","B",null,"M","M","$","M","M","R","?","?","T","M","M","M","$","?","R"],"character_chosen":"IRONCLAD","items_purchased":[],"campfire_rested":3,"item_purchase_floors":[],"current_hp_per_floor":[80,68,68,63,64,64,42,26,26,22,22,22,28,24,48,21,80,74,72,72,47,32,56,56,56,56,43,34,17,17,17,41,0],"gold":710,"neow_bonus":"","is_prod":false,"is_daily":false,"chose_seed":false,"campfire_upgraded":1,"win_rate":0,"timestamp":1538284743,"path_taken":["M","?","$","M","M","R","E","?","T","M","?","$","M","M","R","BOSS","M","M","$","M","M","R","?","?","T","M","M","?","$","?","R","BOSS"],"build_version":"2018-09-27","purchased_purges":0,"victory":false,"max_hp_per_floor":[80,80,80,80,80,80,80,80,80,80,80,80,80,80,80,80,80,80,80,80,80,80,80,80,80,80,80,80,80,80,80,80,80],"card_choices":[{"not_picked":["Entrench","Reckless Charge"],"picked":"Disarm","floor":1.0},{"not_picked":["Iron Wave","Headbutt"],"picked":"Blood for Blood","floor":4.0},{"not_picked":["Sentinel","Iron Wave"],"picked":"Whirlwind","floor":5.0},{"not_picked":["Body Slam","Thunderclap"],"picked":"Dual Wield","floor":7.0},{"not_picked":["Heavy Blade","Clothesline"],"picked":"Shrug It Off","floor":10.0},{"not_picked":["Exhume","Sword Boomerang"],"picked":"Sentinel","floor":13.0},{"not_picked":["Clash","Flex"],"picked":"Ghostly Armor","floor":14.0},{"not_picked":["Double Tap","Immolate"],"picked":"Brutality","floor":16.0},{"not_picked":[],"picked":"Perfected Strike","floor":18.0},{"not_picked":[],"picked":"Iron Wave","floor":19.0},{"not_picked":[],"picked":"Havoc","floor":21.0},{"not_picked":["Sword Boomerang+1"],"picked":"SKIP","floor":22.0},{"not_picked":[],"picked":"Anger","floor":27.0},{"not_picked":[],"picked":"Hemokinesis","floor":27.0},{"not_picked":[],"picked":"Sever Soul","floor":28.0},{"not_picked":["Dual Wield"],"picked":"SKIP","floor":28.0},{"not_picked":[],"picked":"Shrug It Off","floor":29.0},{"not_picked":["Body Slam"],"picked":"SKIP","floor":29.0}],"player_experience":343262,"relics_obtained":[{"floor":7.0,"key":"Gambling Chip"},{"floor":9.0,"key":"Lantern"},{"floor":26.0,"key":"Unceasing Top"}],"event_choices":[{"event_name":"Scrap Ooze","player_choice":"success","floor":2.0,"damage_taken":12.0},{"event_name":"Shining Light","player_choice":"Entered Light","floor":8.0,"damage_taken":0.0},{"event_name":"Transmorgrifier","player_choice":"Transform","floor":11.0,"damage_taken":0.0},{"event_name":"Ghosts","player_choice":"Ignored","floor":24.0,"damage_taken":0.0},{"event_name":"WeMeetAgain","player_choice":"Potion","floor":25.0,"damage_taken":0.0},{"event_name":"Beggar","player_choice":"Gave Gold","floor":31.0,"damage_taken":0.0}],"is_beta":false,"boss_relics":[{"not_picked":["Eternal Feather","Orrery"],"picked":"Busted Crown"}],"items_purged_floors":[],"is_endless":false,"potions_floor_spawned":[1,5,13,16,21,28],"killed_by":"Collector","ascension_level":0}