{"gold_per_floor":[116,116,116,128,25,55,55,55],"floor_reached":8,"playtime":303,"items_purged":["Regret"],"score":105,"play_id":"81209df7-f8f8-4ccb-bea9-2d74abd68847","local_time":"20190726165912","is_ascension_mode":true,"campfire_choices":[{"floor":7.0,"key":"REST"}],"neow_cost":"NONE","seed_source_timestamp":6989416577867,"circlet_count":0,"master_deck":["AscendersBane","Strike_G","Strike_G","Strike_G","Strike_G","Strike_G","Defend_G","Defend_G","Defend_G","Defend_G","Defend_G","Survivor","Neutralize","All Out Attack","Well Laid Plans","Deflect","Unload"],"special_seed":0,"relics":["Black Star","Darkstone Periapt","Potion Belt","Du-Vu Doll","Unceasing Top"],"potions_floor_usage":[8],"damage_taken":[{"damage":3.0,"enemies":"Jaw Worm","floor":1.0,"turns":6.0},{"damage":0.0,"enemies":"2 Louse","floor":4.0,"turns":2.0},{"damage":58.0,"enemies":"3 Sentries","floor":6.0,"turns":13.0},{"damage":38,"enemies":"Lagavulin","floor":8,"turns":5}],"seed_played":"-3779925814690193635","potions_obtained":[{"floor":1.0,"key":"Regen Potion"},{"floor":6.0,"key":"SteroidPotion"}],"is_trial":false,"path_per_floor":["M","?","?","M","$","E","R","E"],"character_chosen":"THE_SILENT","items_purchased":["Deflect"],"campfire_rested":1,"item_purchase_floors":[5],"current_hp_per_floor":[56,38,44,44,44,1,22,0],"gold":55,"neow_bonus":"BOSS_RELIC","is_prod":false,"is_daily":false,"chose_seed":false,"campfire_upgraded":0,"win_rate":0,"timestamp":1564185552,"path_taken":["M","?","?","M","$","E","R","E"],"build_version":"2019-07-17","purchased_purges":1,"victory":false,"max_hp_per_floor":[66,66,72,72,72,72,72,72],"card_choices":[{"not_picked":["Catalyst","Dash"],"picked":"All Out Attack","floor":1.0},{"not_picked":["Blade Dance","Dodge and Roll"],"picked":"Well Laid Plans","floor":4.0},{"not_picked":["Expertise","Acrobatics"],"picked":"Unload","floor":6.0}],"player_experience":678917,"relics_obtained":[{"floor":6.0,"key":"Du-Vu Doll"},{"floor":6.0,"key":"Unceasing Top"}],"event_choices":[{"damage_healed":0.0,"max_hp_gain":0.0,"max_hp_loss":0.0,"gold_gain":0.0,"event_name":"Scrap Ooze","player_choice":"Success","floor":2.0,"gold_loss":0.0,"damage_taken":18.0,"relics_obtained":["Darkstone Periapt"]},{"damage_healed":0.0,"max_hp_gain":0.0,"max_hp_loss":0.0,"gold_gain":0.0,"event_name":"Big Fish","player_choice":"Box","floor":3.0,"gold_loss":0.0,"damage_taken":0.0,"relics_obtained":["Potion Belt"],"cards_obtained":["Regret"]}],"is_beta":false,"boss_relics":[],"items_purged_floors":[5],"is_endless":false,"potions_floor_spawned":[1,6],"killed_by":"Lagavulin","ascension_level":19}