{"gold_per_floor":[110,127,127,145,33,61,61,76,101,101,117,131,131,161,161,266,266,277,292,304,3,20,20,46,56,56,56,56,74,94,111,111,212,212,229,55,65,65,85,85,119,134,134,134,146,146,156,156,156,156,156,156,31,63,63],"floor_reached":55,"playtime":4716,"items_purged":["Strike_R","Defend_R","Strike_R"],"score":760,"play_id":"1e497d9d-7a06-4dd4-8cbf-3fbf14c22601","local_time":"20190511120105","is_ascension_mode":false,"campfire_choices":[{"data":"Immolate","floor":7.0,"key":"SMITH"},{"data":"True Grit","floor":10.0,"key":"SMITH"},{"data":"Rage","floor":13.0,"key":"SMITH"},{"data":"Anger","floor":15.0,"key":"SMITH"},{"data":"Limit Break","floor":23.0,"key":"SMITH"},{"data":"Disarm","floor":27.0,"key":"SMITH"},{"data":"Fire Breathing","floor":32.0,"key":"SMITH"},{"data":"Dark Embrace","floor":40.0,"key":"SMITH"},{"data":"Seeing Red","floor":44.0,"key":"SMITH"},{"floor":46.0,"key":"REST"},{"floor":49.0,"key":"RECALL"},{"data":"Shrug It Off","floor":52.0,"key":"SMITH"}],"neow_cost":"PERCENT_DAMAGE","seed_source_timestamp":363275067511858,"circlet_count":0,"master_deck":["Strike_R","Strike_R","Strike_R","Defend_R","Defend_R","Bash","Immolate+1","True Grit+1","Rage+1","Power Through","Anger+1","Reaper","Headbutt","Demon Form+1","Shrug It Off+1","Dual Wield+1","Limit Break+1","Battle Trance","Feed","Disarm+1","Dark Embrace+1","Fire Breathing+1","Exhume","Seeing Red+1","Seeing Red+1","Metallicize+1","Madness","Madness","Inflame+1"],"special_seed":0,"relics":["Burning Blood","Regal Pillow","Bronze Scales","Blood Vial","Runic Cube","Charon\u0027s Ashes","Busted Crown","Du-Vu Doll","Frozen Egg 2","Gremlin Horn","Ornamental Fan"],"potions_floor_usage":[55,55,55,55,55],"damage_taken":[{"damage":1.0,"enemies":"Jaw Worm","floor":1.0,"turns":3.0},{"damage":6.0,"enemies":"Cultist","floor":2.0,"turns":4.0},{"damage":0.0,"enemies":"Small Slimes","floor":4.0,"turns":3.0},{"damage":12.0,"enemies":"3 Sentries","floor":6.0,"turns":8.0},{"damage":0.0,"enemies":"Gremlin Gang","floor":8.0,"turns":1.0},{"damage":3.0,"enemies":"Red Slaver","floor":11.0,"turns":3.0},{"damage":0.0,"enemies":"2 Fungi Beasts","floor":12.0,"turns":1.0},{"damage":14.0,"enemies":"Gremlin Nob","floor":14.0,"turns":4.0},{"damage":63.0,"enemies":"The Guardian","floor":16.0,"turns":12.0},{"damage":21.0,"enemies":"Spheric Guardian","floor":18.0,"turns":4.0},{"damage":10.0,"enemies":"Shell Parasite","floor":19.0,"turns":5.0},{"damage":67.0,"enemies":"Cultist and Chosen","floor":20.0,"turns":6.0},{"damage":8.0,"enemies":"Sentry and Sphere","floor":22.0,"turns":4.0},{"damage":28.0,"enemies":"Gremlin Leader","floor":24.0,"turns":5.0},{"damage":12.0,"enemies":"3 Cultists","floor":25.0,"turns":4.0},{"damage":13.0,"enemies":"Snecko","floor":29.0,"turns":6.0},{"damage":24.0,"enemies":"Snake Plant","floor":30.0,"turns":6.0},{"damage":9.0,"enemies":"3 Cultists","floor":31.0,"turns":3.0},{"damage":69.0,"enemies":"Collector","floor":33.0,"turns":8.0},{"damage":13.0,"enemies":"Orb Walker","floor":35.0,"turns":5.0},{"damage":26.0,"enemies":"3 Darklings","floor":37.0,"turns":3.0},{"damage":43.0,"enemies":"Transient","floor":39.0,"turns":5.0},{"damage":40.0,"enemies":"Giant Head","floor":41.0,"turns":8.0},{"damage":20.0,"enemies":"4 Shapes","floor":42.0,"turns":4.0},{"damage":26.0,"enemies":"Writhing Mass","floor":45.0,"turns":9.0},{"damage":57.0,"enemies":"3 Darklings","floor":47.0,"turns":5.0},{"damage":83.0,"enemies":"Awakened One","floor":50.0,"turns":10.0},{"damage":99.0,"enemies":"Shield and Spear","floor":54.0,"turns":9.0},{"damage":47,"enemies":"The Heart","floor":55,"turns":5}],"seed_played":"-5433260491693857537","potions_obtained":[{"floor":1.0,"key":"Energy Potion"},{"floor":11.0,"key":"PowerPotion"},{"floor":16.0,"key":"AttackPotion"},{"floor":18.0,"key":"EntropicBrew"},{"floor":24.0,"key":"BloodPotion"},{"floor":29.0,"key":"Fire Potion"},{"floor":39.0,"key":"SpeedPotion"},{"floor":42.0,"key":"Fire Potion"},{"floor":45.0,"key":"PowerPotion"}],"is_trial":false,"path_per_floor":["M","M","?","M","$","E","R","M","T","R","M","M","R","E","R","B",null,"M","M","M","$","M","R","E","M","T","R","?","M","M","M","R","B",null,"M","$","M","T","M","R","E","M","T","R","M","R","M","?","R","B",null,"R","$","E","B"],"character_chosen":"IRONCLAD","items_purchased":["Power Through","Anger","Limit Break","Battle Trance","Seeing Red"],"campfire_rested":1,"item_purchase_floors":[5,5,21,21,36],"current_hp_per_floor":[61,61,61,67,67,61,61,67,67,67,70,76,76,68,68,17,80,65,63,30,30,33,33,16,35,35,35,35,54,54,56,56,46,92,85,85,79,79,51,51,28,31,31,31,23,68,89,76,76,83,107,107,107,34,0],"gold":63,"neow_bonus":"THREE_RARE_CARDS","is_prod":false,"is_daily":false,"chose_seed":false,"campfire_upgraded":10,"win_rate":0,"timestamp":1557568865,"path_taken":["M","M","?","M","$","E","R","M","T","R","M","M","R","E","R","BOSS","M","M","M","$","?","R","E","M","T","R","?","?","M","M","R","BOSS","M","$","M","?","M","R","E","M","T","R","M","R","M","?","R","BOSS","R","$","E","BOSS"],"build_version":"2019-01-23","purchased_purges":3,"victory":false,"max_hp_per_floor":[80,80,80,80,80,80,80,80,80,80,80,80,80,80,80,80,80,80,80,80,80,80,80,83,86,86,86,86,86,86,89,89,92,92,92,92,92,92,92,92,92,98,98,98,101,101,104,104,104,107,107,107,107,110,110],"card_choices":[{"not_picked":["Reaper","Impervious"],"picked":"Immolate","floor":0.0},{"not_picked":["Burning Pact","Bloodletting"],"picked":"True Grit","floor":1.0},{"not_picked":["Pommel Strike","Entrench","Thunderclap"],"picked":"SKIP","floor":2.0},{"not_picked":["Body Slam","Anger"],"picked":"Rage","floor":4.0},{"not_picked":["Spot Weakness","True Grit","Clothesline"],"picked":"SKIP","floor":6.0},{"not_picked":["Anger","Iron Wave","Pommel Strike"],"picked":"SKIP","floor":8.0},{"not_picked":["Iron Wave","Clothesline","Body Slam"],"picked":"SKIP","floor":11.0},{"not_picked":["Armaments","Twin Strike"],"picked":"Reaper","floor":12.0},{"not_picked":["Twin Strike","Sword Boomerang"],"picked":"Headbutt","floor":14.0},{"not_picked":["Exhume","Fiend Fire"],"picked":"Demon Form","floor":16.0},{"not_picked":["Iron Wave","Corruption"],"picked":"Shrug It Off","floor":18.0},{"not_picked":["Twin Strike+1","Warcry"],"picked":"Dual Wield+1","floor":19.0},{"not_picked":["Anger","Iron Wave","Infernal Blade"],"picked":"SKIP","floor":20.0},{"not_picked":["Clash","True Grit"],"picked":"Feed","floor":22.0},{"not_picked":["Warcry","Perfected Strike"],"picked":"Disarm","floor":24.0},{"not_picked":["Reckless Charge","Thunderclap","Headbutt"],"picked":"SKIP","floor":25.0},{"not_picked":["Cleave+1","Headbutt"],"picked":"Dark Embrace","floor":29.0},{"not_picked":["Clothesline","Flex"],"picked":"Fire Breathing","floor":30.0},{"not_picked":["Clothesline+1","Sever Soul","Whirlwind"],"picked":"SKIP","floor":31.0},{"not_picked":["Demon Form","Feed"],"picked":"Exhume","floor":33.0},{"not_picked":[],"picked":"Seeing Red+1","floor":35.0},{"not_picked":["Combust"],"picked":"SKIP","floor":37.0},{"not_picked":["Sword Boomerang"],"picked":"SKIP","floor":39.0},{"not_picked":["Twin Strike"],"picked":"SKIP","floor":41.0},{"not_picked":[],"picked":"Metallicize+1","floor":42.0},{"not_picked":["Dropkick+1"],"picked":"SKIP","floor":45.0},{"not_picked":["Twin Strike"],"picked":"SKIP","floor":47.0},{"not_picked":[],"picked":"Inflame+1","floor":54.0}],"player_experience":250411,"relics_obtained":[{"floor":6.0,"key":"Regal Pillow"},{"floor":9.0,"key":"Bronze Scales"},{"floor":14.0,"key":"Blood Vial"},{"floor":24.0,"key":"Charon\u0027s Ashes"},{"floor":38.0,"key":"Du-Vu Doll"},{"floor":41.0,"key":"Frozen Egg 2"},{"floor":43.0,"key":"Gremlin Horn"},{"floor":54.0,"key":"Ornamental Fan"}],"event_choices":[{"cards_removed":["Defend_R"],"damage_healed":0.0,"max_hp_gain":0.0,"max_hp_loss":0.0,"gold_gain":0.0,"event_name":"Purifier","player_choice":"Purged","floor":3.0,"gold_loss":0.0,"damage_taken":0.0},{"damage_healed":0.0,"max_hp_gain":0.0,"max_hp_loss":0.0,"gold_gain":0.0,"event_name":"Upgrade Shrine","player_choice":"Upgraded","floor":28.0,"gold_loss":0.0,"damage_taken":0.0,"cards_upgraded":["Demon Form"]},{"damage_healed":0.0,"max_hp_gain":0.0,"max_hp_loss":0.0,"gold_gain":0.0,"event_name":"Winding Halls","player_choice":"Embrace Madness","floor":48.0,"gold_loss":0.0,"damage_taken":13.0,"cards_obtained":["Madness","Madness"]}],"is_beta":false,"boss_relics":[{"not_picked":["Runic Pyramid","Runic Dome"],"picked":"Runic Cube"},{"not_picked":["Pandora\u0027s Box","Orrery"],"picked":"Busted Crown"}],"items_purged_floors":[21,36,53],"is_endless":false,"potions_floor_spawned":[1,11,16,18,19,24,29,39,42,45,47,54],"killed_by":"The Heart","ascension_level":0}