{"gold_per_floor":[15,90,90,90,165,165,206,224,224,224,5,5,20,58,58,187,187,206,206,226,270,270,270,300,300,300,318,332,14,24,50,50,155,155,173,12,32,32,44,44,44,72,72,72,72,72,84,96,96,96],"floor_reached":51,"playtime":4078,"items_purged":["Bash"],"score":974,"play_id":"6b3646fd-8751-45d9-9105-aba238fa90ee","local_time":"20190517164915","is_ascension_mode":true,"campfire_choices":[{"floor":6,"key":"REST"},{"floor":10,"key":"REST"},{"data":"Shockwave","floor":12,"key":"SMITH"},{"data":"Strike_R","floor":15,"key":"PURGE"},{"data":"Metallicize","floor":23,"key":"SMITH"},{"data":"Metallicize","floor":25,"key":"SMITH"},{"data":"Heavy Blade","floor":32,"key":"SMITH"},{"data":"Double Tap","floor":40,"key":"SMITH"},{"data":"Disarm","floor":44,"key":"SMITH"},{"data":"Spot Weakness","floor":46,"key":"SMITH"},{"data":"Metallicize","floor":49,"key":"SMITH"}],"neow_cost":"NO_GOLD","seed_source_timestamp":92932149801145,"circlet_count":0,"master_deck":["Strike_R+1","Strike_R+1","Strike_R+1","Defend_R+1","Defend_R+1","Defend_R+1","Headbutt","Spot Weakness+1","Shockwave+1","Metallicize+1","Metallicize+1","Warcry","Reaper","Battle Trance","Metallicize+1","Ghostly Armor","Flame Barrier","Dropkick","Heavy Blade+1","Double Tap+1","Offering","Headbutt+1","Inflame+1","Seeing Red+1","Rupture+1","Trip","Bandage Up","Master of Strategy","Disarm+1","Fire Breathing+1","Dual Wield+1"],"relics":["Burning Blood","Incense Burner","Bloody Idol","Kunai","Peace Pipe","Oddly Smooth Stone","Mummified Hand","Red Mask","Gremlin Horn","Frozen Egg 2","Membership Card","Happy Flower","Black Star","Bottled Tornado","Darkstone Periapt","Meat on the Bone","Ancient Tea Set"],"potions_floor_usage":[14,21,21,31,50,50,50],"damage_taken":[{"damage":0,"enemies":"2 Louse","floor":1,"turns":3},{"damage":52,"enemies":"Lagavulin","floor":7,"turns":8},{"damage":1,"enemies":"Jaw Worm","floor":8,"turns":3},{"damage":3,"enemies":"Small Slimes","floor":13,"turns":4},{"damage":9,"enemies":"3 Sentries","floor":14,"turns":8},{"damage":23,"enemies":"Slime Boss","floor":16,"turns":14},{"damage":29,"enemies":"Spheric Guardian","floor":18,"turns":6},{"damage":3,"enemies":"Shell Parasite","floor":20,"turns":6},{"damage":23,"enemies":"Masked Bandits","floor":21,"turns":5},{"damage":18,"enemies":"Book of Stabbing","floor":24,"turns":10},{"damage":10,"enemies":"3 Cultists","floor":27,"turns":7},{"damage":0,"enemies":"Snake Plant","floor":28,"turns":6},{"damage":19,"enemies":"Shelled Parasite and Fungi","floor":30,"turns":5},{"damage":33,"enemies":"Slavers","floor":31,"turns":4},{"damage":38,"enemies":"Champ","floor":33,"turns":9},{"damage":2,"enemies":"Orb Walker","floor":35,"turns":4},{"damage":10,"enemies":"3 Shapes","floor":37,"turns":4},{"damage":1,"enemies":"Maw","floor":39,"turns":7},{"damage":14,"enemies":"Giant Head","floor":42,"turns":7},{"damage":16,"enemies":"Spire Growth","floor":47,"turns":5},{"damage":6,"enemies":"Writhing Mass","floor":48,"turns":4},{"damage":35,"enemies":"Time Eater","floor":50,"turns":9}],"seed_played":"-6775273256274483504","potions_obtained":[{"floor":13,"key":"Block Potion"},{"floor":14,"key":"Explosive Potion"},{"floor":16,"key":"SkillPotion"},{"floor":18,"key":"PowerPotion"},{"floor":28,"key":"Poison Potion"},{"floor":30,"key":"Block Potion"},{"floor":33,"key":"Swift Potion"},{"floor":48,"key":"Energy Potion"}],"is_trial":false,"path_per_floor":["M","?","?","?","?","R","E","M","T","R","$","R","M","E","R","B",null,"M","?","M","?","?","R","E","R","T","M","M","$","M","E","R","B",null,"M","$","M","?","M","R","?","E","T","R","?","R","M","M","R","B",null],"character_chosen":"IRONCLAD","items_purchased":["Oddly Smooth Stone","Metallicize","Membership Card","The Bomb","Inflame+1","Bottled Tornado"],"campfire_rested":2,"item_purchase_floors":[11,11,29,29,36,36],"current_hp_per_floor":[78,67,60,40,32,56,10,15,15,39,39,39,42,39,39,22,66,56,56,74,73,73,73,78,78,78,80,80,80,80,66,66,53,73,80,80,80,90,90,90,80,81,81,81,81,81,83,88,88,90],"gold":96,"neow_bonus":"ONE_RARE_RELIC","is_prod":false,"is_daily":false,"chose_seed":false,"campfire_upgraded":8,"win_rate":0,"timestamp":1558104555,"path_taken":["M","?","?","?","?","R","E","M","T","R","$","R","?","E","R","BOSS","M","?","M","?","?","R","E","R","T","M","M","$","M","E","R","BOSS","M","$","M","?","?","R","?","E","T","R","?","R","M","M","R","BOSS"],"build_version":"2019-01-23","purchased_purges":1,"victory":true,"max_hp_per_floor":[80,80,80,80,80,80,80,80,80,80,80,80,80,80,80,80,80,80,80,80,80,80,80,80,80,80,80,80,80,80,80,80,80,80,80,80,80,90,90,90,90,90,90,90,90,90,90,90,90,90],"card_choices":[{"not_picked":["Pommel Strike","Clash"],"picked":"Headbutt","floor":1},{"not_picked":["Sword Boomerang","Corruption"],"picked":"Spot Weakness","floor":7},{"not_picked":["Pommel Strike","Uppercut"],"picked":"Shockwave","floor":8},{"not_picked":["Thunderclap","Cleave"],"picked":"Metallicize","floor":13},{"not_picked":["Armaments","Second Wind"],"picked":"Warcry","floor":14},{"not_picked":["Juggernaut","Barricade"],"picked":"Reaper","floor":16},{"not_picked":["Blood for Blood","True Grit"],"picked":"Battle Trance","floor":18},{"not_picked":["Searing Blow","Shrug It Off"],"picked":"Metallicize","floor":20},{"not_picked":["Entrench","Body Slam"],"picked":"Ghostly Armor","floor":21},{"not_picked":["Battle Trance","Armaments"],"picked":"Flame Barrier","floor":24},{"not_picked":["Pommel Strike","Wild Strike"],"picked":"Dropkick","floor":27},{"not_picked":["Corruption+1","Warcry","Flex+1"],"picked":"SKIP","floor":28},{"not_picked":["Anger","Immolate"],"picked":"Heavy Blade","floor":30},{"not_picked":["Clothesline","Dual Wield"],"picked":"Double Tap","floor":31},{"not_picked":["Double Tap","Berserk+1"],"picked":"Offering","floor":33},{"not_picked":["Flex+1","Feel No Pain+1"],"picked":"Headbutt+1","floor":35},{"not_picked":["Corruption+1","Clothesline+1"],"picked":"Seeing Red+1","floor":37},{"not_picked":["Headbutt","Thunderclap+1"],"picked":"Rupture+1","floor":39},{"not_picked":["Finesse","Panache+1"],"picked":"Trip","floor":41},{"not_picked":["Finesse","Good Instincts"],"picked":"Bandage Up","floor":41},{"not_picked":["Chrysalis","Good Instincts"],"picked":"Master of Strategy","floor":41},{"not_picked":["Twin Strike","Rupture+1"],"picked":"Disarm","floor":42},{"not_picked":["Clash","Perfected Strike"],"picked":"Fire Breathing+1","floor":47},{"not_picked":["Armaments","Fire Breathing+1"],"picked":"Dual Wield+1","floor":48}],"player_experience":306902,"relics_obtained":[{"floor":7,"key":"Kunai"},{"floor":9,"key":"Peace Pipe"},{"floor":14,"key":"Mummified Hand"},{"floor":21,"key":"Red Mask"},{"floor":24,"key":"Gremlin Horn"},{"floor":26,"key":"Frozen Egg 2"},{"floor":31,"key":"Happy Flower"},{"floor":42,"key":"Darkstone Periapt"},{"floor":42,"key":"Meat on the Bone"},{"floor":43,"key":"Ancient Tea Set"}],"event_choices":[{"damage_healed":0,"gold_gain":75,"player_choice":"Gather Gold","damage_taken":11,"max_hp_gain":0,"max_hp_loss":0,"event_name":"World of Goop","floor":2,"gold_loss":0},{"cards_removed":["Defend_R"],"damage_healed":0,"gold_gain":0,"player_choice":"Card Removal","damage_taken":7,"max_hp_gain":0,"max_hp_loss":0,"event_name":"Golden Wing","floor":3,"gold_loss":0},{"damage_healed":0,"gold_gain":0,"player_choice":"Take Damage","damage_taken":20,"relics_obtained":["Golden Idol"],"max_hp_gain":0,"max_hp_loss":0,"event_name":"Golden Idol","floor":4,"gold_loss":0},{"damage_healed":0,"gold_gain":75,"player_choice":"Touch","damage_taken":8,"max_hp_gain":0,"max_hp_loss":0,"event_name":"FaceTrader","floor":5,"gold_loss":0},{"damage_healed":0,"gold_gain":0,"player_choice":"Simplicity","damage_taken":0,"max_hp_gain":0,"max_hp_loss":0,"event_name":"Back to Basics","floor":19,"gold_loss":0,"cards_upgraded":["Strike_R","Strike_R","Strike_R","Strike_R","Defend_R","Defend_R","Defend_R"]},{"damage_healed":0,"gold_gain":0,"player_choice":"Fought Bandits","damage_taken":0,"max_hp_gain":0,"max_hp_loss":0,"event_name":"Masked Bandits","floor":21,"gold_loss":0},{"damage_healed":0,"gold_gain":0,"player_choice":"Gave Idol","damage_taken":0,"relics_obtained":["Bloody Idol"],"max_hp_gain":0,"max_hp_loss":0,"event_name":"Forgotten Altar","floor":22,"relics_lost":["Golden Idol"],"gold_loss":0},{"cards_removed":["The Bomb"],"damage_healed":0,"gold_gain":0,"player_choice":"Offered Rare","damage_taken":0,"max_hp_gain":10,"max_hp_loss":0,"event_name":"Bonfire Elementals","floor":38,"gold_loss":0},{"damage_healed":0,"gold_gain":0,"player_choice":"Memory 3","damage_taken":10,"max_hp_gain":0,"max_hp_loss":0,"event_name":"SensoryStone","floor":41,"gold_loss":0},{"cards_removed":["Strike_R"],"damage_healed":0,"gold_gain":0,"player_choice":"Removed Attack","damage_taken":0,"max_hp_gain":0,"max_hp_loss":0,"event_name":"Falling","floor":45,"gold_loss":0}],"is_beta":false,"boss_relics":[{"not_picked":["Ectoplasm","Busted Crown","Runic Dome"]},{"not_picked":["Astrolabe","Snecko Eye"],"picked":"Black Star"}],"items_purged_floors":[29],"is_endless":false,"potions_floor_spawned":[13,14,16,18,28,30,33,35,48],"ascension_level":8}