{"gold_per_floor":[119,129,18,18,31,64,64,96,96,96,106,140,140,153,153,248,248,266,25,25,25,25,60,80,115,115,127,156,156,168,168,168,271,271,290,305,305,255,266,297,311,323,323,372,372,387,27,59,59,59],"floor_reached":51,"playtime":3033,"items_purged":["Strike_R","Strike_R"],"score":1253,"play_id":"02b3bb6e-ecd2-45e3-a97f-b2198d4e7192","local_time":"20190804081147","is_ascension_mode":true,"campfire_choices":[{"data":"1","floor":7.0,"key":"LIFT"},{"floor":10.0,"key":"REST"},{"data":"2","floor":13.0,"key":"LIFT"},{"data":"3","floor":15.0,"key":"LIFT"},{"data":"RitualDagger","floor":29.0,"key":"SMITH"},{"data":"Rupture","floor":32.0,"key":"SMITH"},{"floor":49.0,"key":"REST"}],"neow_cost":"NONE","seed_source_timestamp":5467434345285,"circlet_count":0,"master_deck":["AscendersBane","Strike_R","Strike_R","Strike_R","Defend_R","Defend_R","Defend_R","Bash","Shrug It Off","Intimidate","Rupture+1","Pummel","Reaper","Heavy Blade","Heavy Blade","Dual Wield","Thunderclap","Berserk","RitualDagger+1","Bloodletting","Hemokinesis+1","Dropkick+1","Pummel","Flame Barrier","Ghostly Armor","Metallicize+1","Writhe","Double Tap","Armaments+1","Disarm","Violence","Mayhem","Metamorphosis","Bloodletting+1","Rupture+1","Sentinel+1","Parasite","Metallicize","Pommel Strike+1","Flame Barrier+1","Rupture","Trip","Warcry+1"],"special_seed":0,"relics":["Mark of Pain","Girya","Incense Burner","Du-Vu Doll","Centennial Puzzle","Runic Cube","Blue Candle","Strawberry","Smiling Mask","Sundial","Question Card","Darkstone Periapt","Philosopher\u0027s Stone","Orichalcum","Nunchaku","Membership Card","Pen Nib","Shuriken"],"potions_floor_usage":[50],"damage_taken":[{"damage":2.0,"enemies":"2 Louse","floor":1.0,"turns":3.0},{"damage":1.0,"enemies":"Cultist","floor":2.0,"turns":3.0},{"damage":2.0,"enemies":"Small Slimes","floor":5.0,"turns":4.0},{"damage":31.0,"enemies":"3 Sentries","floor":6.0,"turns":10.0},{"damage":35.0,"enemies":"Lagavulin","floor":8.0,"turns":7.0},{"damage":0.0,"enemies":"Blue Slaver","floor":11.0,"turns":3.0},{"damage":8.0,"enemies":"Gremlin Nob","floor":12.0,"turns":4.0},{"damage":0.0,"enemies":"Exordium Wildlife","floor":14.0,"turns":4.0},{"damage":11.0,"enemies":"Slime Boss","floor":16.0,"turns":6.0},{"damage":11.0,"enemies":"2 Thieves","floor":18.0,"turns":3.0},{"damage":28.0,"enemies":"Gremlin Leader","floor":23.0,"turns":5.0},{"damage":5.0,"enemies":"Chosen","floor":24.0,"turns":3.0},{"damage":18.0,"enemies":"Slavers","floor":25.0,"turns":3.0},{"damage":0.0,"enemies":"Snecko","floor":27.0,"turns":2.0},{"damage":25.0,"enemies":"Gremlin Leader","floor":28.0,"turns":5.0},{"damage":3.0,"enemies":"Chosen and Byrds","floor":30.0,"turns":2.0},{"damage":75.0,"enemies":"Automaton","floor":33.0,"turns":8.0},{"damage":13.0,"enemies":"3 Shapes","floor":35.0,"turns":3.0},{"damage":4.0,"enemies":"3 Darklings","floor":36.0,"turns":3.0},{"damage":34.0,"enemies":"Transient","floor":39.0,"turns":5.0},{"damage":65.0,"enemies":"Reptomancer","floor":40.0,"turns":6.0},{"damage":43.0,"enemies":"4 Shapes","floor":41.0,"turns":3.0},{"damage":9.0,"enemies":"Writhing Mass","floor":42.0,"turns":6.0},{"damage":10.0,"enemies":"2 Orb Walkers","floor":44.0,"turns":2.0},{"damage":4.0,"enemies":"3 Darklings","floor":46.0,"turns":2.0},{"damage":31.0,"enemies":"Nemesis","floor":48.0,"turns":3.0},{"damage":85,"enemies":"Awakened One","floor":50,"turns":8}],"seed_played":"716474873238084893","potions_obtained":[{"floor":5.0,"key":"GamblersBrew"},{"floor":11.0,"key":"LiquidBronze"},{"floor":12.0,"key":"SkillPotion"},{"floor":23.0,"key":"Fire Potion"},{"floor":27.0,"key":"Block Potion"},{"floor":28.0,"key":"Swift Potion"},{"floor":33.0,"key":"GamblersBrew"},{"floor":39.0,"key":"Poison Potion"},{"floor":40.0,"key":"GamblersBrew"},{"floor":42.0,"key":"Ancient Potion"},{"floor":48.0,"key":"AttackPotion"}],"is_trial":false,"path_per_floor":["M","M","$","?","M","E","R","E","T","R","M","E","R","M","R","B",null,"M","$","?","?","$","E","M","E","T","M","E","R","M","?","R","B",null,"M","M","?","$","M","E","M","M","T","?","?","M","$","E","R","B",null],"character_chosen":"IRONCLAD","items_purchased":["Rupture","Blue Candle","Membership Card","Pen Nib","Rupture","Trip"],"campfire_rested":2,"item_purchase_floors":[3,19,47,47,47,47],"current_hp_per_floor":[70,69,69,69,67,36,36,1,1,25,25,23,23,37,37,30,68,69,69,63,63,63,69,72,70,70,70,76,76,73,79,79,22,75,62,90,80,80,72,25,8,13,13,39,39,44,44,35,64,27],"gold":59,"neow_bonus":"BOSS_RELIC","is_prod":false,"is_daily":false,"chose_seed":false,"campfire_upgraded":2,"win_rate":0,"timestamp":1564931507,"path_taken":["M","M","$","?","M","E","R","E","T","R","?","E","R","M","R","BOSS","M","$","?","?","?","E","M","E","T","?","E","R","M","?","R","BOSS","M","M","?","?","M","E","M","M","T","?","?","?","?","E","R","BOSS"],"build_version":"2019-07-17","purchased_purges":2,"victory":true,"max_hp_per_floor":[80,80,80,80,80,80,80,80,80,80,80,80,80,80,80,80,80,80,80,80,80,80,87,87,87,87,87,87,87,87,93,93,93,93,93,93,93,93,93,93,93,99,99,99,99,99,99,99,99,99],"card_choices":[{"not_picked":["Perfected Strike","Thunderclap"],"picked":"Shrug It Off","floor":1.0},{"not_picked":["Warcry","Twin Strike"],"picked":"Intimidate","floor":2.0},{"not_picked":["Perfected Strike","Headbutt"],"picked":"Pummel","floor":5.0},{"not_picked":["Rupture","Clash"],"picked":"Reaper","floor":6.0},{"not_picked":["Sword Boomerang","Rupture"],"picked":"Heavy Blade","floor":8.0},{"not_picked":["Intimidate","Clash"],"picked":"Heavy Blade","floor":11.0},{"not_picked":["Iron Wave","Combust"],"picked":"Dual Wield","floor":12.0},{"not_picked":["Heavy Blade","Body Slam"],"picked":"Thunderclap","floor":14.0},{"not_picked":["Immolate","Exhume"],"picked":"Berserk","floor":16.0},{"not_picked":["Carnage+1","Warcry","Heavy Blade"],"picked":"SKIP","floor":18.0},{"not_picked":["Iron Wave","Flex"],"picked":"Hemokinesis+1","floor":23.0},{"not_picked":["Cleave","Body Slam"],"picked":"Dropkick+1","floor":24.0},{"not_picked":["Evolve+1","Sword Boomerang+1"],"picked":"Pummel","floor":25.0},{"not_picked":["Headbutt","Body Slam"],"picked":"Flame Barrier","floor":27.0},{"not_picked":["Hemokinesis","Entrench+1"],"picked":"Ghostly Armor","floor":28.0},{"not_picked":["Intimidate+1","Hemokinesis+1","Rampage"],"picked":"Metallicize+1","floor":30.0},{"not_picked":["Offering","Impervious","Reaper"],"picked":"Double Tap","floor":33.0},{"not_picked":["Corruption+1","Shrug It Off","True Grit"],"picked":"Armaments+1","floor":35.0},{"not_picked":["Thunderclap","Sever Soul","Disarm","Sword Boomerang"],"picked":"SKIP","floor":36.0},{"not_picked":["Thunderclap","Sever Soul","Sword Boomerang"],"picked":"Disarm","floor":36.0},{"not_picked":["Forethought","Discovery","Jack Of All Trades"],"picked":"Violence","floor":37.0},{"not_picked":["Bandage Up","Transmutation","The Bomb"],"picked":"Mayhem","floor":37.0},{"not_picked":["Discovery","Swift Strike","PanicButton"],"picked":"Metamorphosis","floor":37.0},{"not_picked":["Shrug It Off","Armaments+1","Warcry+1"],"picked":"Bloodletting+1","floor":39.0},{"not_picked":["Battle Trance+1","Havoc","Combust+1"],"picked":"Rupture+1","floor":40.0},{"not_picked":["Headbutt+1","Combust+1","Clothesline"],"picked":"Sentinel+1","floor":41.0},{"not_picked":["Twin Strike","Infernal Blade","Thunderclap+1"],"picked":"Metallicize","floor":42.0},{"not_picked":["Twin Strike+1","Uppercut","Blood for Blood"],"picked":"Pommel Strike+1","floor":44.0},{"not_picked":["Second Wind","Pummel","Twin Strike"],"picked":"Flame Barrier+1","floor":46.0},{"not_picked":["Fiend Fire","Intimidate","Pommel Strike+1"],"picked":"Warcry+1","floor":48.0}],"player_experience":732098,"relics_obtained":[{"floor":6.0,"key":"Girya"},{"floor":8.0,"key":"Incense Burner"},{"floor":9.0,"key":"Du-Vu Doll"},{"floor":12.0,"key":"Centennial Puzzle"},{"floor":23.0,"key":"Strawberry"},{"floor":25.0,"key":"Smiling Mask"},{"floor":26.0,"key":"Sundial"},{"floor":28.0,"key":"Question Card"},{"floor":40.0,"key":"Orichalcum"},{"floor":44.0,"key":"Nunchaku"},{"floor":48.0,"key":"Shuriken"}],"event_choices":[{"cards_removed":["Defend_R"],"damage_healed":0.0,"max_hp_gain":0.0,"max_hp_loss":0.0,"gold_gain":0.0,"event_name":"Purifier","player_choice":"Purged","floor":4.0,"gold_loss":0.0,"damage_taken":0.0},{"damage_healed":0.0,"max_hp_gain":0.0,"max_hp_loss":0.0,"gold_gain":0.0,"event_name":"Nest","player_choice":"Joined the Cult","floor":20.0,"gold_loss":0.0,"damage_taken":6.0,"cards_obtained":["RitualDagger"]},{"damage_healed":0.0,"max_hp_gain":0.0,"max_hp_loss":0.0,"gold_gain":0.0,"event_name":"The Library","player_choice":"Read","floor":21.0,"gold_loss":0.0,"damage_taken":0.0,"cards_obtained":["Bloodletting"]},{"damage_healed":0.0,"max_hp_gain":0.0,"max_hp_loss":0.0,"gold_gain":0.0,"event_name":"The Mausoleum","player_choice":"Opened","floor":31.0,"gold_loss":0.0,"damage_taken":0.0,"relics_obtained":["Darkstone Periapt"],"cards_obtained":["Writhe"]},{"damage_healed":0.0,"max_hp_gain":0.0,"max_hp_loss":0.0,"gold_gain":0.0,"event_name":"SensoryStone","player_choice":"Memory 3","floor":37.0,"gold_loss":0.0,"damage_taken":10.0},{"damage_healed":0.0,"max_hp_gain":0.0,"max_hp_loss":0.0,"gold_gain":0.0,"event_name":"Mysterious Sphere","player_choice":"Fight","floor":44.0,"gold_loss":0.0,"damage_taken":0.0},{"damage_healed":0.0,"max_hp_gain":0.0,"max_hp_loss":0.0,"gold_gain":0.0,"event_name":"The Moai Head","player_choice":"Ignored","floor":45.0,"gold_loss":0.0,"damage_taken":0.0}],"is_beta":false,"boss_relics":[{"not_picked":["Velvet Choker","Astrolabe"],"picked":"Runic Cube"},{"not_picked":["Runic Dome","Eternal Feather"],"picked":"Philosopher\u0027s Stone"}],"items_purged_floors":[3,38],"is_endless":false,"potions_floor_spawned":[5,11,12,23,27,28,33,39,40,42,46,48],"ascension_level":11}