{"gold_per_floor":[115,115,133,133,103,103,137,61,61,91,117,140,102,130,142,256,268,290,354,366,396,426,438,477,489,501,513,90,110,128,148,148,253,253,267,1266,1282,384,400,400,412,432,432,432,432,462,476,476,476,476],"floor_reached":50,"playtime":6762,"items_purged":["Normality"],"score":723,"play_id":"9b9f5412-f898-4328-8242-bef194953a0e","local_time":"20180827103551","is_ascension_mode":true,"campfire_choices":[{"data":"1","floor":6.0,"key":"LIFT"},{"floor":15.0,"key":"REST"},{"floor":25.0,"key":"REST"},{"data":"2","floor":27.0,"key":"LIFT"},{"floor":32.0,"key":"REST"},{"floor":40.0,"key":"REST"},{"floor":45.0,"key":"REST"},{"floor":49.0,"key":"REST"}],"neow_cost":"CURSE","seed_source_timestamp":0,"circlet_count":0,"master_deck":["Strike_B","Strike_B","Strike_B","Defend_B","Defend_B","Defend_B","Defend_B","Zap","Dualcast","Coolheaded","Conserve Battery","Scrape","Hyperbeam","Scrape","Sunder","Lockon","Barrage","Electrodynamics","Gash","RitualDagger","Beam Cell+1","Gash","Hello World+1","Electrodynamics","Glacier","Darkness+1","Rebound","Genetic Algorithm+1","Creative AI","Gash+1","Normality","Double Energy+1","Doom and Gloom","Rip and Tear","Aggregate","Stack+1","Go for the Eyes","Beam Cell+1","Storm","Bandage Up","Discovery","Thinking Ahead"],"special_seed":0,"relics":["Cracked Core","Girya","Blue Candle","Lantern","MawBank","Nuclear Battery","Vajra","Shuriken","Pear","Turnip","Cables","Eternal Feather","Orichalcum","Pantograph","Toolbox","Bottled Lightning","Strawberry"],"potions_floor_usage":[50],"damage_taken":[{"damage":12.0,"enemies":"Jaw Worm","floor":1.0,"turns":3.0},{"damage":8.0,"enemies":"2 Louse","floor":3.0,"turns":2.0},{"damage":18.0,"enemies":"3 Sentries","floor":7.0,"turns":6.0},{"damage":0.0,"enemies":"Cultist","floor":11.0,"turns":2.0},{"damage":7.0,"enemies":"Gremlin Gang","floor":12.0,"turns":3.0},{"damage":16.0,"enemies":"Large Slime","floor":14.0,"turns":3.0},{"damage":35.0,"enemies":"Hexaghost","floor":16.0,"turns":12.0},{"damage":20.0,"enemies":"3 Byrds","floor":18.0,"turns":4.0},{"damage":4.0,"enemies":"Spheric Guardian","floor":21.0,"turns":3.0},{"damage":23.0,"enemies":"Centurion and Healer","floor":22.0,"turns":4.0},{"damage":0.0,"enemies":"Gremlin Leader","floor":24.0,"turns":4.0},{"damage":9.0,"enemies":"Snake Plant","floor":29.0,"turns":3.0},{"damage":0.0,"enemies":"Sentry and Sphere","floor":30.0,"turns":3.0},{"damage":0.0,"enemies":"Centurion and Healer","floor":31.0,"turns":3.0},{"damage":41.0,"enemies":"Collector","floor":33.0,"turns":8.0},{"damage":40.0,"enemies":"3 Darklings","floor":35.0,"turns":4.0},{"damage":26.0,"enemies":"Flame Bruiser 1 Orb","floor":37.0,"turns":5.0},{"damage":15.0,"enemies":"3 Darklings","floor":39.0,"turns":3.0},{"damage":0.0,"enemies":"Transient","floor":41.0,"turns":5.0},{"damage":4.0,"enemies":"Spire Growth","floor":42.0,"turns":4.0},{"damage":28.0,"enemies":"2 Orb Walkers","floor":46.0,"turns":4.0},{"damage":6.0,"enemies":"3 Darklings","floor":47.0,"turns":3.0},{"damage":97,"enemies":"Time Eater","floor":50,"turns":9}],"seed_played":"6905767938735057409","potions_obtained":[{"floor":3.0,"key":"AttackPotion"},{"floor":5.0,"key":"GamblersBrew"},{"floor":5.0,"key":"Dexterity Potion"},{"floor":12.0,"key":"PowerPotion"},{"floor":14.0,"key":"Block Potion"},{"floor":16.0,"key":"EntropicBrew"},{"floor":24.0,"key":"Regen Potion"},{"floor":30.0,"key":"Block Potion"},{"floor":37.0,"key":"Strength Potion"},{"floor":41.0,"key":"Explosive Potion"},{"floor":42.0,"key":"Weak Potion"},{"floor":47.0,"key":"AttackPotion"}],"is_trial":false,"path_per_floor":["M","?","M","?","?","R","E","$","T","?","M","M","?","M","R","B",null,"M","T","?","M","M","T","E","R","T","R","$","M","M","M","R","B",null,"M","?","M","$","M","R","M","M","T","?","R","E","M","?","R"],"character_chosen":"DEFECT","items_purchased":["Scrape","Electrodynamics","Energy Potion","Cables","Glacier","Orichalcum","Pantograph","PowerPotion","SkillPotion","Doom and Gloom","Rip and Tear","Toolbox"],"campfire_rested":6,"item_purchase_floors":[8,28,28,28,28,38,38,38,38,38,38,38],"current_hp_per_floor":[63,63,55,55,55,55,37,37,37,37,37,30,30,21,43,8,75,55,55,49,45,22,22,32,57,57,57,57,48,48,48,73,47,85,45,45,19,19,4,50,50,46,46,46,85,64,58,48,92,0],"gold":476,"neow_bonus":"ONE_RARE_RELIC","is_prod":false,"is_daily":false,"chose_seed":false,"campfire_upgraded":0,"win_rate":0,"timestamp":1535391351,"path_taken":["M","?","?","?","?","R","E","$","T","?","M","?","?","M","R","BOSS","M","?","?","?","M","?","E","R","T","R","$","M","M","?","R","BOSS","M","?","M","$","M","R","M","M","T","?","R","E","M","?","R","BOSS"],"build_version":"2018-08-23v2","purchased_purges":1,"victory":false,"max_hp_per_floor":[75,75,75,75,75,75,75,75,75,75,75,75,75,75,75,75,75,75,75,75,75,75,75,85,85,85,85,85,85,85,85,85,85,85,85,85,85,85,85,85,85,85,85,85,85,92,92,92,92,92],"card_choices":[{"not_picked":["Hologram","Stack"],"picked":"Coolheaded","floor":1.0},{"not_picked":["Turbo","Hologram"],"picked":"Conserve Battery","floor":3.0},{"not_picked":["Fusion","Coolheaded"],"picked":"Hyperbeam","floor":7.0},{"not_picked":["Stack","Barrage"],"picked":"Sunder","floor":11.0},{"not_picked":["Ball Lightning","Coolheaded"],"picked":"Lockon","floor":12.0},{"not_picked":["Sweeping Beam","Redo"],"picked":"Barrage","floor":14.0},{"not_picked":["Machine Learning","Rainbow"],"picked":"Electrodynamics","floor":16.0},{"not_picked":["Streamline","Compile Driver"],"picked":"Gash","floor":18.0},{"not_picked":["Cold Snap+1","Capacitor"],"picked":"Beam Cell+1","floor":21.0},{"not_picked":["Conserve Battery","Cold Snap"],"picked":"Gash","floor":22.0},{"not_picked":["Compile Driver","Ball Lightning"],"picked":"Hello World+1","floor":24.0},{"not_picked":["Reprogram","Hello World"],"picked":"Darkness+1","floor":29.0},{"not_picked":["Consume","Heatsinks"],"picked":"Rebound","floor":30.0},{"not_picked":["Compile Driver","Ball Lightning"],"picked":"Genetic Algorithm+1","floor":31.0},{"not_picked":["Machine Learning","Rainbow"],"picked":"Creative AI","floor":33.0},{"not_picked":["Heatsinks","Ball Lightning"],"picked":"Gash+1","floor":35.0},{"not_picked":["Barrage","Blizzard"],"picked":"Double Energy+1","floor":37.0},{"not_picked":["Storm","Beam Cell+1"],"picked":"Aggregate","floor":39.0},{"not_picked":["Steam Power","Barrage"],"picked":"Stack+1","floor":41.0},{"not_picked":["Blizzard+1","Genetic Algorithm+1"],"picked":"Go for the Eyes","floor":42.0},{"not_picked":["Stack","Hologram"],"picked":"Beam Cell+1","floor":46.0},{"not_picked":["Force Field","Hello World"],"picked":"Storm","floor":47.0},{"not_picked":["Purity","Madness"],"picked":"Bandage Up","floor":48.0},{"not_picked":["Trip","Forethought"],"picked":"Discovery","floor":48.0},{"not_picked":["Good Instincts","Sadistic Nature"],"picked":"Thinking Ahead","floor":48.0}],"player_experience":199885,"relics_obtained":[{"floor":7.0,"key":"Blue Candle"},{"floor":9.0,"key":"Lantern"},{"floor":19.0,"key":"Vajra"},{"floor":23.0,"key":"Shuriken"},{"floor":24.0,"key":"Pear"},{"floor":26.0,"key":"Turnip"},{"floor":43.0,"key":"Bottled Lightning"},{"floor":46.0,"key":"Strawberry"}],"event_choices":[{"event_name":"Golden Idol","player_choice":"Ignored","floor":2.0,"damage_taken":0.0},{"event_name":"Transmorgrifier","player_choice":"Transform","floor":4.0,"damage_taken":0.0},{"event_name":"The Woman in Blue","player_choice":"Bought 2 Potions","floor":5.0,"damage_taken":0.0},{"event_name":"Dead Adventurer","player_choice":"Searched \u00272\u0027 times","floor":10.0,"damage_taken":0.0},{"event_name":"The Cleric","player_choice":"Card Removal","floor":13.0,"damage_taken":0.0},{"event_name":"Nest","player_choice":"Joined the Cult","floor":20.0,"damage_taken":0.0},{"event_name":"MindBloom","player_choice":"Gold","floor":36.0,"damage_taken":0.0},{"event_name":"Mysterious Sphere","player_choice":"Ignore","floor":44.0,"damage_taken":0.0},{"event_name":"SensoryStone","player_choice":"Memory 3","floor":48.0,"damage_taken":0.0}],"is_beta":false,"boss_relics":[{"not_picked":["White Beast Statue","Empty Cage"],"picked":"Nuclear Battery"},{"not_picked":["Fusion Hammer","Snecko Eye"],"picked":"Eternal Feather"}],"items_purged_floors":[38],"is_endless":false,"potions_floor_spawned":[3,12,14,16,24,30,37,41,42,47],"killed_by":"Time Eater","ascension_level":4}