{"gold_per_floor":[364,289,289,302,15,15,42,42,42,73,73,85,101,113,113,113],"floor_reached":16,"playtime":418,"items_purged":["Defend_R"],"score":209,"play_id":"59b45900-6f49-443f-b16c-1f864a3b7e79","local_time":"20180913161646","is_ascension_mode":true,"campfire_choices":[{"floor":6,"key":"REST"},{"floor":8,"key":"REST"},{"floor":11,"key":"REST"},{"floor":15,"key":"REST"}],"neow_cost":"PERCENT_DAMAGE","seed_source_timestamp":16523477179311,"circlet_count":0,"master_deck":["Strike_R+1","Strike_R","Strike_R","Defend_R","Defend_R","Defend_R","Bash+1","AscendersBane","Whirlwind","Spot Weakness","Clothesline","Shockwave","Offering"],"special_seed":0,"relics":["Burning Blood","Whetstone","Peace Pipe","Dream Catcher","Ginger"],"potions_floor_usage":[10,16],"damage_taken":[{"damage":12.0,"enemies":"Cultist","floor":1.0,"turns":4.0},{"damage":14.0,"enemies":"Jaw Worm","floor":4.0,"turns":3.0},{"damage":36,"enemies":"Gremlin Nob","floor":7,"turns":4},{"damage":30,"enemies":"Lagavulin","floor":10,"turns":6},{"damage":6,"enemies":"2 Louse","floor":12,"turns":3},{"damage":35,"enemies":"Exordium Thugs","floor":13,"turns":4},{"damage":8,"enemies":"Exordium Wildlife","floor":14,"turns":4},{"damage":37,"enemies":"Slime Boss","floor":16,"turns":5}],"seed_played":"-3012986243920813278","potions_obtained":[{"floor":1.0,"key":"SpeedPotion"},{"floor":12,"key":"Dexterity Potion"},{"floor":14,"key":"Swift Potion"}],"is_trial":false,"path_per_floor":["M","?","?","M","$","R","E","R","T","E","R","M","M","M","R"],"character_chosen":"IRONCLAD","items_purchased":["Spot Weakness","Whetstone"],"campfire_rested":4,"item_purchase_floors":[5,5],"current_hp_per_floor":[44,44,37,29,29,51,21,43,43,19,41,41,12,10,32,0],"gold":113,"neow_bonus":"TWO_FIFTY_GOLD","is_prod":false,"is_daily":false,"chose_seed":false,"campfire_upgraded":0,"win_rate":0,"timestamp":1536844606,"path_taken":["M","?","?","?","$","R","E","R","T","E","R","M","M","M","R","BOSS"],"build_version":"2018-09-06","purchased_purges":1,"victory":false,"max_hp_per_floor":[75,75,75,75,75,75,75,75,75,75,75,75,75,75,75,75],"card_choices":[{"not_picked":["Flex","True Grit"],"picked":"Whirlwind","floor":1.0},{"not_picked":["Entrench","Sword Boomerang","Intimidate"],"picked":"SKIP","floor":4.0},{"not_picked":["Demon Form","Twin Strike"],"picked":"Clothesline","floor":7},{"not_picked":["Cleave","Headbutt","True Grit"],"picked":"SKIP","floor":10},{"not_picked":["Evolve","Warcry"],"picked":"Shockwave","floor":12},{"not_picked":["Inflame","Thunderclap"],"picked":"Offering","floor":13},{"not_picked":["Iron Wave","Rage","Clothesline"],"picked":"SKIP","floor":14}],"player_experience":468409,"relics_obtained":[{"floor":7,"key":"Peace Pipe"},{"floor":9,"key":"Dream Catcher"},{"floor":10,"key":"Ginger"}],"event_choices":[{"event_name":"The Cleric","player_choice":"Card Removal","floor":2.0,"damage_taken":0.0},{"event_name":"Golden Wing","player_choice":"Card Removal","floor":3.0,"damage_taken":0.0}],"is_beta":false,"boss_relics":[],"items_purged_floors":[5],"is_endless":false,"potions_floor_spawned":[1,12,14],"killed_by":"Slime Boss","ascension_level":18}