{"gold_per_floor":[111,111,111,127,33,33,64,64,90,90,90,90,104,69,69,197,197,218,73,73,88,88,88,115,132,132,15,34,34,45,45,45,45],"floor_reached":33,"playtime":1384,"items_purged":["Strike_R"],"score":339,"play_id":"510c3cc9-9d97-47d0-b44a-22d9d11673bd","local_time":"20181120094140","is_ascension_mode":true,"campfire_choices":[{"data":"Rage","floor":6.0,"key":"SMITH"},{"data":"Rampage","floor":12.0,"key":"SMITH"},{"data":"Fire Breathing","floor":15.0,"key":"SMITH"},{"data":"Whirlwind","floor":23.0,"key":"SMITH"},{"floor":29.0,"key":"REST"},{"data":"Rupture","floor":32.0,"key":"SMITH"}],"neow_cost":"NONE","seed_source_timestamp":34127353359240,"circlet_count":0,"master_deck":["Strike_R","Strike_R","Strike_R","Defend_R","Defend_R","Defend_R","Defend_R","Bash","Rampage+1","Pommel Strike","Ghostly Armor","Rage+1","Heavy Blade","Rage+1","Anger","Fire Breathing+1","Feed","Rupture+1","Whirlwind+1","Entrench+1","RitualDagger","Flame Barrier","Body Slam+1","Combust","Heavy Blade","Shrug It Off+1","Shrug It Off+1","Writhe"],"special_seed":0,"relics":["Burning Blood","Dodecahedron","Champion Belt","Vajra","Bloody Idol","Runic Cube","Red Skull","Happy Flower","Darkstone Periapt"],"potions_floor_usage":[],"damage_taken":[{"damage":16.0,"enemies":"Jaw Worm","floor":1.0,"turns":4.0},{"damage":0.0,"enemies":"Small Slimes","floor":4.0,"turns":3.0},{"damage":8.0,"enemies":"Gremlin Nob","floor":7.0,"turns":3.0},{"damage":0.0,"enemies":"Cultist","floor":13.0,"turns":3.0},{"damage":37.0,"enemies":"The Guardian","floor":16.0,"turns":12.0},{"damage":5.0,"enemies":"Chosen","floor":18.0,"turns":5.0},{"damage":26.0,"enemies":"Spheric Guardian","floor":21.0,"turns":6.0},{"damage":37.0,"enemies":"Gremlin Leader","floor":24.0,"turns":6.0},{"damage":16.0,"enemies":"Cultist and Chosen","floor":25.0,"turns":8.0},{"damage":8.0,"enemies":"3 Cultists","floor":28.0,"turns":4.0},{"damage":27.0,"enemies":"Snake Plant","floor":30.0,"turns":3.0},{"damage":49,"enemies":"Automaton","floor":33,"turns":6}],"seed_played":"-2436926595037141652","potions_obtained":[{"floor":1.0,"key":"FearPotion"},{"floor":21.0,"key":"Strength Potion"},{"floor":25.0,"key":"SkillPotion"}],"is_trial":false,"path_per_floor":["M","?","?","M","$","R","E","$","T","?","?","R","M","$","R","B",null,"M","$","?","M","?","R","E","M","T","$","M","R","M","?","R","B"],"character_chosen":"IRONCLAD","items_purchased":["Rage","Heavy Blade","Fire Breathing","Whirlwind","Combust","Heavy Blade"],"campfire_rested":1,"item_purchase_floors":[5,5,14,19,27,27],"current_hp_per_floor":[70,58,58,64,64,64,62,62,62,62,62,62,68,68,68,37,70,71,71,71,56,50,50,24,19,19,19,22,46,30,36,36,0],"gold":45,"neow_bonus":"TEN_PERCENT_HP_BONUS","is_prod":false,"is_daily":false,"chose_seed":false,"campfire_upgraded":5,"win_rate":0,"timestamp":1542735700,"path_taken":["M","?","?","?","$","R","E","?","T","?","?","R","?","$","R","BOSS","M","$","?","M","?","R","E","M","T","?","M","R","?","?","R","BOSS"],"build_version":"2018-11-15","purchased_purges":1,"victory":false,"max_hp_per_floor":[88,88,88,88,88,88,88,88,88,81,81,81,81,81,81,81,81,81,81,81,81,81,81,81,81,81,81,81,81,81,87,87,87],"card_choices":[{"not_picked":["Spot Weakness","Armaments"],"picked":"Rampage","floor":1.0},{"not_picked":["Anger","Clash"],"picked":"Ghostly Armor","floor":4.0},{"not_picked":["Inflame","Warcry"],"picked":"Rage","floor":7.0},{"not_picked":["Wild Strike","Intimidate"],"picked":"Anger","floor":13.0},{"not_picked":["Fiend Fire","Immolate"],"picked":"Feed","floor":16.0},{"not_picked":["Clash+1","True Grit"],"picked":"Rupture","floor":18.0},{"not_picked":["Intimidate","Perfected Strike"],"picked":"Entrench+1","floor":21.0},{"not_picked":["Twin Strike+1","Intimidate"],"picked":"Flame Barrier","floor":24.0},{"not_picked":["Anger","Clothesline"],"picked":"Body Slam+1","floor":25.0},{"not_picked":["Rage+1","Combust"],"picked":"Shrug It Off+1","floor":28.0},{"not_picked":["Hemokinesis","Flex+1"],"picked":"Shrug It Off+1","floor":30.0}],"player_experience":447405,"relics_obtained":[{"floor":7.0,"key":"Champion Belt"},{"floor":9.0,"key":"Vajra"},{"floor":24.0,"key":"Red Skull"},{"floor":26.0,"key":"Happy Flower"}],"event_choices":[{"damage_healed":0.0,"max_hp_gain":0.0,"max_hp_loss":0.0,"gold_gain":0.0,"event_name":"Scrap Ooze","player_choice":"Success","floor":2.0,"gold_loss":0.0,"damage_taken":12.0,"relics_obtained":["Dodecahedron"]},{"damage_healed":0.0,"max_hp_gain":0.0,"max_hp_loss":0.0,"gold_gain":0.0,"cards_transformed":["Strike_R"],"event_name":"Transmorgrifier","player_choice":"Transformed","floor":3.0,"gold_loss":0.0,"damage_taken":0.0,"cards_obtained":["Pommel Strike"]},{"damage_healed":0.0,"max_hp_gain":0.0,"max_hp_loss":7.0,"gold_gain":0.0,"event_name":"Golden Idol","player_choice":"Lose Max HP","floor":10.0,"gold_loss":0.0,"damage_taken":0.0,"relics_obtained":["Golden Idol"]},{"damage_healed":0.0,"max_hp_gain":0.0,"max_hp_loss":0.0,"gold_gain":0.0,"event_name":"Upgrade Shrine","player_choice":"Upgraded","floor":11.0,"gold_loss":0.0,"damage_taken":0.0,"cards_upgraded":["Rage"]},{"damage_healed":0.0,"max_hp_gain":0.0,"max_hp_loss":0.0,"gold_gain":0.0,"event_name":"Forgotten Altar","player_choice":"Gave Idol","floor":20.0,"relics_lost":["Golden Idol"],"gold_loss":0.0,"damage_taken":0.0,"relics_obtained":["Bloody Idol"]},{"damage_healed":0.0,"max_hp_gain":0.0,"max_hp_loss":0.0,"gold_gain":0.0,"event_name":"Nest","player_choice":"Joined the Cult","floor":22.0,"gold_loss":0.0,"damage_taken":6.0,"cards_obtained":["RitualDagger"]},{"damage_healed":0.0,"max_hp_gain":0.0,"max_hp_loss":0.0,"gold_gain":0.0,"event_name":"The Mausoleum","player_choice":"Opened","floor":31.0,"gold_loss":0.0,"damage_taken":0.0,"relics_obtained":["Darkstone Periapt"],"cards_obtained":["Writhe"]}],"is_beta":false,"boss_relics":[{"not_picked":["Eternal Feather","Sozu"],"picked":"Runic Cube"}],"items_purged_floors":[19],"is_endless":false,"potions_floor_spawned":[1,21,25],"killed_by":"Automaton","ascension_level":6}