{"gold_per_floor":[111,141,157,180,193,205,215,244,244,254,265,284,284,317,317,419,419,438,438,438,448,464,464,498,498],"floor_reached":25,"playtime":1317,"items_purged":[],"score":262,"play_id":"1d5e300a-fab6-4963-854f-7bf6c2897e36","local_time":"20181011113730","is_ascension_mode":false,"campfire_choices":[{"floor":15.0,"key":"REST"},{"data":"Hologram","floor":23.0,"key":"SMITH"}],"neow_cost":"NONE","seed_source_timestamp":0,"circlet_count":0,"master_deck":["Strike_B","Strike_B+1","Strike_B+1","Defend_B","Defend_B","Defend_B","Defend_B","Zap","Dualcast","Fusion","Doom and Gloom","Conserve Battery","Gash","Hologram+1","Compile Driver+1"],"special_seed":0,"relics":["Nuclear Battery","Tiny Chest","Whetstone","Art of War","Shuriken","Gremlin Horn","Vajra","Busted Crown","DataDisk"],"potions_floor_usage":[],"damage_taken":[{"damage":6.0,"enemies":"Jaw Worm","floor":1.0,"turns":3.0},{"damage":1.0,"enemies":"2 Louse","floor":3.0,"turns":4.0},{"damage":0.0,"enemies":"Cultist","floor":5.0,"turns":3.0},{"damage":6.0,"enemies":"Exordium Wildlife","floor":6.0,"turns":3.0},{"damage":8.0,"enemies":"Red Slaver","floor":7.0,"turns":3.0},{"damage":31.0,"enemies":"Lagavulin","floor":8.0,"turns":6.0},{"damage":8.0,"enemies":"2 Fungi Beasts","floor":10.0,"turns":3.0},{"damage":3.0,"enemies":"Lots of Slimes","floor":11.0,"turns":3.0},{"damage":0.0,"enemies":"Exordium Wildlife","floor":12.0,"turns":3.0},{"damage":0.0,"enemies":"3 Sentries","floor":14.0,"turns":3.0},{"damage":17.0,"enemies":"Hexaghost","floor":16.0,"turns":8.0},{"damage":15.0,"enemies":"2 Thieves","floor":18.0,"turns":4.0},{"damage":3.0,"enemies":"3 Byrds","floor":21.0,"turns":4.0},{"damage":5.0,"enemies":"Centurion and Healer","floor":22.0,"turns":5.0},{"damage":20.0,"enemies":"Slavers","floor":24.0,"turns":5.0},{"damage":20,"enemies":"Snake Plant","floor":25,"turns":3}],"seed_played":"1121045997212560757","potions_obtained":[{"floor":1.0,"key":"Regen Potion"},{"floor":5.0,"key":"FearPotion"},{"floor":10.0,"key":"SteroidPotion"},{"floor":11.0,"key":"Explosive Potion"},{"floor":14.0,"key":"Weak Potion"},{"floor":22.0,"key":"Explosive Potion"}],"is_trial":false,"path_per_floor":["M","?","M","T","M","M","M","E","T","M","M","M","T","E","R","B",null,"M","?","?","M","M","R","E"],"character_chosen":"DEFECT","items_purchased":[],"campfire_rested":1,"item_purchase_floors":[],"current_hp_per_floor":[69,62,61,61,61,55,47,31,31,23,20,20,20,20,42,25,75,60,60,46,43,38,38,18,0],"gold":498,"neow_bonus":"BOSS_RELIC","is_prod":false,"is_daily":false,"chose_seed":false,"campfire_upgraded":1,"win_rate":0,"timestamp":1539283050,"path_taken":["M","?","M","?","M","?","M","E","T","?","M","?","?","E","R","BOSS","M","?","?","M","M","R","E","M"],"build_version":"2018-10-04v2","purchased_purges":0,"victory":false,"max_hp_per_floor":[75,75,75,75,75,75,75,75,75,75,75,75,75,75,75,75,75,75,75,80,80,80,80,80,80],"card_choices":[{"not_picked":["Melter","Blizzard","Coolheaded"],"picked":"SKIP","floor":1.0},{"not_picked":["Leap","Streamline","Turbo"],"picked":"SKIP","floor":3.0},{"not_picked":["Capacitor","Chill"],"picked":"Fusion","floor":5.0},{"not_picked":["Rebound","Doom and Gloom","Turbo"],"picked":"SKIP","floor":6.0},{"not_picked":["Steam","Darkness"],"picked":"Doom and Gloom","floor":7.0},{"not_picked":["Fusion","Leap","FTL"],"picked":"SKIP","floor":8.0},{"not_picked":["Force Field","Stack"],"picked":"Conserve Battery","floor":10.0},{"not_picked":["Chill","Blizzard"],"picked":"Gash","floor":11.0},{"not_picked":["Scrape","Turbo"],"picked":"Hologram","floor":12.0},{"not_picked":["Streamline","Darkness","Amplify"],"picked":"SKIP","floor":14.0},{"not_picked":["Ball Lightning"],"picked":"SKIP","floor":18.0},{"not_picked":["Leap"],"picked":"SKIP","floor":21.0},{"not_picked":[],"picked":"Compile Driver+1","floor":22.0},{"not_picked":["Stack"],"picked":"SKIP","floor":24.0}],"player_experience":353979,"relics_obtained":[{"floor":4.0,"key":"Whetstone"},{"floor":8.0,"key":"Art of War"},{"floor":9.0,"key":"Shuriken"},{"floor":13.0,"key":"Gremlin Horn"},{"floor":14.0,"key":"Vajra"},{"floor":24.0,"key":"DataDisk"}],"event_choices":[{"event_name":"Scrap Ooze","player_choice":"success","floor":2.0,"damage_taken":7.0},{"event_name":"Purifier","player_choice":"One Purge","floor":19.0,"damage_taken":0.0},{"event_name":"Forgotten Altar","player_choice":"Shed Blood","floor":20.0,"damage_taken":0.0}],"is_beta":false,"boss_relics":[{"not_picked":["Velvet Choker","Runic Dome"],"picked":"Busted Crown"}],"items_purged_floors":[],"is_endless":false,"potions_floor_spawned":[1,5,10,11,14,22],"killed_by":"Snake Plant","ascension_level":0}