{"gold_per_floor":[114,124,124,142,142,142,142,161,213,313,338,123,123,123,123,251,251,270,294,294,294,50,86,86,109,164,164,185,185,210,210],"floor_reached":31,"playtime":1693,"items_purged":["Strike_R"],"score":472,"play_id":"b9a7aba5-4ddf-48b9-b033-4411dce987f2","local_time":"20190602185044","is_ascension_mode":true,"campfire_choices":[{"data":"Whirlwind","floor":6.0,"key":"SMITH"},{"data":"Barricade","floor":13.0,"key":"SMITH"},{"data":"Body Slam","floor":15.0,"key":"SMITH"},{"floor":24.0,"key":"REST"},{"data":"True Grit","floor":27.0,"key":"SMITH"},{"data":"Power Through","floor":29.0,"key":"SMITH"}],"neow_cost":"NONE","seed_source_timestamp":0,"circlet_count":0,"master_deck":["AscendersBane","Strike_R","Strike_R","Strike_R+1","Strike_R","Defend_R","Defend_R","Defend_R","Defend_R","Bash","Dropkick","Metallicize+1","Whirlwind+1","Shrug It Off+1","Body Slam+1","Barricade+1","Demon Form","Rage","Evolve","RitualDagger","True Grit+1","Shrug It Off","Power Through+1"],"special_seed":0,"relics":["Burning Blood","Golden Idol","Anchor","White Beast Statue","Toy Ornithopter","Strawberry","Orichalcum"],"potions_floor_usage":[31],"damage_taken":[{"damage":6.0,"enemies":"Cultist","floor":1.0,"turns":4.0},{"damage":11.0,"enemies":"Small Slimes","floor":2.0,"turns":4.0},{"damage":7.0,"enemies":"2 Louse","floor":4.0,"turns":2.0},{"damage":14.0,"enemies":"Exordium Wildlife","floor":8.0,"turns":3.0},{"damage":7.0,"enemies":"Exordium Thugs","floor":11.0,"turns":5.0},{"damage":0.0,"enemies":"Slime Boss","floor":16.0,"turns":14.0},{"damage":17.0,"enemies":"Chosen","floor":18.0,"turns":8.0},{"damage":0.0,"enemies":"Shell Parasite","floor":19.0,"turns":7.0},{"damage":66.0,"enemies":"Book of Stabbing","floor":23.0,"turns":6.0},{"damage":8.0,"enemies":"Centurion and Healer","floor":25.0,"turns":9.0},{"damage":17.0,"enemies":"3 Cultists","floor":28.0,"turns":6.0},{"damage":47.0,"enemies":"Snake Plant","floor":30.0,"turns":5.0},{"damage":15,"enemies":"Sentry and Sphere","floor":31,"turns":3}],"seed_played":"-1821180065611204304","potions_obtained":[{"floor":4.0,"key":"SteroidPotion"},{"floor":8.0,"key":"Regen Potion"},{"floor":18.0,"key":"Dexterity Potion"},{"floor":23.0,"key":"AttackPotion"},{"floor":25.0,"key":"EssenceOfSteel"},{"floor":28.0,"key":"SteroidPotion"},{"floor":30.0,"key":"Strength Potion"}],"is_trial":false,"path_per_floor":["M","M","?","M","?","R","?","M","T","?","M","$","R","?","R","B",null,"M","M","?","?","$","E","R","M","T","R","M","R","M","M"],"character_chosen":"IRONCLAD","items_purchased":["Barricade","Toy Ornithopter","True Grit"],"campfire_rested":1,"item_purchase_floors":[12,22,22],"current_hp_per_floor":[72,67,47,46,72,72,72,64,64,64,77,77,77,61,61,67,77,66,72,66,66,66,23,49,52,52,52,46,46,10,0],"gold":210,"neow_bonus":"THREE_CARDS","is_prod":false,"is_daily":false,"chose_seed":false,"campfire_upgraded":5,"win_rate":0,"timestamp":1559494244,"path_taken":["M","M","?","M","?","R","?","M","T","?","?","?","R","?","R","BOSS","M","M","?","?","$","E","R","M","T","R","M","R","?","M"],"build_version":"2019-01-23","purchased_purges":1,"victory":false,"max_hp_per_floor":[80,80,80,80,80,80,80,80,80,80,80,80,80,80,80,80,80,80,80,80,80,80,87,87,87,87,87,87,87,87,87],"card_choices":[{"not_picked":["Dual Wield","Entrench"],"picked":"Dropkick","floor":0.0},{"not_picked":["True Grit","Armaments"],"picked":"Metallicize","floor":1.0},{"not_picked":["Sword Boomerang","Cleave"],"picked":"Whirlwind","floor":2.0},{"not_picked":["Twin Strike","Body Slam"],"picked":"Shrug It Off","floor":4.0},{"not_picked":["Warcry","Whirlwind"],"picked":"Body Slam","floor":8.0},{"not_picked":["Rupture","Hemokinesis","Pommel Strike"],"picked":"SKIP","floor":11.0},{"not_picked":["Feed","Fiend Fire"],"picked":"Demon Form","floor":16.0},{"not_picked":["Pommel Strike","Clash"],"picked":"Rage","floor":18.0},{"not_picked":["Searing Blow","Warcry"],"picked":"Evolve","floor":19.0},{"not_picked":["Havoc","Clothesline","Clash"],"picked":"SKIP","floor":23.0},{"not_picked":["Corruption","Immolate"],"picked":"Shrug It Off","floor":25.0},{"not_picked":["Wild Strike","Clothesline"],"picked":"Power Through","floor":28.0},{"not_picked":["Wild Strike","True Grit","Second Wind"],"picked":"SKIP","floor":30.0}],"player_experience":359683,"relics_obtained":[{"floor":9.0,"key":"Anchor"},{"floor":23.0,"key":"Strawberry"},{"floor":26.0,"key":"Orichalcum"}],"event_choices":[{"damage_healed":0.0,"max_hp_gain":0.0,"max_hp_loss":0.0,"gold_gain":0.0,"event_name":"Golden Idol","player_choice":"Take Damage","floor":3.0,"gold_loss":0.0,"damage_taken":20.0,"relics_obtained":["Golden Idol"]},{"damage_healed":26.0,"max_hp_gain":0.0,"max_hp_loss":0.0,"gold_gain":0.0,"event_name":"Big Fish","player_choice":"Banana","floor":5.0,"gold_loss":0.0,"damage_taken":0.0},{"damage_healed":0.0,"max_hp_gain":0.0,"max_hp_loss":0.0,"gold_gain":0.0,"event_name":"Living Wall","player_choice":"Grow","floor":7.0,"gold_loss":0.0,"damage_taken":0.0,"cards_upgraded":["Shrug It Off"]},{"damage_healed":0.0,"max_hp_gain":0.0,"max_hp_loss":0.0,"gold_gain":100.0,"event_name":"Golden Shrine","player_choice":"Pray","floor":10.0,"gold_loss":0.0,"damage_taken":0.0},{"damage_healed":0.0,"max_hp_gain":0.0,"max_hp_loss":0.0,"gold_gain":0.0,"event_name":"Shining Light","player_choice":"Entered Light","floor":14.0,"gold_loss":0.0,"damage_taken":16.0,"cards_upgraded":["Metallicize","Strike_R"]},{"damage_healed":0.0,"max_hp_gain":0.0,"max_hp_loss":0.0,"gold_gain":0.0,"event_name":"Nest","player_choice":"Joined the Cult","floor":20.0,"gold_loss":0.0,"damage_taken":6.0,"cards_obtained":["RitualDagger"]},{"damage_healed":0.0,"max_hp_gain":0.0,"max_hp_loss":0.0,"gold_gain":0.0,"event_name":"Vampires","player_choice":"Ignored","floor":21.0,"gold_loss":0.0,"damage_taken":0.0}],"is_beta":false,"boss_relics":[{"not_picked":["Philosopher\u0027s Stone","Runic Pyramid"],"picked":"White Beast Statue"}],"items_purged_floors":[12],"is_endless":false,"potions_floor_spawned":[4,8,18,19,23,25,28,30],"killed_by":"Sentry and Sphere","ascension_level":12}