{"gold_per_floor":[363,382,382,50,60,60,72,72,96,120,144,174,186,215,227,239],"floor_reached":16,"playtime":601,"items_purged":[],"score":187,"play_id":"a52083f8-1e58-45e0-b235-ae3818877c74","local_time":"20181127180114","is_ascension_mode":true,"campfire_choices":[{"data":"True Grit","floor":6.0,"key":"SMITH"},{"data":"Inflame","floor":8.0,"key":"SMITH"},{"data":"Whirlwind","floor":13,"key":"SMITH"},{"data":"Bash","floor":15,"key":"SMITH"}],"neow_cost":"TEN_PERCENT_HP_LOSS","seed_source_timestamp":22297221575028,"circlet_count":0,"master_deck":["AscendersBane","Strike_R","Strike_R","Strike_R","Strike_R","Strike_R","Defend_R","Defend_R","Defend_R","Defend_R","Bash+1","Flex+1","Inflame+1","True Grit+1","Iron Wave","Whirlwind+1","Thunderclap"],"special_seed":0,"relics":["Burning Blood","Thread and Needle","MawBank"],"potions_floor_usage":[],"damage_taken":[{"damage":11.0,"enemies":"Cultist","floor":1.0,"turns":4.0},{"damage":9.0,"enemies":"Jaw Worm","floor":2.0,"turns":6.0},{"damage":0.0,"enemies":"2 Louse","floor":5.0,"turns":4.0},{"damage":9.0,"enemies":"Exordium Wildlife","floor":7.0,"turns":4.0},{"damage":15,"enemies":"Exordium Thugs","floor":10,"turns":5},{"damage":8,"enemies":"3 Louse","floor":11,"turns":6},{"damage":8,"enemies":"Large Slime","floor":12,"turns":6},{"damage":2,"enemies":"2 Fungi Beasts","floor":14,"turns":3},{"damage":56,"enemies":"Hexaghost","floor":16,"turns":9}],"seed_played":"1452521407475208071","potions_obtained":[{"floor":2.0,"key":"FearPotion"},{"floor":5.0,"key":"SpeedPotion"},{"floor":10,"key":"Energy Potion"}],"is_trial":false,"path_per_floor":["M","M","?","$","M","R","M","R","T","M","M","M","R","M","R","B"],"character_chosen":"IRONCLAD","items_purchased":["Thread and Needle"],"campfire_rested":0,"item_purchase_floors":[4],"current_hp_per_floor":[63,60,60,60,66,66,63,63,63,54,52,50,50,54,54,0],"gold":239,"neow_bonus":"TWO_FIFTY_GOLD","is_prod":false,"is_daily":false,"chose_seed":false,"campfire_upgraded":4,"win_rate":0,"timestamp":1543330874,"path_taken":["M","?","?","$","M","R","M","R","T","M","M","M","R","?","R","BOSS"],"build_version":"2018-11-15","purchased_purges":0,"victory":false,"max_hp_per_floor":[68,68,68,68,68,68,68,68,68,68,68,68,68,68,68,68],"card_choices":[{"not_picked":["Wild Strike","Whirlwind"],"picked":"Flex","floor":1.0},{"not_picked":["Heavy Blade","Flex"],"picked":"Inflame","floor":2.0},{"not_picked":["Clash","Havoc"],"picked":"True Grit","floor":5.0},{"not_picked":["Blood for Blood","Intimidate","Anger"],"picked":"SKIP","floor":7.0},{"not_picked":["Blood for Blood","Havoc"],"picked":"Iron Wave","floor":10},{"not_picked":["Iron Wave","Perfected Strike"],"picked":"Whirlwind","floor":11},{"not_picked":["Twin Strike","Clash","Thunderclap"],"picked":"SKIP","floor":12},{"not_picked":["Twin Strike","Clash"],"picked":"Thunderclap","floor":12},{"not_picked":["Clash","Intimidate","Whirlwind"],"picked":"SKIP","floor":14}],"player_experience":546514,"relics_obtained":[{"floor":9.0,"key":"MawBank"}],"event_choices":[{"damage_healed":0.0,"max_hp_gain":0.0,"max_hp_loss":0.0,"gold_gain":0.0,"event_name":"Upgrade Shrine","player_choice":"Upgraded","floor":3.0,"gold_loss":0.0,"damage_taken":0.0,"cards_upgraded":["Flex"]}],"is_beta":false,"boss_relics":[],"items_purged_floors":[],"is_endless":false,"potions_floor_spawned":[2,5,10,14],"killed_by":"Hexaghost","ascension_level":19}