{"gold_per_floor":[113,66,16,91,91,91,123,123,123,123,134,146,165,175,175,277,277,217,217,11,11,11,11,11,11,11,11,11,11,11,11,11,11,11,11,11,11,11,11,11,11,11,11,11,11,11,11,11,11,11],"floor_reached":50,"playtime":2132,"items_purged":[],"score":729,"play_id":"08f29a32-6e73-40c5-bcb3-d5647bec0367","local_time":"20180818080057","is_ascension_mode":true,"campfire_choices":[{"data":"Dagger Throw","floor":6.0,"key":"SMITH"},{"floor":10.0,"key":"REST"},{"data":"Poisoned Stab","floor":15.0,"key":"SMITH"},{"floor":23.0,"key":"REST"},{"floor":25.0,"key":"REST"},{"floor":32.0,"key":"REST"},{"data":"Catalyst","floor":40.0,"key":"SMITH"},{"data":"Skewer","floor":42.0,"key":"SMITH"},{"data":"Crippling Poison","floor":44.0,"key":"SMITH"},{"floor":49.0,"key":"REST"}],"neow_cost":"NONE","seed_source_timestamp":56280729170201,"circlet_count":0,"master_deck":["Defend_G+1","Defend_G+1","Defend_G+1","Defend_G+1","Strike_G+1","Strike_G+1","Strike_G+1","Strike_G+1","Survivor+1","Neutralize+1","Backflip","Dagger Throw+1","Poisoned Stab+1","Skewer+1","Escape Plan","Distraction+1","Deadly Poison","Deadly Poison","Catalyst+1","Backstab+1","Crippling Poison+1"],"special_seed":0,"relics":["Ring of the Snake","NeowsBlessing","Art of War","The Specimen","Letter Opener","Ectoplasm","Vajra","Nilry\u0027s Codex","Oddly Smooth Stone","Singing Bowl","Molten Egg 2","Orrery","Whetstone"],"potions_floor_usage":[50,50,50,50],"damage_taken":[{"damage":0.0,"enemies":"Cultist","floor":1.0,"turns":1.0},{"damage":0.0,"enemies":"Lagavulin","floor":7.0,"turns":1.0},{"damage":0.0,"enemies":"Small Slimes","floor":11.0,"turns":1.0},{"damage":0.0,"enemies":"Jaw Worm","floor":12.0,"turns":4.0},{"damage":4.0,"enemies":"Blue Slaver","floor":13.0,"turns":3.0},{"damage":1.0,"enemies":"2 Fungi Beasts","floor":14.0,"turns":3.0},{"damage":41.0,"enemies":"The Guardian","floor":16.0,"turns":14.0},{"damage":7.0,"enemies":"2 Thieves","floor":18.0,"turns":4.0},{"damage":11.0,"enemies":"Shell Parasite","floor":19.0,"turns":4.0},{"damage":10.0,"enemies":"Snake Plant","floor":24.0,"turns":3.0},{"damage":7.0,"enemies":"Sentry and Sphere","floor":27.0,"turns":5.0},{"damage":18.0,"enemies":"Shelled Parasite and Fungi","floor":28.0,"turns":5.0},{"damage":10.0,"enemies":"Book of Stabbing","floor":31.0,"turns":5.0},{"damage":59.0,"enemies":"Champ","floor":33.0,"turns":13.0},{"damage":0.0,"enemies":"Orb Walker","floor":35.0,"turns":4.0},{"damage":6.0,"enemies":"3 Shapes","floor":38.0,"turns":4.0},{"damage":9.0,"enemies":"Transient","floor":39.0,"turns":5.0},{"damage":7.0,"enemies":"3 Darklings","floor":47.0,"turns":4.0},{"damage":7.0,"enemies":"Flame Bruiser 2 Orb","floor":48.0,"turns":6.0},{"damage":85,"enemies":"Donu and Deca","floor":50,"turns":11}],"seed_played":"2291752365980629259","potions_obtained":[{"floor":11.0,"key":"SkillPotion"},{"floor":12.0,"key":"Explosive Potion"},{"floor":16.0,"key":"SpeedPotion"},{"floor":31.0,"key":"Block Potion"},{"floor":38.0,"key":"Regen Potion"},{"floor":48.0,"key":"LiquidBronze"}],"is_trial":false,"path_per_floor":["M","$","?","?","T","R","E","?","T","R","M","M","M","M","R","B",null,"M","M","$","?","?","R","M","R","T","M","M","?","?","E","R","B",null,"M","?","?","M","M","R","$","R","T","R","?","?","M","M","R"],"character_chosen":"THE_SILENT","items_purchased":["Dagger Throw","Deadly Poison","Vajra"],"campfire_rested":5,"item_purchase_floors":[2,20,20],"current_hp_per_floor":[63,63,63,52,52,52,52,38,38,59,59,59,55,54,54,13,56,49,38,38,22,22,43,33,54,54,47,29,52,52,44,65,8,64,64,64,66,60,53,53,53,53,53,53,53,53,48,43,69,0],"gold":11,"neow_bonus":"THREE_ENEMY_KILL","is_prod":false,"is_daily":false,"chose_seed":false,"campfire_upgraded":5,"win_rate":0,"timestamp":1534568457,"path_taken":["M","$","?","?","?","R","E","?","T","R","M","M","M","?","R","BOSS","M","M","$","?","?","R","M","R","T","?","M","?","?","E","R","BOSS","M","?","?","?","M","R","$","R","T","R","?","?","M","?","R","BOSS"],"build_version":"2018-08-16","purchased_purges":0,"victory":false,"max_hp_per_floor":[70,70,70,70,70,70,70,70,70,70,70,70,70,70,70,70,70,70,70,70,70,70,70,70,70,70,70,70,70,70,72,72,74,80,80,80,82,82,84,84,84,84,84,84,84,84,86,88,88,88],"card_choices":[{"not_picked":["Slice","Infinite Blades"],"picked":"Backflip","floor":1.0},{"not_picked":["Tools of the Trade","Reflex","Acrobatics"],"picked":"SKIP","floor":7.0},{"not_picked":["PiercingWail","Predator","Flying Knee"],"picked":"SKIP","floor":11.0},{"not_picked":["Dagger Throw","Quick Slash"],"picked":"Poisoned Stab","floor":12.0},{"not_picked":["Dagger Spray","Underhanded Strike"],"picked":"Skewer","floor":13.0},{"not_picked":["Deflect","Dagger Spray"],"picked":"Escape Plan","floor":14.0},{"not_picked":["Quick Slash+1","Tactician+1"],"picked":"Distraction+1","floor":18.0},{"not_picked":["Distraction","Finisher+1"],"picked":"Caltrops","floor":19.0},{"not_picked":["Dagger Throw","Reflex","Blade Dance"],"picked":"SKIP","floor":24.0},{"not_picked":["Flying Knee+1","Sucker Punch","Dagger Spray+1"],"picked":"SKIP","floor":27.0},{"not_picked":["Venomology","Blade Dance+1","Tactician"],"picked":"SKIP","floor":28.0},{"not_picked":["Dodge and Roll","PiercingWail","Finisher+1"],"picked":"Singing Bowl","floor":31.0},{"not_picked":["Bullet Time","A Thousand Cuts","Unload+1"],"picked":"Singing Bowl","floor":33.0},{"not_picked":["PiercingWail","Tactician"],"picked":"Deadly Poison","floor":34.0},{"not_picked":["Bane+1","Backflip+1","Outmaneuver"],"picked":"Singing Bowl","floor":34.0},{"not_picked":["Acrobatics+1","Dagger Spray+1","Bane+1"],"picked":"Singing Bowl","floor":34.0},{"not_picked":["Flying Knee+1","Terror"],"picked":"Catalyst","floor":34.0},{"not_picked":["Acrobatics","Eviscerate+1","Escape Plan+1"],"picked":"Singing Bowl","floor":34.0},{"not_picked":["PiercingWail","Poisoned Stab+1"],"picked":"Backstab+1","floor":35.0},{"not_picked":["Purity","HandOfGreed+1","Panacea"],"picked":"Singing Bowl","floor":37.0},{"not_picked":["Prepared","Slice+1"],"picked":"Crippling Poison","floor":38.0},{"not_picked":["Dagger Spray+1","PiercingWail+1","Flying Knee+1"],"picked":"Singing Bowl","floor":39.0},{"not_picked":["Acrobatics","Sucker Punch+1","Deadly Poison"],"picked":"Singing Bowl","floor":47.0},{"not_picked":["Dodge and Roll+1","Deadly Poison","Glass Knife+1"],"picked":"Singing Bowl","floor":48.0}],"player_experience":431299,"relics_obtained":[{"floor":5.0,"key":"Art of War"},{"floor":7.0,"key":"The Specimen"},{"floor":9.0,"key":"Letter Opener"},{"floor":21.0,"key":"Nilry\u0027s Codex"},{"floor":26.0,"key":"Oddly Smooth Stone"},{"floor":31.0,"key":"Molten Egg 2"},{"floor":43.0,"key":"Whetstone"}],"event_choices":[{"event_name":"The Cleric","player_choice":"Card Removal","floor":3.0,"damage_taken":0.0},{"event_name":"World of Goop","player_choice":"Gather Gold","floor":4.0,"damage_taken":0.0},{"event_name":"Shining Light","player_choice":"Entered Light","floor":8.0,"damage_taken":0.0},{"event_name":"Cursed Tome","player_choice":"Obtained Book","floor":21.0,"damage_taken":0.0},{"event_name":"Back to Basics","player_choice":"Simplicity","floor":22.0,"damage_taken":0.0},{"event_name":"The Library","player_choice":"Heal","floor":29.0,"damage_taken":0.0},{"event_name":"The Mausoleum","player_choice":"Yes","floor":30.0,"damage_taken":0.0},{"event_name":"Golden Shrine","player_choice":"Pray","floor":36.0,"damage_taken":0.0},{"event_name":"SensoryStone","player_choice":"Memory 1","floor":37.0,"damage_taken":0.0},{"event_name":"Falling","player_choice":"Removed Power","floor":45.0,"damage_taken":0.0},{"event_name":"Bonfire Elementals","player_choice":"BASIC","floor":46.0,"damage_taken":0.0}],"is_beta":false,"boss_relics":[{"not_picked":["Runic Dome","Ring of the Serpent"],"picked":"Ectoplasm"},{"not_picked":["Black Star","WristBlade"],"picked":"Orrery"}],"items_purged_floors":[],"is_endless":false,"potions_floor_spawned":[11,12,16,18,31,38,48],"killed_by":"Donu and Deca","ascension_level":8}