{"gold_per_floor":[118,118,118,128,128,128,142,142,142,158,185,196,29,29,29,106,106,126,143,157,82,97,97,131,131,210,210,230,230,244,117,117,194,194,209,234,250,263,263,263,263],"floor_reached":41,"playtime":1376,"items_purged":["Parasite","Strike_R"],"score":702,"play_id":"1337c16a-8ac3-448d-910e-0cb55fea02e1","local_time":"20180808040630","is_ascension_mode":true,"campfire_choices":[{"data":"Metallicize","floor":6.0,"key":"SMITH"},{"data":"Cleave","floor":8.0,"key":"SMITH"},{"floor":15.0,"key":"REST"},{"floor":23.0,"key":"REST"},{"floor":25.0,"key":"REST"},{"floor":27.0,"key":"REST"},{"floor":32.0,"key":"REST"},{"floor":40,"key":"REST"}],"neow_cost":"TEN_PERCENT_HP_LOSS","seed_source_timestamp":44294568467238,"circlet_count":0,"master_deck":["Strike_R","Strike_R","Strike_R","Strike_R+1","Defend_R","Defend_R","Defend_R","Defend_R","Bash+1","AscendersBane","Cleave+1","Metallicize+1","Immolate","Shrug It Off","Double Tap","Metallicize+1","Clothesline","Thunderclap","Spot Weakness","Shrug It Off","Seeing Red","Shrug It Off+1"],"special_seed":0,"relics":["Burning Blood","Gambling Chip","CultistMask","Blue Candle","Bag of Marbles","Bronze Scales","Fusion Hammer","Dream Catcher","Tiny Chest","Lizard Tail","Red Skull"],"potions_floor_usage":[41,41],"damage_taken":[{"damage":8.0,"enemies":"2 Louse","floor":1.0,"turns":3.0},{"damage":6.0,"enemies":"Cultist","floor":4.0,"turns":3.0},{"damage":12.0,"enemies":"Jaw Worm","floor":7.0,"turns":3.0},{"damage":8.0,"enemies":"Exordium Wildlife","floor":10.0,"turns":4.0},{"damage":38.0,"enemies":"Lagavulin","floor":11.0,"turns":7.0},{"damage":0.0,"enemies":"2 Fungi Beasts","floor":12.0,"turns":1.0},{"damage":40.0,"enemies":"The Guardian","floor":16.0,"turns":13.0},{"damage":23.0,"enemies":"2 Thieves","floor":18.0,"turns":3.0},{"damage":8.0,"enemies":"3 Byrds","floor":19.0,"turns":3.0},{"damage":1.0,"enemies":"Centurion and Healer","floor":20.0,"turns":5.0},{"damage":14.0,"enemies":"Snake Plant","floor":22.0,"turns":4.0},{"damage":25.0,"enemies":"Slavers","floor":24.0,"turns":2.0},{"damage":12.0,"enemies":"Cultist and Chosen","floor":28.0,"turns":4.0},{"damage":28.0,"enemies":"Slaver and Parasite","floor":30.0,"turns":5.0},{"damage":42.0,"enemies":"Automaton","floor":33.0,"turns":11.0},{"damage":12.0,"enemies":"3 Shapes","floor":35.0,"turns":7.0},{"damage":22.0,"enemies":"Flame Bruiser 1 Orb","floor":37.0,"turns":5.0},{"damage":19,"enemies":"Spire Growth","floor":38,"turns":5},{"damage":161,"enemies":"Giant Head","floor":41,"turns":10}],"seed_played":"463964111142709519","potions_obtained":[{"floor":11.0,"key":"Energy Potion"},{"floor":12.0,"key":"SkillPotion"},{"floor":35.0,"key":"GamblersBrew"},{"floor":37.0,"key":"Poison Potion"}],"is_trial":false,"path_per_floor":["M","?","?","M","?","R","M","R","T","M","E","M","$","?","R","B",null,"M","M","M","$","M","R","E","R","T","R","M","?","M","$","R","B",null,"M","T","M","M","?","R"],"character_chosen":"IRONCLAD","items_purchased":["Bronze Scales","Shrug It Off","Shrug It Off"],"campfire_rested":6,"item_purchase_floors":[13,13,31],"current_hp_per_floor":[66,66,71,71,56,56,50,50,50,48,16,22,22,40,61,27,62,45,43,48,48,40,61,42,63,63,70,64,64,42,42,63,27,59,53,53,37,24,24,45,0],"gold":263,"neow_bonus":"ONE_RARE_RELIC","is_prod":false,"is_daily":false,"chose_seed":false,"campfire_upgraded":2,"win_rate":0,"timestamp":1533690390,"path_taken":["M","?","?","M","?","R","M","R","T","M","E","?","$","?","R","BOSS","M","?","M","$","?","R","E","R","T","R","M","?","M","$","R","BOSS","M","?","M","?","?","R","E"],"build_version":"2018-08-02","purchased_purges":2,"victory":false,"max_hp_per_floor":[68,68,73,73,73,73,73,73,73,73,73,73,73,73,73,73,73,73,73,73,70,70,70,70,70,70,70,70,70,70,70,70,70,70,70,70,70,70,70,70,70],"card_choices":[{"not_picked":["Thunderclap","Wild Strike"],"picked":"Cleave","floor":1.0},{"not_picked":["Headbutt","Wild Strike"],"picked":"Metallicize","floor":4.0},{"not_picked":["Sword Boomerang","Fire Breathing","Wild Strike"],"picked":"SKIP","floor":7.0},{"not_picked":["Battle Trance","Clash"],"picked":"Immolate","floor":10.0},{"not_picked":["Headbutt","Immolate","Armaments"],"picked":"SKIP","floor":11.0},{"not_picked":["Rage","Cleave","Infernal Blade"],"picked":"SKIP","floor":12.0},{"not_picked":["Feed","Bludgeon"],"picked":"Double Tap","floor":16.0},{"not_picked":["Iron Wave","Perfected Strike"],"picked":"Metallicize+1","floor":18.0},{"not_picked":["Sentinel","Pommel Strike","Wild Strike+1"],"picked":"SKIP","floor":19.0},{"not_picked":["Sentinel","Pommel Strike","Wild Strike+1"],"picked":"SKIP","floor":19.0},{"not_picked":["Body Slam","Havoc","Shrug It Off"],"picked":"SKIP","floor":20.0},{"not_picked":["Pommel Strike","Heavy Blade","Fiend Fire"],"picked":"SKIP","floor":22.0},{"not_picked":["Sever Soul","Iron Wave"],"picked":"Clothesline","floor":24.0},{"not_picked":["Intimidate","Armaments"],"picked":"Thunderclap","floor":25.0},{"not_picked":["Reckless Charge+1","Combust","Limit Break"],"picked":"SKIP","floor":28.0},{"not_picked":["True Grit","Havoc"],"picked":"Spot Weakness","floor":30.0},{"not_picked":["Shrug It Off","Body Slam","Warcry"],"picked":"SKIP","floor":35.0},{"not_picked":["Iron Wave+1","Perfected Strike"],"picked":"Seeing Red","floor":37.0},{"not_picked":["Rupture","Headbutt+1","Anger"],"picked":"SKIP","floor":38},{"not_picked":["Body Slam","Wild Strike"],"picked":"Shrug It Off+1","floor":40}],"player_experience":413698,"relics_obtained":[{"floor":9.0,"key":"Blue Candle"},{"floor":11.0,"key":"Bag of Marbles"},{"floor":24.0,"key":"Dream Catcher"},{"floor":26.0,"key":"Tiny Chest"},{"floor":36.0,"key":"Red Skull"}],"event_choices":[{"event_name":"FaceTrader","player_choice":"Trade","floor":2.0,"damage_taken":0.0},{"event_name":"Big Fish","player_choice":"Donut","floor":3.0,"damage_taken":0.0},{"event_name":"Shining Light","player_choice":"Entered Light","floor":5.0,"damage_taken":0.0},{"event_name":"Mushrooms","player_choice":"Healed and dodged fight","floor":14.0,"damage_taken":0.0},{"event_name":"Ghosts","player_choice":"Ignored","floor":29.0,"damage_taken":0.0},{"event_name":"The Moai Head","player_choice":"Ignored","floor":39,"damage_taken":0}],"is_beta":false,"boss_relics":[{"not_picked":["Mark of Pain","Empty Cage"],"picked":"Fusion Hammer"},{"not_picked":["Calling Bell","Tiny House"],"picked":"Lizard Tail"}],"items_purged_floors":[21,31],"is_endless":false,"potions_floor_spawned":[11,12,18,24,28,35,37],"killed_by":"Giant Head","ascension_level":14}