{"gold_per_floor":[118,134,309,5,22,51,51,51,51,68,79,79,49,78,78,183,183,198,218,50,50,67,94,106,118,130,152,164,176,218,241,253,370,382,411,423,200,217,227,254,254,52,52,69,96,108,108,163,163,163,163,163,43,69,69],"floor_reached":56,"playtime":4461,"items_purged":["Doubt","Strike_R","Strike_R+1","Strike_R+1"],"score":1305,"play_id":"3e326445-d6bd-4ce7-a5b8-4adafdaee06b","local_time":"20190727012112","is_ascension_mode":false,"campfire_choices":[{"data":"Shrug It Off","floor":8,"key":"SMITH"},{"data":"Sword Boomerang","floor":12,"key":"SMITH"},{"floor":15,"key":"REST"},{"floor":25,"key":"REST"},{"floor":29,"key":"REST"},{"floor":32,"key":"REST"},{"data":"True Grit","floor":41,"key":"SMITH"},{"floor":47,"key":"RECALL"},{"data":"Metallicize","floor":49,"key":"SMITH"},{"data":"Metallicize","floor":52,"key":"SMITH"}],"neow_cost":"NONE","seed_source_timestamp":260469791229,"circlet_count":0,"master_deck":["Strike_R+1","Strike_R+1","Defend_R+1","Defend_R+1","Defend_R+1","Defend_R+1","Bash+1","Shockwave+1","Shrug It Off+1","Sword Boomerang+1","Twin Strike+1","Demon Form+1","Uppercut","Iron Wave+1","Feed","Heavy Blade+1","Immolate","Metallicize+1","True Grit+1","Shrug It Off+1","Shrug It Off","Metallicize+1","Entrench+1","Barricade","Body Slam+1"],"relics":["Burning Blood","Membership Card","Pantograph","Ice Cream","Mark of Pain","Bronze Scales","MawBank","Blood Vial","Letter Opener","Snecko Eye","Mummified Hand","Orichalcum","Self Forming Clay","Ginger","Smiling Mask","FossilizedHelix","Ornamental Fan","Mercury Hourglass"],"potions_floor_usage":[6,23,23,31,36,55,55,55],"damage_taken":[{"damage":6,"enemies":"Cultist","floor":1,"turns":3},{"damage":6,"enemies":"2 Louse","floor":2,"turns":4},{"damage":7,"enemies":"Small Slimes","floor":5,"turns":4},{"damage":18,"enemies":"3 Sentries","floor":6,"turns":8},{"damage":0,"enemies":"2 Fungi Beasts","floor":10,"turns":4},{"damage":7,"enemies":"Red Slaver","floor":11,"turns":4},{"damage":24,"enemies":"Gremlin Nob","floor":14,"turns":4},{"damage":43,"enemies":"The Guardian","floor":16,"turns":14},{"damage":36,"enemies":"Spheric Guardian","floor":18,"turns":6},{"damage":9,"enemies":"3 Byrds","floor":19,"turns":7},{"damage":10,"enemies":"Snake Plant","floor":22,"turns":3},{"damage":47,"enemies":"Slavers","floor":23,"turns":5},{"damage":7,"enemies":"Snecko","floor":27,"turns":4},{"damage":31,"enemies":"Book of Stabbing","floor":30,"turns":5},{"damage":12,"enemies":"Shelled Parasite and Fungi","floor":31,"turns":3},{"damage":17,"enemies":"Champ","floor":33,"turns":8},{"damage":11,"enemies":"3 Darklings","floor":35,"turns":3},{"damage":0,"enemies":"3 Shapes","floor":38,"turns":2},{"damage":0,"enemies":"Spire Growth","floor":39,"turns":3},{"damage":8,"enemies":"Nemesis","floor":40,"turns":9},{"damage":3,"enemies":"3 Darklings","floor":44,"turns":4},{"damage":0,"enemies":"Giant Head","floor":45,"turns":8},{"damage":0,"enemies":"Sphere and 2 Shapes","floor":46,"turns":3},{"damage":35,"enemies":"2 Orb Walkers","floor":48,"turns":6},{"damage":14,"enemies":"Time Eater","floor":50,"turns":6},{"damage":19,"enemies":"Shield and Spear","floor":54,"turns":5},{"damage":35,"enemies":"The Heart","floor":55,"turns":9}],"seed_played":"-1508723140976609593","potions_obtained":[{"floor":1,"key":"Fire Potion"},{"floor":2,"key":"EssenceOfSteel"},{"floor":5,"key":"SteroidPotion"},{"floor":13,"key":"Weak Potion"},{"floor":22,"key":"BloodPotion"},{"floor":23,"key":"Swift Potion"},{"floor":35,"key":"LiquidBronze"},{"floor":36,"key":"Fruit Juice"},{"floor":36,"key":"LiquidBronze"},{"floor":36,"key":"SmokeBomb"},{"floor":38,"key":"Ancient Potion"}],"is_trial":false,"path_per_floor":["M","M","?","$","M","E","?","R","T","M","M","R","?","E","R","B",null,"M","M","$","?","M","E","?","R","T","M","?","R","E","M","R","B",null,"M","?","$","M","M","E","R","$","T","M","E","M","R","?","R","B",null,"R","$","E","B",null],"character_chosen":"IRONCLAD","items_purchased":["Shrug It Off","Membership Card","Bronze Scales","Feed","Shrug It Off","Mummified Hand","Metallicize","Self Forming Clay","Ornamental Fan"],"campfire_rested":4,"item_purchase_floors":[4,4,20,20,37,37,37,42,53],"current_hp_per_floor":[80,80,80,80,79,67,51,51,51,57,56,56,56,38,62,43,80,50,47,47,47,43,25,9,35,35,36,36,62,42,41,69,83,94,89,94,94,99,102,103,103,103,103,105,105,108,108,82,82,101,111,111,111,98,82],"gold":69,"neow_bonus":"UPGRADE_CARD","is_prod":false,"is_daily":false,"chose_seed":false,"campfire_upgraded":5,"win_rate":0,"timestamp":1564183272,"path_taken":["M","?","?","$","M","E","?","R","T","M","M","R","?","E","R","BOSS","M","?","$","?","M","E","?","R","T","M","?","R","E","M","R","BOSS","M","?","$","M","M","E","R","$","T","?","E","M","R","?","R","BOSS","R","$","E","BOSS"],"build_version":"2019-07-17","purchased_purges":4,"victory":true,"max_hp_per_floor":[80,80,80,80,80,80,80,80,80,80,80,80,80,80,80,80,80,80,80,80,80,80,83,88,88,88,88,88,88,91,94,94,94,94,94,99,99,99,102,105,105,105,105,105,105,108,108,111,111,111,111,111,111,111,111],"card_choices":[{"not_picked":["Cleave","Heavy Blade"],"picked":"Shockwave","floor":1},{"not_picked":["Entrench","Warcry","Corruption"],"picked":"SKIP","floor":2},{"not_picked":["Clash","Havoc"],"picked":"Sword Boomerang","floor":5},{"not_picked":["Body Slam","Sword Boomerang"],"picked":"Twin Strike","floor":6},{"not_picked":["Iron Wave","Clash","Reckless Charge"],"picked":"SKIP","floor":10},{"not_picked":["Body Slam","Thunderclap","Sever Soul"],"picked":"SKIP","floor":11},{"not_picked":["Perfected Strike","Fire Breathing","Body Slam"],"picked":"SKIP","floor":14},{"not_picked":["Double Tap","Bludgeon"],"picked":"Demon Form","floor":16},{"not_picked":["Heavy Blade","Clothesline"],"picked":"Uppercut","floor":18},{"not_picked":["Entrench","Fire Breathing"],"picked":"Iron Wave+1","floor":19},{"not_picked":["Headbutt","Iron Wave+1"],"picked":"Heavy Blade+1","floor":22},{"not_picked":["Iron Wave","Shockwave","Fire Breathing"],"picked":"SKIP","floor":23},{"not_picked":["Blood for Blood","Anger"],"picked":"Immolate","floor":27},{"not_picked":["Heavy Blade","Twin Strike"],"picked":"Metallicize","floor":30},{"not_picked":["Clothesline","Corruption"],"picked":"True Grit","floor":31},{"not_picked":["Power Through+1","True Grit"],"picked":"Shrug It Off+1","floor":35},{"not_picked":["Sever Soul","Havoc+1","Clash+1"],"picked":"SKIP","floor":38},{"not_picked":["Intimidate+1","Entrench+1","Sever Soul"],"picked":"SKIP","floor":39},{"not_picked":["Intimidate+1","Sever Soul"],"picked":"Entrench+1","floor":39},{"not_picked":["Wild Strike","Uppercut","Clothesline"],"picked":"SKIP","floor":40},{"not_picked":["True Grit","Clothesline"],"picked":"Barricade","floor":44},{"not_picked":["Sever Soul+1","Sentinel","Carnage+1"],"picked":"SKIP","floor":45},{"not_picked":["Clothesline","Body Slam","Rage"],"picked":"SKIP","floor":46},{"not_picked":["Clash","Shrug It Off+1"],"picked":"Body Slam+1","floor":48},{"not_picked":["Dark Embrace","Power Through+1","Bloodletting+1"],"picked":"SKIP","floor":54}],"player_experience":600834,"relics_obtained":[{"floor":6,"key":"Pantograph"},{"floor":14,"key":"Ice Cream"},{"floor":23,"key":"MawBank"},{"floor":26,"key":"Blood Vial"},{"floor":30,"key":"Letter Opener"},{"floor":40,"key":"Orichalcum"},{"floor":43,"key":"Ginger"},{"floor":45,"key":"Smiling Mask"},{"floor":48,"key":"FossilizedHelix"},{"floor":54,"key":"Mercury Hourglass"}],"event_choices":[{"damage_healed":0,"gold_gain":175,"player_choice":"AGREE","damage_taken":0,"max_hp_gain":0,"max_hp_loss":0,"event_name":"Liars Game","floor":3,"gold_loss":0,"cards_obtained":["Doubt"]},{"damage_healed":0,"gold_gain":0,"player_choice":"Entered Light","damage_taken":16,"max_hp_gain":0,"max_hp_loss":0,"event_name":"Shining Light","floor":7,"gold_loss":0,"cards_upgraded":["Shockwave","Twin Strike"]},{"damage_healed":0,"gold_gain":0,"player_choice":"Bought 2 Potions","damage_taken":0,"max_hp_gain":0,"max_hp_loss":0,"event_name":"The Woman in Blue","floor":13,"gold_loss":0},{"damage_healed":0,"gold_gain":0,"player_choice":"Simplicity","damage_taken":0,"max_hp_gain":0,"max_hp_loss":0,"event_name":"Back to Basics","floor":21,"gold_loss":0,"cards_upgraded":["Strike_R","Strike_R","Strike_R","Strike_R","Defend_R","Defend_R","Defend_R","Defend_R"]},{"damage_healed":0,"gold_gain":0,"player_choice":"Shed Blood","damage_taken":21,"max_hp_gain":5,"max_hp_loss":0,"event_name":"Forgotten Altar","floor":24,"gold_loss":0},{"damage_healed":0,"gold_gain":0,"player_choice":"Upgraded","damage_taken":0,"max_hp_gain":0,"max_hp_loss":0,"event_name":"Upgrade Shrine","floor":28,"gold_loss":0,"cards_upgraded":["Demon Form"]},{"damage_healed":0,"gold_gain":0,"player_choice":"Got Potions","damage_taken":0,"max_hp_gain":0,"max_hp_loss":0,"event_name":"Lab","floor":36,"gold_loss":0},{"damage_healed":0,"gold_gain":0,"player_choice":"Fight","damage_taken":0,"max_hp_gain":0,"max_hp_loss":0,"event_name":"Mysterious Sphere","floor":48,"gold_loss":0}],"is_beta":false,"boss_relics":[{"not_picked":["Eternal Feather","Runic Cube"],"picked":"Mark of Pain"},{"not_picked":["Busted Crown","Pandora\u0027s Box"],"picked":"Snecko Eye"}],"items_purged_floors":[4,20,37,42],"is_endless":false,"potions_floor_spawned":[1,2,5,18,22,23,35,38,40,45,54],"ascension_level":0}