{"gold_per_floor":[113,113,131,150,161,161,186,206,206,306,332,332,352,380,380,484,484,500,599,599,599,610,610,645,665,695,139,158,169,169,188,188,287,287,298,298,398,412,422,422,422,438,463,483,239,266,277,295,295,295,295,295,31,62,62],"floor_reached":56,"playtime":2641,"items_purged":["Strike_G","Strike_G"],"score":1411,"play_id":"357ed3b0-1ea3-4a2f-88b1-fefb89624252","local_time":"20190622222333","is_ascension_mode":true,"campfire_choices":[{"data":"Neutralize","floor":6,"key":"SMITH"},{"data":"Crippling Poison","floor":12,"key":"SMITH"},{"data":"Survivor","floor":15,"key":"SMITH"},{"data":"Footwork","floor":23,"key":"SMITH"},{"data":"Well Laid Plans","floor":30,"key":"SMITH"},{"floor":32,"key":"REST"},{"floor":40,"key":"RECALL"},{"data":"Backflip","floor":49,"key":"SMITH"},{"data":"Deflect","floor":52,"key":"SMITH"}],"neow_cost":"NONE","seed_source_timestamp":41835579505662,"circlet_count":0,"master_deck":["Defend_G","Defend_G","Defend_G","Defend_G","Defend_G","Strike_G+1","Strike_G","Strike_G+1","Survivor+1","Neutralize+1","Dagger Throw","Cloak And Dagger","All Out Attack","Deflect+1","Flying Knee","Backflip+1","Crippling Poison+1","Well Laid Plans+1","All Out Attack+1","Footwork+1","Footwork+1","Noxious Fumes+1","Deadly Poison+1","Envenom+1","Predator+1","Backflip+1","PiercingWail+1","Tools of the Trade+1","Footwork+1","Footwork+1"],"relics":["Ring of the Snake","Pen Nib","Mercury Hourglass","Molten Egg 2","Lantern","Busted Crown","Frozen Egg 2","Tiny Chest","PreservedInsect","Mummified Hand","Eternal Feather","Gambling Chip","Bag of Marbles","The Courier","Paper Crane","Whetstone"],"potions_floor_usage":[14,16,55,55,55],"damage_taken":[{"damage":0,"enemies":"2 Louse","floor":1,"turns":3},{"damage":0,"enemies":"Cultist","floor":3,"turns":4},{"damage":8,"enemies":"Jaw Worm","floor":4,"turns":3},{"damage":1,"enemies":"Looter","floor":5,"turns":4},{"damage":10,"enemies":"3 Sentries","floor":7,"turns":8},{"damage":0,"enemies":"2 Fungi Beasts","floor":8,"turns":2},{"damage":16,"enemies":"Gremlin Nob","floor":11,"turns":4},{"damage":10,"enemies":"Large Slime","floor":13,"turns":4},{"damage":5,"enemies":"Lagavulin","floor":14,"turns":7},{"damage":2,"enemies":"Hexaghost","floor":16,"turns":9},{"damage":8,"enemies":"Spheric Guardian","floor":18,"turns":4},{"damage":12,"enemies":"2 Thieves","floor":22,"turns":3},{"damage":6,"enemies":"Gremlin Leader","floor":24,"turns":6},{"damage":20,"enemies":"Snake Plant","floor":25,"turns":5},{"damage":8,"enemies":"Snecko","floor":28,"turns":6},{"damage":0,"enemies":"Centurion and Healer","floor":29,"turns":5},{"damage":7,"enemies":"Snake Plant","floor":31,"turns":4},{"damage":5,"enemies":"Automaton","floor":33,"turns":9},{"damage":7,"enemies":"3 Darklings","floor":35,"turns":5},{"damage":11,"enemies":"Mind Bloom Boss Battle","floor":37,"turns":6},{"damage":0,"enemies":"Orb Walker","floor":38,"turns":2},{"damage":0,"enemies":"Transient","floor":39,"turns":5},{"damage":0,"enemies":"Maw","floor":42,"turns":7},{"damage":2,"enemies":"Sphere and 2 Shapes","floor":44,"turns":4},{"damage":0,"enemies":"Reptomancer","floor":46,"turns":5},{"damage":10,"enemies":"3 Darklings","floor":47,"turns":5},{"damage":26,"enemies":"Spire Growth","floor":48,"turns":5},{"damage":18,"enemies":"Donu and Deca","floor":50,"turns":10},{"damage":2,"enemies":"Shield and Spear","floor":54,"turns":6},{"damage":48,"enemies":"The Heart","floor":55,"turns":12}],"seed_played":"-4511026661115923328","potions_obtained":[{"floor":3,"key":"Block Potion"},{"floor":4,"key":"PowerPotion"},{"floor":11,"key":"PowerPotion"},{"floor":14,"key":"Poison Potion"},{"floor":16,"key":"Weak Potion"}],"is_trial":false,"path_per_floor":["M","?","M","M","M","R","E","M","T","?","E","R","M","E","R","B",null,"M","?","?","?","M","R","E","M","T","$","M","M","R","M","R","B",null,"M","?","?","M","M","R","?","M","T","M","$","E","M","M","R","B",null,"R","$","E","B",null],"character_chosen":"THE_SILENT","items_purchased":["Noxious Fumes+1","PreservedInsect","Mummified Hand","Bag of Marbles","Paper Crane","Footwork+1"],"campfire_rested":1,"item_purchase_floors":[27,27,27,45,53,53],"current_hp_per_floor":[70,75,75,67,66,66,56,56,56,56,40,40,30,25,25,23,75,67,67,67,67,55,55,49,29,29,29,21,21,21,14,36,31,75,68,68,57,57,57,72,75,75,75,73,73,73,63,37,52,34,75,75,75,73,25],"gold":62,"neow_bonus":"THREE_CARDS","is_prod":false,"is_daily":false,"chose_seed":false,"campfire_upgraded":7,"win_rate":0,"timestamp":1561231413,"path_taken":["M","?","M","M","M","R","E","M","T","?","E","R","?","E","R","BOSS","M","?","?","?","M","R","E","M","T","$","M","M","R","M","R","BOSS","M","?","?","M","M","R","?","M","T","?","$","E","M","M","R","BOSS","R","$","E","BOSS"],"build_version":"2019-01-23","purchased_purges":2,"victory":true,"max_hp_per_floor":[70,75,75,75,75,75,75,75,75,75,75,75,75,75,75,75,75,75,75,75,75,75,75,75,75,75,75,75,75,75,75,75,75,75,75,75,75,75,75,75,75,75,75,75,75,75,75,75,75,75,75,75,75,75,75],"card_choices":[{"not_picked":["Underhanded Strike","Prepared"],"picked":"Dagger Throw","floor":0},{"not_picked":["Outmaneuver","Dagger Spray"],"picked":"Predator","floor":1},{"not_picked":["Leg Sweep","Riddle With Holes"],"picked":"Cloak And Dagger","floor":3},{"not_picked":["Grand Finale","Accuracy"],"picked":"All Out Attack","floor":4},{"not_picked":["Quick Slash","Calculated Gamble"],"picked":"Deflect","floor":5},{"not_picked":["Poisoned Stab","Acrobatics"],"picked":"Flying Knee","floor":7},{"not_picked":["Deadly Poison","Slice"],"picked":"Backflip","floor":8},{"not_picked":["A Thousand Cuts","Tactician"],"picked":"Crippling Poison","floor":11},{"not_picked":["Blade Dance","Outmaneuver"],"picked":"Well Laid Plans","floor":13},{"not_picked":["Blur","Tools of the Trade"],"picked":"All Out Attack+1","floor":14},{"not_picked":["Outmaneuver"],"picked":"SKIP","floor":18},{"not_picked":["Underhanded Strike+1"],"picked":"SKIP","floor":22},{"not_picked":[],"picked":"Footwork","floor":24},{"not_picked":["Acrobatics"],"picked":"SKIP","floor":25},{"not_picked":["Outmaneuver"],"picked":"SKIP","floor":28},{"not_picked":["Acrobatics"],"picked":"SKIP","floor":29},{"not_picked":[],"picked":"Deadly Poison+1","floor":31},{"not_picked":[],"picked":"Envenom+1","floor":33},{"not_picked":[],"picked":"Predator+1","floor":35},{"not_picked":[],"picked":"Backflip+1","floor":37},{"not_picked":["Dagger Spray+1"],"picked":"SKIP","floor":38},{"not_picked":["Underhanded Strike+1"],"picked":"SKIP","floor":39},{"not_picked":[],"picked":"PiercingWail+1","floor":42},{"not_picked":[],"picked":"Tools of the Trade+1","floor":44},{"not_picked":["Heel Hook+1"],"picked":"SKIP","floor":46},{"not_picked":[],"picked":"Footwork+1","floor":47},{"not_picked":["Choke+1"],"picked":"SKIP","floor":48},{"not_picked":["Dagger Throw+1"],"picked":"SKIP","floor":54}],"player_experience":998715,"relics_obtained":[{"floor":7,"key":"Pen Nib"},{"floor":9,"key":"Mercury Hourglass"},{"floor":11,"key":"Molten Egg 2"},{"floor":14,"key":"Lantern"},{"floor":24,"key":"Frozen Egg 2"},{"floor":26,"key":"Tiny Chest"},{"floor":37,"key":"Gambling Chip"},{"floor":46,"key":"The Courier"},{"floor":54,"key":"Whetstone"}],"event_choices":[{"damage_healed":0,"gold_gain":0,"player_choice":"Donut","damage_taken":0,"max_hp_gain":5,"max_hp_loss":0,"event_name":"Big Fish","floor":2,"gold_loss":0},{"damage_healed":0,"gold_gain":100,"player_choice":"Pray","damage_taken":0,"max_hp_gain":0,"max_hp_loss":0,"event_name":"Golden Shrine","floor":10,"gold_loss":0},{"damage_healed":0,"gold_gain":99,"player_choice":"Stole From Cult","damage_taken":0,"max_hp_gain":0,"max_hp_loss":0,"event_name":"Nest","floor":19,"gold_loss":0},{"damage_healed":0,"gold_gain":0,"player_choice":"Ignored","damage_taken":0,"max_hp_gain":0,"max_hp_loss":0,"event_name":"Vampires","floor":20,"gold_loss":0},{"damage_healed":0,"gold_gain":0,"player_choice":"Read","damage_taken":0,"max_hp_gain":0,"max_hp_loss":0,"event_name":"The Library","floor":21,"gold_loss":0,"cards_obtained":["Footwork"]},{"damage_healed":0,"gold_gain":0,"player_choice":"Ignored","damage_taken":0,"max_hp_gain":0,"max_hp_loss":0,"event_name":"Tomb of Lord Red Mask","floor":36,"gold_loss":0},{"damage_healed":0,"gold_gain":0,"player_choice":"Fight","damage_taken":0,"max_hp_gain":0,"max_hp_loss":0,"event_name":"MindBloom","floor":37,"gold_loss":0},{"cards_removed":["Predator"],"damage_healed":3,"gold_gain":0,"player_choice":"Offered Uncommon","damage_taken":0,"max_hp_gain":0,"max_hp_loss":0,"event_name":"Bonfire Elementals","floor":41,"gold_loss":0}],"is_beta":false,"boss_relics":[{"not_picked":["Ring of the Serpent","Runic Pyramid"],"picked":"Busted Crown"},{"not_picked":["Coffee Dripper","Philosopher\u0027s Stone"],"picked":"Eternal Feather"}],"items_purged_floors":[27,45],"is_endless":false,"potions_floor_spawned":[3,4,11,14,16,18,22,28,33,38,42,48],"ascension_level":3}