{"gold_per_floor":[115,115,36,36,36,36,65,65,65,80,99,23,40,50,50,124,174,184,33,52,64,76,76,76,76,124,137,53,53,83,98,98,98],"floor_reached":33,"playtime":769,"items_purged":["Defend_B"],"score":511,"play_id":"0415a84a-a537-43b8-b55e-86591523ba33","local_time":"20180916200015","is_ascension_mode":true,"campfire_choices":[{"data":"Zap","floor":6.0,"key":"SMITH"},{"data":"Defragment","floor":8.0,"key":"SMITH"},{"data":"Defragment","floor":15.0,"key":"SMITH"},{"floor":23.0,"key":"REST"},{"data":"Defragment","floor":25.0,"key":"SMITH"},{"floor":29.0,"key":"REST"},{"floor":32.0,"key":"REST"}],"neow_cost":"NONE","seed_source_timestamp":26440128186981,"circlet_count":0,"master_deck":["Strike_B","Strike_B","Defend_B+1","Defend_B","Defend_B","Zap+1","Dualcast","AscendersBane","Conserve Battery","Defragment+1","Melter","Defragment+1","Sunder","Ball Lightning","Thunder Strike","Ball Lightning","Defragment+1","BootSequence","Loop","Capacitor"],"special_seed":0,"relics":["Cracked Core","NeowsBlessing","Smiling Mask","Ginger","Tiny House","Bronze Scales","Regal Pillow","Art of War"],"potions_floor_usage":[33,33],"damage_taken":[{"damage":0.0,"enemies":"Small Slimes","floor":1.0,"turns":1.0},{"damage":0.0,"enemies":"Lagavulin","floor":7.0,"turns":2.0},{"damage":0.0,"enemies":"Cultist","floor":10.0,"turns":1.0},{"damage":0.0,"enemies":"Jaw Worm","floor":11.0,"turns":2.0},{"damage":3.0,"enemies":"3 Louse","floor":13.0,"turns":2.0},{"damage":11.0,"enemies":"2 Fungi Beasts","floor":14.0,"turns":3.0},{"damage":2.0,"enemies":"Slime Boss","floor":16.0,"turns":7.0},{"damage":12.0,"enemies":"Chosen","floor":18.0,"turns":4.0},{"damage":17.0,"enemies":"3 Byrds","floor":20.0,"turns":3.0},{"damage":17.0,"enemies":"Cultist and Chosen","floor":21.0,"turns":5.0},{"damage":14.0,"enemies":"Sentry and Sphere","floor":22.0,"turns":3.0},{"damage":15.0,"enemies":"Shelled Parasite and Fungi","floor":27.0,"turns":4.0},{"damage":10.0,"enemies":"Gremlin Leader","floor":30.0,"turns":6.0},{"damage":23.0,"enemies":"Chosen and Byrds","floor":31.0,"turns":5.0},{"damage":72,"enemies":"Automaton","floor":33,"turns":6}],"seed_played":"17932833999713101","potions_obtained":[{"floor":1.0,"key":"FearPotion"},{"floor":2.0,"key":"SmokeBomb"},{"floor":2.0,"key":"LiquidBronze"},{"floor":30.0,"key":"PowerPotion"}],"is_trial":false,"path_per_floor":["M","?","$","?","?","R","E","R","T","M","M","$","M","M","R","B",null,"M","$","M","M","M","R","?","R","T","M","$","R","E","M","R"],"character_chosen":"DEFECT","items_purchased":["Defragment","Sunder","Bronze Scales","Capacitor"],"campfire_rested":3,"item_purchase_floors":[3,12,19,28],"current_hp_per_floor":[64,64,64,57,57,57,57,57,57,57,57,57,54,43,43,41,69,57,57,40,23,9,31,46,46,46,31,31,68,58,35,72,0],"gold":98,"neow_bonus":"THREE_ENEMY_KILL","is_prod":false,"is_daily":false,"chose_seed":false,"campfire_upgraded":4,"win_rate":0,"timestamp":1537117215,"path_taken":["M","?","$","?","?","R","E","R","T","M","M","$","M","M","R","BOSS","M","$","?","M","M","R","?","R","T","M","?","R","E","M","R","BOSS"],"build_version":"2018-09-06","purchased_purges":1,"victory":false,"max_hp_per_floor":[71,71,71,71,71,71,71,71,71,71,71,71,71,71,71,71,76,76,76,76,76,76,76,76,76,76,76,76,76,76,76,76,76],"card_choices":[{"not_picked":["Double Energy","Turbo"],"picked":"Conserve Battery","floor":1.0},{"not_picked":["Cold Snap","Rebound"],"picked":"Melter","floor":7.0},{"not_picked":["Stack","Rebound"],"picked":"Defragment","floor":10.0},{"not_picked":["Seek","Beam Cell","Gash"],"picked":"SKIP","floor":11.0},{"not_picked":["Gash","Hologram","Conserve Battery"],"picked":"SKIP","floor":13.0},{"not_picked":["Lockon","Compile Driver"],"picked":"Ball Lightning","floor":14.0},{"not_picked":["Core Surge","Seek"],"picked":"Thunder Strike","floor":16.0},{"not_picked":["Darkness+1","Ball Lightning","Aggregate"],"picked":"SKIP","floor":18.0},{"not_picked":["Darkness+1","Aggregate"],"picked":"Ball Lightning","floor":18.0},{"not_picked":["Static Discharge+1","Compile Driver"],"picked":"Defragment","floor":20.0},{"not_picked":["Steam","Beam Cell"],"picked":"BootSequence","floor":21.0},{"not_picked":["Machine Learning","Reprogram"],"picked":"Loop","floor":22.0},{"not_picked":["Fusion","Darkness","Beam Cell"],"picked":"SKIP","floor":27.0},{"not_picked":["Machine Learning","Sweeping Beam+1","Beam Cell"],"picked":"SKIP","floor":30.0},{"not_picked":["Auto Shields","Leap","Redo+1"],"picked":"SKIP","floor":31.0}],"player_experience":473281,"relics_obtained":[{"floor":7.0,"key":"Smiling Mask"},{"floor":9.0,"key":"Ginger"},{"floor":26.0,"key":"Regal Pillow"},{"floor":30.0,"key":"Art of War"}],"event_choices":[{"event_name":"The Lab","player_choice":"Got Potions","floor":2.0,"damage_taken":0.0},{"event_name":"Golden Wing","player_choice":"Card Removal","floor":4.0,"damage_taken":0.0},{"event_name":"Bonfire Elementals","player_choice":"BASIC","floor":5.0,"damage_taken":0.0},{"event_name":"The Library","player_choice":"Heal","floor":24.0,"damage_taken":0.0}],"is_beta":false,"boss_relics":[{"not_picked":["White Beast Statue","Busted Crown"],"picked":"Tiny House"}],"items_purged_floors":[28],"is_endless":false,"potions_floor_spawned":[1,7,13,14,21,30,31],"killed_by":"Automaton","ascension_level":15}