{"gold_per_floor":[109,109,109,125,36,61,61,236,286,297,307,307,333,349,349,445,445,462,4,4,4,19,19],"floor_reached":23,"playtime":1780,"items_purged":["Regret"],"score":201,"play_id":"1bec4d62-6467-4e46-8b71-f6da226bffb5","local_time":"20180726201748","is_ascension_mode":false,"campfire_choices":[{"data":"Madness","floor":7.0,"key":"SMITH"},{"floor":15.0,"key":"REST"}],"neow_cost":"NONE","seed_source_timestamp":0,"circlet_count":0,"master_deck":["Defend_G","Defend_G","Defend_G","Defend_G","Strike_G","Strike_G","Strike_G","Strike_G","Strike_G","Survivor","Neutralize","Masterful Stab","Infinite Blades+1","Madness+1","Poisoned Stab","Backstab","Acrobatics","Reflex","Bane","Unload","Riddle With Holes","Outmaneuver","Envenom","Parasite","Injury","Endless Agony","Deadly Poison","Tools of the Trade","Outmaneuver","Endless Agony+1","Bane+1"],"special_seed":0,"relics":["Ring of the Snake","Potion Belt","Snake Skull","Happy Flower","Calling Bell","Art of War","Meat on the Bone","Prayer Wheel","TwistedFunnel"],"potions_floor_usage":[23],"damage_taken":[{"damage":0.0,"enemies":"Cultist","floor":1.0,"turns":3.0},{"damage":0.0,"enemies":"Small Slimes","floor":4.0,"turns":4.0},{"damage":14.0,"enemies":"3 Sentries","floor":6.0,"turns":7.0},{"damage":3.0,"enemies":"Jaw Worm","floor":10.0,"turns":2.0},{"damage":4.0,"enemies":"Red Slaver","floor":11.0,"turns":3.0},{"damage":21.0,"enemies":"Lagavulin","floor":13.0,"turns":5.0},{"damage":6.0,"enemies":"3 Louse","floor":14.0,"turns":2.0},{"damage":16.0,"enemies":"Slime Boss","floor":16.0,"turns":10.0},{"damage":36.0,"enemies":"2 Thieves","floor":18.0,"turns":5.0},{"damage":25.0,"enemies":"Spheric Guardian","floor":19.0,"turns":4.0},{"damage":0,"enemies":"Spheric Guardian","floor":22,"turns":1},{"damage":58,"enemies":"Slavers","floor":23,"turns":4}],"seed_played":"-4362644480636339672","potions_obtained":[{"floor":1.0,"key":"GhostInAJar"},{"floor":4.0,"key":"SpeedPotion"},{"floor":13.0,"key":"AttackPotion"},{"floor":18.0,"key":"GamblersBrew"}],"is_trial":false,"path_per_floor":["M","?","?","M","$","E","R","?","T","M","M","?","E","M","R","B",null,"M","$","?","$","M"],"character_chosen":"THE_SILENT","items_purchased":["Backstab","Acrobatics","TwistedFunnel","Tools of the Trade","Outmaneuver"],"campfire_rested":1,"item_purchase_floors":[5,5,19,19,19],"current_hp_per_floor":[70,70,70,70,70,56,56,56,56,53,49,49,28,22,43,27,70,46,33,33,33,45,0],"gold":19,"neow_bonus":"TRANSFORM_CARD","is_prod":false,"is_daily":false,"chose_seed":false,"campfire_upgraded":1,"win_rate":0,"timestamp":1532629068,"path_taken":["M","?","?","?","$","E","R","?","T","M","M","?","E","M","R","BOSS","M","?","?","$","M","E"],"build_version":"2018-07-19v2","purchased_purges":1,"victory":false,"max_hp_per_floor":[70,70,70,70,70,70,70,70,70,70,70,70,70,70,70,70,70,70,70,70,70,70,70],"card_choices":[{"not_picked":["Caltrops","Deflect"],"picked":"Infinite Blades","floor":1.0},{"not_picked":["All Out Attack","Bane"],"picked":"Poisoned Stab","floor":4.0},{"not_picked":["Acrobatics","Bane"],"picked":"Reflex","floor":6.0},{"not_picked":["Expertise","Quick Slash"],"picked":"Bane","floor":10.0},{"not_picked":["Backflip","Sucker Punch"],"picked":"Unload","floor":11.0},{"not_picked":["Bane","Acrobatics"],"picked":"Riddle With Holes","floor":13.0},{"not_picked":["Dodge and Roll","Masterful Stab"],"picked":"Outmaneuver","floor":14.0},{"not_picked":["Storm of Steel","Doppelganger"],"picked":"Envenom","floor":16.0},{"not_picked":["Flying Knee","Quick Slash"],"picked":"Endless Agony","floor":18.0},{"not_picked":["Cloak And Dagger","Catalyst"],"picked":"Deadly Poison","floor":18.0},{"not_picked":["Dodge and Roll","Dash"],"picked":"Endless Agony+1","floor":22},{"not_picked":["Acrobatics","Outmaneuver"],"picked":"Bane+1","floor":22}],"player_experience":63557,"relics_obtained":[{"floor":6.0,"key":"Potion Belt"},{"floor":9.0,"key":"Snake Skull"},{"floor":13.0,"key":"Happy Flower"},{"floor":17.0,"key":"Art of War"},{"floor":17.0,"key":"Meat on the Bone"},{"floor":17.0,"key":"Prayer Wheel"}],"event_choices":[{"event_name":"Match and Keep!","player_choice":"1 cards matched","floor":2.0,"damage_taken":0.0},{"event_name":"Upgrade Shrine","player_choice":"Upgraded","floor":3.0,"damage_taken":0.0},{"event_name":"Liars Game","player_choice":"agreed","floor":8.0,"damage_taken":0.0},{"event_name":"Fountain of Cleansing","player_choice":"Removed Curse","floor":12.0,"damage_taken":0.0},{"event_name":"Drug Dealer","player_choice":"Ignored","floor":20,"damage_taken":0}],"is_beta":false,"boss_relics":[{"not_picked":["Cursed Key","Runic Dome"],"picked":"Calling Bell"}],"items_purged_floors":[19],"is_endless":false,"potions_floor_spawned":[1,4,13,18],"killed_by":"Slavers","ascension_level":0}