{"gold_per_floor":[117,129,147,162,162,162,181,28,78,78,95,95,108,138,138,238,238,258,258,271,271,291,319,319],"floor_reached":24,"playtime":1975,"items_purged":["Slimebound:Strike_Slimebound"],"score":245,"play_id":"e9544299-061d-4b7d-bd54-2030d55c9ca9","local_time":"20190720225219","is_ascension_mode":false,"campfire_choices":[{"data":"Slimebound:GrowthPunch","floor":6,"key":"SMITH"},{"data":"Slimebound:CorrosiveSpit","floor":12,"key":"SMITH"},{"data":"Slimebound:PrepareCrush","floor":15,"key":"SMITH"}],"neow_cost":"NONE","seed_source_timestamp":362387772691081,"circlet_count":0,"master_deck":["Slimebound:Tackle","Slimebound:Defend_Slimebound","Slimebound:Defend_Slimebound","Slimebound:Defend_Slimebound","Slimebound:Defend_Slimebound","Slimebound:Split","Slimebound:CorrosiveSpit+1","Slimebound:GrowthPunch+1","Slimebound:Grow+1","Slimebound:ItLooksTasty+1","Slimebound:RejuvenatingLick","Slimebound:LivingWall","Regret","Slimebound:QuickStudy","Slimebound:PrepareCrush+1","Slimebound:Teamwork","Slimebound:DivideAndConquer","Slimebound:ServeAndProtect+1","Slimebound:Tackle+1","Slimebound:Tackle+1","Slimebound:Tackle+1","Slimebound:ComboTackle+1"],"relics":["Slimebound:AbsorbEndCombat","Bag of Preparation","Pear","Bronze Scales","Philosopher\u0027s Stone","Ancient Tea Set"],"potions_floor_usage":[20,23,23,23],"damage_taken":[{"damage":8,"enemies":"Cultist","floor":1,"turns":3},{"damage":10,"enemies":"Jaw Worm","floor":2,"turns":3},{"damage":6,"enemies":"2 Louse","floor":3,"turns":3},{"damage":10,"enemies":"2 Fungi Beasts","floor":4,"turns":4},{"damage":8,"enemies":"Lots of Slimes","floor":7,"turns":4},{"damage":8,"enemies":"Exordium Wildlife","floor":11,"turns":3},{"damage":7,"enemies":"Blue Slaver","floor":13,"turns":3},{"damage":27,"enemies":"3 Sentries","floor":14,"turns":5},{"damage":32,"enemies":"Slime Boss","floor":16,"turns":8},{"damage":32,"enemies":"2 Thieves","floor":18,"turns":3},{"damage":28,"enemies":"3 Byrds","floor":20,"turns":2},{"damage":20,"enemies":"Snake Plant","floor":22,"turns":2},{"damage":57,"enemies":"Slavers","floor":23,"turns":4},{"damage":39,"enemies":"Cultist and Chosen","floor":24,"turns":5}],"seed_played":"2955355885454926414","potions_obtained":[{"floor":4,"key":"Strength Potion"},{"floor":7,"key":"Poison Potion"},{"floor":14,"key":"Swift Potion"},{"floor":16,"key":"LiquidBronze"},{"floor":20,"key":"SteroidPotion"}],"is_trial":false,"path_per_floor":["M","M","M","M","?","R","M","$","T","?","M","R","M","E","R","B",null,"M","?","M","?","M","E","M"],"character_chosen":"SLIMEBOUND","items_purchased":["Slimebound:LivingWall"],"campfire_rested":0,"item_purchase_floors":[8],"current_hp_per_floor":[77,77,77,77,62,62,60,60,60,70,76,76,80,70,70,67,87,64,64,50,50,47,19,0],"gold":319,"neow_bonus":"TEN_PERCENT_HP_BONUS","is_prod":false,"is_daily":false,"chose_seed":false,"campfire_upgraded":3,"win_rate":0.0,"timestamp":1563677539,"path_taken":["M","M","M","M","?","R","M","$","T","?","M","R","M","E","R","BOSS","M","?","M","?","M","E","M"],"build_version":"2019-07-17","purchased_purges":1,"victory":false,"max_hp_per_floor":[77,77,77,77,77,77,77,77,77,87,87,87,87,87,87,87,87,87,87,87,87,87,87,87],"card_choices":[{"not_picked":["Slimebound:ServeAndProtect","Slimebound:FirmFortitude"],"picked":"Slimebound:GrowthPunch","floor":1},{"not_picked":["Slimebound:LeechingTouch","Slimebound:ComboTackle"],"picked":"Slimebound:Grow","floor":2},{"not_picked":["Slimebound:VenomTackle","Slimebound:LeechEnergy","Slimebound:SpikyOuterGoop"],"picked":"SKIP","floor":3},{"not_picked":["Slimebound:SplitLeeching","Slimebound:BestDefense"],"picked":"Slimebound:ItLooksTasty","floor":4},{"not_picked":["Slimebound:ComboTackle","Slimebound:ItLooksTasty"],"picked":"Slimebound:RejuvenatingLick","floor":7},{"not_picked":["Slimebound:Lick","Slimebound:SplitMire","Slimebound:RejuvenatingLick"],"picked":"SKIP","floor":11},{"not_picked":["Slimebound:RejuvenatingLick","Slimebound:TendrilStrike"],"picked":"Slimebound:QuickStudy","floor":13},{"not_picked":["Slimebound:ProtectTheBoss","Slimebound:GoopSpray"],"picked":"Slimebound:PrepareCrush","floor":14},{"not_picked":["Slimebound:AcidTongue","Slimebound:DouseInSlime"],"picked":"Slimebound:Teamwork","floor":16},{"not_picked":["Slimebound:SplitBruiser","Slimebound:FlameTackle"],"picked":"Slimebound:DivideAndConquer","floor":18},{"not_picked":["Slimebound:LevelUp","Slimebound:FirmFortitude"],"picked":"Slimebound:ServeAndProtect+1","floor":20},{"not_picked":["Slimebound:FinishingTackle","Slimebound:SplitBruiser"],"picked":"Slimebound:ComboTackle+1","floor":22},{"not_picked":["Slimebound:LivingWall","Slimebound:PrepareCrush","Slimebound:ServeAndProtect"],"picked":"SKIP","floor":23}],"player_experience":75995,"relics_obtained":[{"floor":9,"key":"Bag of Preparation"},{"floor":14,"key":"Bronze Scales"},{"floor":23,"key":"Ancient Tea Set"}],"event_choices":[{"damage_healed":0,"gold_gain":0,"player_choice":"Entered Light","damage_taken":15,"max_hp_gain":0,"max_hp_loss":0,"event_name":"Shining Light","floor":5,"gold_loss":0,"cards_upgraded":["Slimebound:ItLooksTasty","Slimebound:Grow"]},{"damage_healed":0,"gold_gain":0,"player_choice":"Box","damage_taken":0,"relics_obtained":["Pear"],"max_hp_gain":0,"max_hp_loss":0,"event_name":"Big Fish","floor":10,"gold_loss":0,"cards_obtained":["Regret"]},{"damage_healed":0,"gold_gain":0,"player_choice":"Ignored","damage_taken":0,"max_hp_gain":0,"max_hp_loss":0,"event_name":"Vampires","floor":19,"gold_loss":0}],"is_beta":false,"boss_relics":[{"not_picked":["Lizard Tail","Runic Dome"],"picked":"Philosopher\u0027s Stone"}],"items_purged_floors":[8],"is_endless":false,"potions_floor_spawned":[4,7,14,16,18,20,22],"killed_by":"Cultist and Chosen","ascension_level":0}