{"gold_per_floor":[114,125,50,69,69,69,87,87,159,159,188,188,218,229,229,326,326,337,252,272,197,197,197,215,215,215,243,243,276,48,63,63,160,160,175,175,275,275,288,288,319,319,345,174,187,202,202,221,221,221,221,221,46,77,77],"floor_reached":55,"playtime":4434,"items_purged":["Normality","Parasite","Strike_R"],"score":768,"play_id":"e0b7dcad-5f0c-4778-bb70-fbad33236a31","local_time":"20190715193727","is_ascension_mode":false,"campfire_choices":[{"data":"Bash","floor":6,"key":"SMITH"},{"data":"Inflame","floor":8,"key":"SMITH"},{"data":"Hemokinesis","floor":10,"key":"SMITH"},{"data":"Shockwave","floor":15,"key":"SMITH"},{"floor":23,"key":"RECALL"},{"floor":25,"key":"REST"},{"floor":32,"key":"REST"},{"floor":40,"key":"REST"},{"floor":49,"key":"REST"},{"floor":52,"key":"REST"}],"neow_cost":"CURSE","seed_source_timestamp":27921475438061,"circlet_count":0,"master_deck":["Strike_R","Strike_R+1","Strike_R+1","Defend_R","Defend_R","Defend_R","Defend_R","Bash+1","Hemokinesis+1","Shockwave+1","Battle Trance","Inflame+1","Fiend Fire","Pommel Strike","Reaper","Heavy Blade+1","Armaments","Flame Barrier","Demon Form","Armaments+1","Clothesline","Burning Pact","Exhume","Shockwave+1","Feel No Pain","Disarm"],"relics":["Burning Blood","Singing Bowl","Bag of Preparation","Art of War","Fusion Hammer","Orichalcum","Question Card","Oddly Smooth Stone","Ornamental Fan","Pen Nib","Cursed Key","Gambling Chip","Mercury Hourglass","Whetstone","Bottled Lightning"],"potions_floor_usage":[16,16,27,45,54,55,55,55],"damage_taken":[{"damage":1,"enemies":"Cultist","floor":1,"turns":3},{"damage":3,"enemies":"2 Louse","floor":2,"turns":2},{"damage":9,"enemies":"Jaw Worm","floor":4,"turns":5},{"damage":6,"enemies":"2 Fungi Beasts","floor":7,"turns":4},{"damage":14,"enemies":"Gremlin Nob","floor":11,"turns":3},{"damage":21,"enemies":"3 Sentries","floor":13,"turns":5},{"damage":0,"enemies":"Blue Slaver","floor":14,"turns":1},{"damage":32,"enemies":"Hexaghost","floor":16,"turns":8},{"damage":32,"enemies":"3 Byrds","floor":18,"turns":6},{"damage":0,"enemies":"Spheric Guardian","floor":20,"turns":1},{"damage":29,"enemies":"Centurion and Healer","floor":24,"turns":5},{"damage":21,"enemies":"Gremlin Leader","floor":27,"turns":7},{"damage":35,"enemies":"Book of Stabbing","floor":29,"turns":5},{"damage":14,"enemies":"3 Cultists","floor":31,"turns":5},{"damage":80,"enemies":"Automaton","floor":33,"turns":11},{"damage":17,"enemies":"Orb Walker","floor":35,"turns":5},{"damage":0,"enemies":"Mind Bloom Boss Battle","floor":37,"turns":5},{"damage":6,"enemies":"3 Darklings","floor":39,"turns":3},{"damage":6,"enemies":"Nemesis","floor":41,"turns":5},{"damage":16,"enemies":"4 Shapes","floor":45,"turns":5},{"damage":17,"enemies":"Jaw Worm Horde","floor":46,"turns":3},{"damage":29,"enemies":"Spire Growth","floor":48,"turns":5},{"damage":52,"enemies":"Time Eater","floor":50,"turns":7},{"damage":84,"enemies":"Shield and Spear","floor":54,"turns":8},{"damage":36,"enemies":"The Heart","floor":55,"turns":2}],"seed_played":"6747017647156154533","potions_obtained":[{"floor":1,"key":"Explosive Potion"},{"floor":4,"key":"SpeedPotion"},{"floor":13,"key":"PowerPotion"},{"floor":16,"key":"Poison Potion"},{"floor":24,"key":"Dexterity Potion"},{"floor":35,"key":"Swift Potion"},{"floor":39,"key":"AttackPotion"},{"floor":54,"key":"Fire Potion"}],"is_trial":false,"path_per_floor":["M","M","$","M","?","R","M","R","T","R","E","?","E","M","R","B",null,"M","?","M","?","T","R","M","R","T","E","?","E","$","M","R","B",null,"M","$","?","?","M","R","E","$","T","$","M","M","?","M","R","B",null,"R","$","E","B"],"character_chosen":"IRONCLAD","items_purchased":["Metallicize","Pen Nib","Exhume","Block Potion"],"campfire_rested":5,"item_purchase_floors":[30,30,44,53],"current_hp_per_floor":[96,96,96,93,93,93,93,93,93,93,85,85,72,78,78,52,98,84,84,92,92,92,92,69,99,99,98,77,50,50,54,86,22,109,100,100,106,106,106,111,111,111,111,108,108,97,108,87,110,79,110,110,110,32,0],"gold":77,"neow_bonus":"TWENTY_PERCENT_HP_BONUS","is_prod":false,"is_daily":false,"chose_seed":false,"campfire_upgraded":4,"win_rate":0,"timestamp":1563212247,"path_taken":["M","M","$","M","?","R","M","R","T","R","E","?","E","M","R","BOSS","M","?","M","?","?","R","M","R","T","E","?","E","$","M","R","BOSS","M","$","?","?","M","R","E","$","T","$","M","M","?","M","R","BOSS","R","$","E","BOSS"],"build_version":"2019-07-05","purchased_purges":3,"victory":false,"max_hp_per_floor":[96,96,96,96,96,96,96,96,96,96,96,96,98,98,98,98,98,100,100,102,102,102,102,102,102,102,102,107,109,109,109,109,109,109,111,111,111,111,111,111,111,111,111,108,108,108,108,110,110,110,110,110,110,110,110],"card_choices":[{"not_picked":["Perfected Strike","Wild Strike"],"picked":"Hemokinesis","floor":1},{"not_picked":["Armaments","Seeing Red"],"picked":"Shockwave","floor":2},{"not_picked":["Body Slam","Intimidate"],"picked":"Battle Trance","floor":4},{"not_picked":["Headbutt","Battle Trance"],"picked":"Inflame","floor":7},{"not_picked":["Hemokinesis","Warcry"],"picked":"Fiend Fire","floor":11},{"not_picked":["Metallicize","Heavy Blade","Fiend Fire"],"picked":"Singing Bowl","floor":13},{"not_picked":["Body Slam","Wild Strike"],"picked":"Pommel Strike","floor":14},{"not_picked":["Offering","Exhume"],"picked":"Reaper","floor":16},{"not_picked":["Wild Strike","Flex+1","Warcry"],"picked":"Singing Bowl","floor":18},{"not_picked":["Perfected Strike","Cleave","Reckless Charge"],"picked":"Singing Bowl","floor":20},{"not_picked":["Feel No Pain","Seeing Red","Combust"],"picked":"Heavy Blade+1","floor":24},{"not_picked":["Headbutt","Twin Strike","Juggernaut"],"picked":"Armaments","floor":27},{"not_picked":["Anger","Rampage","Heavy Blade","Whirlwind+1"],"picked":"Singing Bowl","floor":29},{"not_picked":["Heavy Blade","True Grit+1","Burning Pact"],"picked":"Flame Barrier","floor":31},{"not_picked":["Exhume","Brutality","Double Tap"],"picked":"Demon Form","floor":33},{"not_picked":["Sentinel","Entrench+1","Dual Wield","Armaments"],"picked":"Singing Bowl","floor":35},{"not_picked":["Clash","Pummel","Searing Blow"],"picked":"Armaments+1","floor":37},{"not_picked":["Body Slam+1","Headbutt","Sentinel"],"picked":"Clothesline","floor":39},{"not_picked":["Infernal Blade+1","Second Wind+1","Spot Weakness+1"],"picked":"Burning Pact","floor":41},{"not_picked":["Clash","Headbutt","Combust+1"],"picked":"Shockwave+1","floor":45},{"not_picked":["True Grit","Rampage+1","Cleave"],"picked":"Feel No Pain","floor":46},{"not_picked":["Shockwave","Double Tap","Pommel Strike+1","Reckless Charge+1"],"picked":"Singing Bowl","floor":48},{"not_picked":["Uppercut","Heavy Blade","Perfected Strike"],"picked":"Disarm","floor":54}],"player_experience":489373,"relics_obtained":[{"floor":9,"key":"Singing Bowl"},{"floor":11,"key":"Bag of Preparation"},{"floor":13,"key":"Art of War"},{"floor":22,"key":"Question Card"},{"floor":27,"key":"Oddly Smooth Stone"},{"floor":29,"key":"Ornamental Fan"},{"floor":37,"key":"Gambling Chip"},{"floor":41,"key":"Mercury Hourglass"},{"floor":43,"key":"Whetstone"},{"floor":54,"key":"Bottled Lightning"}],"event_choices":[{"damage_healed":0,"gold_gain":0,"player_choice":"Ignored","damage_taken":0,"max_hp_gain":0,"max_hp_loss":0,"event_name":"Liars Game","floor":5,"gold_loss":0},{"damage_healed":0,"gold_gain":0,"player_choice":"Ignored","damage_taken":0,"max_hp_gain":0,"max_hp_loss":0,"event_name":"Golden Idol","floor":12,"gold_loss":0},{"damage_healed":0,"gold_gain":0,"player_choice":"Obtained Relic","damage_taken":0,"relics_obtained":["Orichalcum"],"max_hp_gain":0,"max_hp_loss":0,"event_name":"Addict","floor":19,"gold_loss":85},{"cards_removed":["Strike_R"],"damage_healed":0,"gold_gain":0,"player_choice":"Gave Gold","damage_taken":0,"max_hp_gain":0,"max_hp_loss":0,"event_name":"Beggar","floor":21,"gold_loss":75},{"damage_healed":0,"gold_gain":0,"player_choice":"Shed Blood","damage_taken":26,"max_hp_gain":5,"max_hp_loss":0,"event_name":"Forgotten Altar","floor":28,"gold_loss":0},{"damage_healed":0,"gold_gain":0,"player_choice":"Fight","damage_taken":0,"max_hp_gain":0,"max_hp_loss":0,"event_name":"MindBloom","floor":37,"gold_loss":0},{"cards_removed":["Metallicize"],"damage_healed":0,"gold_gain":0,"player_choice":"Removed Power","damage_taken":0,"max_hp_gain":0,"max_hp_loss":0,"event_name":"Falling","floor":38,"gold_loss":0},{"damage_healed":11,"gold_gain":0,"player_choice":"Full Heal","damage_taken":0,"max_hp_gain":0,"max_hp_loss":0,"event_name":"Wheel of Change","floor":47,"gold_loss":0}],"is_beta":false,"boss_relics":[{"not_picked":["Eternal Feather","Mark of Pain"],"picked":"Fusion Hammer"},{"not_picked":["Coffee Dripper","Runic Cube"],"picked":"Cursed Key"}],"items_purged_floors":[3,44,53],"is_endless":false,"potions_floor_spawned":[1,4,13,16,24,35,37,39,41,54],"killed_by":"The Heart","ascension_level":0}