{"gold_per_floor":[112,132,307,307,322,322,71,96,96,96,110,75,86,146,146,146],"floor_reached":16,"playtime":390,"items_purged":["Doubt"],"score":125,"play_id":"a6cf145d-bfba-42e7-b43f-ba749a376267","local_time":"20190203222423","is_ascension_mode":true,"campfire_choices":[{"data":"Iron Wave","floor":6,"key":"SMITH"},{"data":"Armaments","floor":10,"key":"SMITH"},{"data":"Juggernaut","floor":15,"key":"SMITH"}],"neow_cost":"NONE","seed_source_timestamp":36311687601904,"circlet_count":0,"master_deck":["Strike_R","Strike_R","Strike_R","Strike_R","Strike_R","Defend_R","Defend_R","Defend_R","Defend_R","Bash","Flex","Iron Wave+1","Armaments+1","Juggernaut+1","Shrug It Off+1","Inflame","Body Slam"],"relics":["Burning Blood","Toxic Egg 2","Darkstone Periapt","Tiny Chest"],"potions_floor_usage":[],"damage_taken":[{"damage":0,"enemies":"Small Slimes","floor":1,"turns":4},{"damage":3,"enemies":"Jaw Worm","floor":2,"turns":4},{"damage":5,"enemies":"2 Louse","floor":5,"turns":3},{"damage":30,"enemies":"3 Sentries","floor":8,"turns":9},{"damage":13,"enemies":"Blue Slaver","floor":11,"turns":4},{"damage":20,"enemies":"3 Louse","floor":13,"turns":5},{"damage":40,"enemies":"Hexaghost","floor":16,"turns":11}],"seed_played":"-717704747521270922","potions_obtained":[{"floor":2,"key":"Dexterity Potion"},{"floor":13,"key":"FearPotion"}],"is_trial":false,"path_per_floor":["M","M","?","?","M","R","$","E","T","R","M","$","M","?","R","B"],"character_chosen":"IRONCLAD","items_purchased":["Armaments","Juggernaut","Inflame"],"campfire_rested":0,"item_purchase_floors":[7,7,12],"current_hp_per_floor":[80,80,80,85,85,85,85,61,61,61,54,54,40,40,40,0],"gold":146,"neow_bonus":"THREE_CARDS","is_prod":false,"is_daily":false,"chose_seed":false,"campfire_upgraded":3,"win_rate":0,"timestamp":1549221863,"path_taken":["M","M","?","?","M","R","$","E","T","R","M","$","M","?","R","BOSS"],"build_version":"2019-01-23","purchased_purges":1,"victory":false,"max_hp_per_floor":[80,80,80,85,85,85,85,85,85,85,85,85,85,85,85,85],"card_choices":[{"not_picked":["Clash","Heavy Blade"],"picked":"Flex","floor":0},{"not_picked":["Headbutt","Warcry"],"picked":"Iron Wave","floor":1},{"not_picked":["Heavy Blade","Body Slam","Anger"],"picked":"SKIP","floor":2},{"not_picked":["Havoc","Carnage","Warcry"],"picked":"SKIP","floor":5},{"not_picked":["Whirlwind","Iron Wave"],"picked":"Shrug It Off","floor":8},{"not_picked":["Havoc+1","Second Wind+1","Reckless Charge"],"picked":"SKIP","floor":11},{"not_picked":["Pommel Strike","Evolve"],"picked":"Body Slam","floor":13}],"player_experience":742920,"relics_obtained":[{"floor":8,"key":"Toxic Egg 2"},{"floor":9,"key":"Darkstone Periapt"}],"event_choices":[{"damage_healed":0,"gold_gain":175,"player_choice":"AGREE","damage_taken":0,"max_hp_gain":0,"max_hp_loss":0,"event_name":"Liars Game","floor":3,"gold_loss":0,"cards_obtained":["Doubt"]},{"damage_healed":0,"gold_gain":0,"player_choice":"Donut","damage_taken":0,"max_hp_gain":5,"max_hp_loss":0,"event_name":"Big Fish","floor":4,"gold_loss":0},{"damage_healed":0,"gold_gain":30,"player_choice":"Searched \u00272\u0027 times","damage_taken":0,"relics_obtained":["Tiny Chest"],"max_hp_gain":0,"max_hp_loss":0,"event_name":"Dead Adventurer","floor":14,"gold_loss":0}],"is_beta":false,"boss_relics":[],"items_purged_floors":[7],"is_endless":false,"potions_floor_spawned":[2,13],"killed_by":"Hexaghost","ascension_level":5}