{"gold_per_floor":[114,114,67,85,85,140,140,173,197,197,197,212,231,251,251,353,353,371,384,384,384,404,437,437,59,140,140,140,165,165,195,195,298,298,314,325,325,337,437,464,464,479,504,534,32,66,66,0,0,0,0,0,0,30,30],"floor_reached":56,"playtime":1989,"items_purged":["Strike_G","Strike_G"],"score":1574,"play_id":"a0e9e375-37db-48be-93a5-5a440238a0a7","local_time":"20190513163502","is_ascension_mode":false,"campfire_choices":[{"data":"Backstab","floor":7.0,"key":"SMITH"},{"data":"Poisoned Stab","floor":11.0,"key":"SMITH"},{"data":"Deadly Poison","floor":15.0,"key":"SMITH"},{"floor":24,"key":"REST"},{"floor":30,"key":"REST"},{"data":"Well Laid Plans","floor":32,"key":"SMITH"},{"data":"Burst","floor":41,"key":"SMITH"},{"floor":49,"key":"RECALL"},{"data":"Catalyst","floor":52,"key":"SMITH"}],"neow_cost":"NONE","seed_source_timestamp":5219425559422,"circlet_count":0,"master_deck":["Defend_G","Defend_G+1","Defend_G","Defend_G","Defend_G","Strike_G","Survivor+1","Neutralize+1","Flying Knee","Poisoned Stab+1","Leg Sweep","Backstab+1","PiercingWail+1","Deadly Poison+1","Bane","Quick Slash","A Thousand Cuts","Escape Plan+1","Bouncing Flask","Burst+1","Well Laid Plans+1","Catalyst+1","Predator+1","Corpse Explosion","Finisher+1"],"special_seed":0,"relics":["Ring of the Snake","NeowsBlessing","Tiny Chest","Juzu Bracelet","Happy Flower","Vajra","Sozu","Molten Egg 2","War Paint","Snake Skull","The Courier","Singing Bowl","Ice Cream","Busted Crown","PreservedInsect","Thread and Needle","Question Card","Gambling Chip","Paper Crane","Strange Spoon","Meat on the Bone","Red Mask","Bottled Lightning"],"potions_floor_usage":[55,55,55],"damage_taken":[{"damage":0.0,"enemies":"Small Slimes","floor":1.0,"turns":1.0},{"damage":0.0,"enemies":"Cultist","floor":4.0,"turns":1.0},{"damage":0.0,"enemies":"3 Sentries","floor":6.0,"turns":1.0},{"damage":5.0,"enemies":"Lagavulin","floor":8.0,"turns":5.0},{"damage":1.0,"enemies":"Jaw Worm","floor":12.0,"turns":2.0},{"damage":0.0,"enemies":"Exordium Wildlife","floor":13.0,"turns":4.0},{"damage":7.0,"enemies":"Blue Slaver","floor":14.0,"turns":3.0},{"damage":9.0,"enemies":"The Guardian","floor":16.0,"turns":9.0},{"damage":4.0,"enemies":"2 Thieves","floor":18.0,"turns":5.0},{"damage":10.0,"enemies":"Spheric Guardian","floor":19.0,"turns":5.0},{"damage":0.0,"enemies":"Chosen and Byrds","floor":22.0,"turns":4.0},{"damage":30.0,"enemies":"Slavers","floor":23.0,"turns":6.0},{"damage":0,"enemies":"Book of Stabbing","floor":29,"turns":4},{"damage":25,"enemies":"Gremlin Leader","floor":31,"turns":7},{"damage":26,"enemies":"Collector","floor":33,"turns":7},{"damage":9,"enemies":"3 Darklings","floor":35,"turns":3},{"damage":2,"enemies":"3 Shapes","floor":36,"turns":4},{"damage":1,"enemies":"Transient","floor":38,"turns":5},{"damage":0,"enemies":"Mind Bloom Boss Battle","floor":39,"turns":3},{"damage":0,"enemies":"Reptomancer","floor":40,"turns":4},{"damage":0,"enemies":"Jaw Worm Horde","floor":42,"turns":3},{"damage":0,"enemies":"Nemesis","floor":44,"turns":5},{"damage":0,"enemies":"Reptomancer","floor":46,"turns":3},{"damage":66,"enemies":"Time Eater","floor":50,"turns":10},{"damage":0,"enemies":"Shield and Spear","floor":54,"turns":2},{"damage":89,"enemies":"The Heart","floor":55,"turns":8}],"seed_played":"-2722784286681031633","potions_obtained":[{"floor":2.0,"key":"Strength Potion"},{"floor":2.0,"key":"Weak Potion"},{"floor":2.0,"key":"AttackPotion"},{"floor":12.0,"key":"LiquidBronze"}],"is_trial":false,"path_per_floor":["M","?","$","M","?","E","R","E","T","T","R","M","M","M","R","B",null,"M","M","?","T","M","E","R","$","T","?","?","E","R","E","R","B",null,"M","M","T","M","?","E","R","M","T","E","$","E","?","?","R","B",null,"R","$","E","B",null],"character_chosen":"THE_SILENT","items_purchased":["Poisoned Stab","Well Laid Plans","Catalyst","Snake Skull","Paper Crane","Strange Spoon","Finisher+1"],"campfire_rested":2,"item_purchase_floors":[3,25,25,25,45,45,45],"current_hp_per_floor":[70,70,70,70,56,56,56,51,51,51,51,50,50,43,43,34,70,66,56,43,43,43,13,35,35,35,35,35,37,60,35,35,9,77,70,70,70,71,73,75,75,77,77,79,79,81,81,81,81,27,88,88,88,90,13],"gold":30,"neow_bonus":"THREE_ENEMY_KILL","is_prod":false,"is_daily":false,"chose_seed":false,"campfire_upgraded":6,"win_rate":0,"timestamp":1557754502,"path_taken":["M","?","?","?","?","E","R","E","T","?","R","M","M","M","R","BOSS","M","M","?","?","M","E","R","$","T","?","?","E","R","E","R","BOSS","M","M","?","M","?","E","R","M","T","E","$","E","?","?","R","BOSS","R","$","E","BOSS"],"build_version":"2019-01-23","purchased_purges":2,"victory":true,"max_hp_per_floor":[70,70,70,70,70,70,70,70,70,70,70,70,70,70,70,70,70,70,70,75,75,75,75,75,75,75,75,75,77,77,77,77,77,77,79,81,81,83,85,87,87,89,89,91,91,93,88,88,88,88,88,88,88,90,90],"card_choices":[{"not_picked":["Outmaneuver","Heel Hook"],"picked":"Flying Knee","floor":1.0},{"not_picked":["Outmaneuver","PiercingWail"],"picked":"Leg Sweep","floor":4.0},{"not_picked":["Cloak And Dagger","Flying Knee"],"picked":"Backstab","floor":6.0},{"not_picked":["Outmaneuver","Calculated Gamble"],"picked":"PiercingWail","floor":8.0},{"not_picked":["Backstab","Bane"],"picked":"Deadly Poison","floor":12.0},{"not_picked":["Cloak And Dagger","Acrobatics"],"picked":"Bane","floor":13.0},{"not_picked":["All Out Attack","Distraction"],"picked":"Quick Slash","floor":14.0},{"not_picked":["Wraith Form v2","Doppelganger"],"picked":"A Thousand Cuts","floor":16.0},{"not_picked":["Dodge and Roll","Slice+1"],"picked":"Escape Plan+1","floor":18.0},{"not_picked":["Dagger Throw+1","Expertise"],"picked":"Bouncing Flask","floor":19.0},{"not_picked":["Bane+1","Dagger Throw+1","Outmaneuver+1"],"picked":"SKIP","floor":22.0},{"not_picked":["Terror","Dodge and Roll"],"picked":"Burst","floor":23},{"not_picked":["Unload+1","Blade Dance","PiercingWail"],"picked":"Singing Bowl","floor":29},{"not_picked":["Dagger Spray+1","Backstab+1"],"picked":"Predator+1","floor":31},{"not_picked":["Adrenaline","Tools of the Trade"],"picked":"Corpse Explosion","floor":33},{"not_picked":["Flying Knee+1"],"picked":"Singing Bowl","floor":35},{"not_picked":["Acrobatics+1"],"picked":"Singing Bowl","floor":36},{"not_picked":["Quick Slash+1"],"picked":"Singing Bowl","floor":38},{"not_picked":["Deflect+1"],"picked":"Singing Bowl","floor":39},{"not_picked":["Calculated Gamble"],"picked":"Singing Bowl","floor":40},{"not_picked":["Setup","Poisoned Stab+1"],"picked":"Singing Bowl","floor":42},{"not_picked":["Cloak And Dagger+1","Doppelganger"],"picked":"Singing Bowl","floor":44},{"not_picked":["Slice+1","Endless Agony+1"],"picked":"Singing Bowl","floor":46},{"not_picked":["Dagger Spray+1","Prepared+1"],"picked":"Singing Bowl","floor":54}],"player_experience":889150,"relics_obtained":[{"floor":6.0,"key":"Tiny Chest"},{"floor":8.0,"key":"Juzu Bracelet"},{"floor":9.0,"key":"Happy Flower"},{"floor":10.0,"key":"Vajra"},{"floor":21.0,"key":"Molten Egg 2"},{"floor":23,"key":"War Paint"},{"floor":26,"key":"The Courier"},{"floor":29,"key":"Singing Bowl"},{"floor":31,"key":"Ice Cream"},{"floor":37,"key":"PreservedInsect"},{"floor":39,"key":"Thread and Needle"},{"floor":40,"key":"Question Card"},{"floor":44,"key":"Gambling Chip"},{"floor":46,"key":"Meat on the Bone"},{"floor":54,"key":"Bottled Lightning"}],"event_choices":[{"damage_healed":0.0,"max_hp_gain":0.0,"max_hp_loss":0.0,"gold_gain":0.0,"event_name":"Lab","player_choice":"Got Potions","floor":2.0,"gold_loss":0.0,"damage_taken":0.0},{"damage_healed":0.0,"max_hp_gain":0.0,"max_hp_loss":0.0,"gold_gain":0.0,"event_name":"Shining Light","player_choice":"Entered Light","floor":5.0,"gold_loss":0.0,"damage_taken":14.0,"cards_upgraded":["Defend_G","Neutralize"]},{"damage_healed":0.0,"max_hp_gain":5.0,"max_hp_loss":0.0,"gold_gain":0.0,"event_name":"Forgotten Altar","player_choice":"Shed Blood","floor":20.0,"gold_loss":0.0,"damage_taken":18.0},{"cards_removed":["Strike_G"],"damage_healed":0,"gold_gain":0,"player_choice":"Purged","damage_taken":0,"max_hp_gain":0,"max_hp_loss":0,"event_name":"Purifier","floor":27,"gold_loss":0},{"cards_removed":["Strike_G"],"damage_healed":0,"gold_gain":0,"player_choice":"Offered Basic","damage_taken":0,"max_hp_gain":0,"max_hp_loss":0,"event_name":"Bonfire Elementals","floor":28,"gold_loss":0},{"damage_healed":0,"gold_gain":0,"player_choice":"Fight","damage_taken":0,"max_hp_gain":0,"max_hp_loss":0,"event_name":"MindBloom","floor":39,"gold_loss":0},{"damage_healed":0,"gold_gain":0,"player_choice":"Max HP","damage_taken":0,"max_hp_gain":0,"max_hp_loss":5,"event_name":"Winding Halls","floor":47,"gold_loss":0},{"damage_healed":0,"gold_gain":0,"player_choice":"Paid","damage_taken":0,"relics_obtained":["Red Mask"],"max_hp_gain":0,"max_hp_loss":0,"event_name":"Tomb of Lord Red Mask","floor":48,"gold_loss":66}],"is_beta":false,"boss_relics":[{"not_picked":["Orrery","Empty Cage"],"picked":"Sozu"},{"not_picked":["Cursed Key","White Beast Statue"],"picked":"Busted Crown"}],"items_purged_floors":[25,45],"is_endless":false,"potions_floor_spawned":[6,12,13,14,19,23,31,36,40,46],"ascension_level":0}