{"gold_per_floor":[109,125,125,141,153,153,179,179,204,217,246,196,196,271,271,343,343,343,343,343,343],"floor_reached":21,"playtime":622,"items_purged":["Strike_R"],"score":382,"play_id":"a7876055-aa2b-4374-99be-2161f53b65b4","local_time":"20190731205300","is_ascension_mode":true,"campfire_choices":[{"data":"Bash","floor":6,"key":"SMITH"},{"data":"Cleave","floor":8,"key":"SMITH"},{"floor":13,"key":"REST"},{"floor":15,"key":"REST"}],"neow_cost":"NONE","seed_source_timestamp":19816258666647,"circlet_count":0,"master_deck":["AscendersBane","Strike_R","Strike_R","Strike_R","Strike_R","Defend_R","Defend_R","Defend_R","Defend_R","Bash+1","Uppercut+1","Battle Trance","Cleave+1","Berserk","Inflame","Warcry"],"relics":["Burning Blood","NeowsBlessing","Smiling Mask","Omamori","Vajra","Ectoplasm"],"potions_floor_usage":[11,16,21],"damage_taken":[{"damage":0,"enemies":"Cultist","floor":1,"turns":1},{"damage":0,"enemies":"2 Louse","floor":2,"turns":1},{"damage":0,"enemies":"Small Slimes","floor":4,"turns":2},{"damage":13,"enemies":"Blue Slaver","floor":5,"turns":4},{"damage":27,"enemies":"Gremlin Nob","floor":7,"turns":4},{"damage":4,"enemies":"3 Louse","floor":10,"turns":3},{"damage":40,"enemies":"3 Sentries","floor":11,"turns":7},{"damage":46,"enemies":"The Guardian","floor":16,"turns":14},{"damage":15,"enemies":"3 Byrds","floor":18,"turns":5},{"damage":27,"enemies":"Shell Parasite","floor":19,"turns":5},{"damage":15,"enemies":"Snecko","floor":20,"turns":4},{"damage":43,"enemies":"Masked Bandits","floor":21,"turns":3}],"seed_played":"3880141617710079833","potions_obtained":[{"floor":1,"key":"FairyPotion"},{"floor":5,"key":"GamblersBrew"},{"floor":11,"key":"BloodPotion"},{"floor":16,"key":"Energy Potion"},{"floor":19,"key":"Regen Potion"}],"is_trial":false,"path_per_floor":["M","M","?","M","M","R","E","R","T","M","E","$","R","?","R","B",null,"M","M","M","?"],"character_chosen":"IRONCLAD","items_purchased":[],"campfire_rested":2,"item_purchase_floors":[],"current_hp_per_floor":[74,75,75,75,68,68,47,47,47,49,15,15,37,26,48,26,63,54,33,24,0],"gold":343,"neow_bonus":"THREE_ENEMY_KILL","is_prod":false,"is_daily":false,"chose_seed":false,"campfire_upgraded":2,"win_rate":0,"timestamp":1564595580,"path_taken":["M","?","?","?","M","R","E","R","T","M","E","$","R","?","R","BOSS","M","M","M","?"],"build_version":"2019-07-17","purchased_purges":1,"victory":false,"max_hp_per_floor":[75,75,75,75,75,75,75,75,75,75,75,75,75,75,75,75,75,75,75,75,75],"card_choices":[{"not_picked":["Hemokinesis","Anger"],"picked":"Uppercut","floor":1},{"not_picked":["Havoc","Wild Strike","Thunderclap"],"picked":"SKIP","floor":2},{"not_picked":["Thunderclap","Body Slam","Sever Soul"],"picked":"SKIP","floor":4},{"not_picked":["Blood for Blood","Clothesline"],"picked":"Battle Trance","floor":5},{"not_picked":["Burning Pact","Body Slam"],"picked":"Cleave","floor":7},{"not_picked":["Rage","Battle Trance","Second Wind"],"picked":"SKIP","floor":10},{"not_picked":["Pommel Strike","Wild Strike","Feel No Pain"],"picked":"SKIP","floor":11},{"not_picked":["Barricade","Bludgeon"],"picked":"Berserk","floor":16},{"not_picked":["Flex","Heavy Blade","Whirlwind"],"picked":"SKIP","floor":18},{"not_picked":["Second Wind+1","Twin Strike"],"picked":"Inflame","floor":19},{"not_picked":["Havoc+1","Perfected Strike"],"picked":"Warcry","floor":20}],"player_experience":1116289,"relics_obtained":[{"floor":7,"key":"Smiling Mask"},{"floor":9,"key":"Omamori"},{"floor":11,"key":"Vajra"}],"event_choices":[{"damage_healed":0,"gold_gain":0,"player_choice":"Upgraded","damage_taken":0,"max_hp_gain":0,"max_hp_loss":0,"event_name":"Upgrade Shrine","floor":3,"gold_loss":0,"cards_upgraded":["Uppercut"]},{"damage_healed":0,"gold_gain":75,"player_choice":"Gather Gold","damage_taken":11,"max_hp_gain":0,"max_hp_loss":0,"event_name":"World of Goop","floor":14,"gold_loss":0},{"damage_healed":0,"gold_gain":0,"player_choice":"Fought Bandits","damage_taken":0,"max_hp_gain":0,"max_hp_loss":0,"event_name":"Masked Bandits","floor":21,"gold_loss":0}],"is_beta":false,"boss_relics":[{"not_picked":["Cursed Key","Empty Cage"],"picked":"Ectoplasm"}],"items_purged_floors":[12],"is_endless":false,"potions_floor_spawned":[1,5,7,11,16,19,20],"killed_by":"Masked Bandits","ascension_level":20}