{"gold_per_floor":[368,385,400,95,110,110,136,136,163,238,238,269,287,287,287,392,392,407,2,52,70,177,210,210,242,318,333,27,58,58,108,108,208,208,220,286,302,56,72,100,100,127,151,201,217,237,262,292,304,316,328,340,48,77,77],"floor_reached":55,"playtime":2029,"items_purged":["Strike_R","Strike_R","Strike_R"],"score":839,"play_id":"ef601aab-01a4-4e78-aad4-e05f1f1598ae","local_time":"20190630181702","is_ascension_mode":true,"campfire_choices":[{"data":"Uppercut","floor":6.0,"key":"SMITH"},{"data":"Combust","floor":8.0,"key":"SMITH"},{"data":"Pommel Strike","floor":11.0,"key":"SMITH"},{"data":"Dropkick","floor":15.0,"key":"SMITH"},{"data":"Demon Form","floor":24.0,"key":"SMITH"},{"data":"True Grit","floor":30.0,"key":"SMITH"},{"data":"Flame Barrier","floor":32.0,"key":"SMITH"},{"floor":41.0,"key":"RECALL"},{"floor":49.0,"key":"REST"},{"data":"Apotheosis","floor":52.0,"key":"SMITH"}],"neow_cost":"TEN_PERCENT_HP_LOSS","seed_source_timestamp":12492306805963,"circlet_count":0,"master_deck":["Strike_R","Strike_R+1","Defend_R","Defend_R","Defend_R","Bash+1","Pommel Strike+1","Combust+1","Uppercut+1","Dropkick+1","Demon Form+1","Flame Barrier+1","Sword Boomerang","True Grit+1","Dash+1","Power Through+1","Shrug It Off","White Noise","Echo Form","Apotheosis+1","Shrug It Off","Finesse","Hologram+1","Burning Pact","Shrug It Off"],"special_seed":0,"relics":["Burning Blood","Oddly Smooth Stone","Whetstone","Lantern","Strawberry","SsserpentHead","Mark of Pain","PrismaticShard","Tiny Chest","Bag of Preparation","Bottled Tornado","Shuriken","Lee\u0027s Waffle","Dodecahedron","Busted Crown","Potion Belt","Sundial","MawBank","Orichalcum","Anchor"],"potions_floor_usage":[55,55,55,55],"damage_taken":[{"damage":2.0,"enemies":"2 Louse","floor":1.0,"turns":3.0},{"damage":6.0,"enemies":"Cultist","floor":2.0,"turns":3.0},{"damage":8.0,"enemies":"Jaw Worm","floor":3.0,"turns":5.0},{"damage":10.0,"enemies":"Exordium Wildlife","floor":5.0,"turns":4.0},{"damage":19.0,"enemies":"Gremlin Nob","floor":7.0,"turns":4.0},{"damage":17.0,"enemies":"Lagavulin","floor":12.0,"turns":5.0},{"damage":0.0,"enemies":"Looter","floor":13.0,"turns":3.0},{"damage":11.0,"enemies":"Slime Boss","floor":16.0,"turns":7.0},{"damage":20.0,"enemies":"Shell Parasite","floor":18.0,"turns":4.0},{"damage":23.0,"enemies":"Spheric Guardian","floor":21.0,"turns":4.0},{"damage":29.0,"enemies":"Book of Stabbing","floor":23.0,"turns":6.0},{"damage":30.0,"enemies":"Gremlin Leader","floor":25.0,"turns":4.0},{"damage":9.0,"enemies":"Centurion and Healer","floor":27.0,"turns":6.0},{"damage":6.0,"enemies":"Book of Stabbing","floor":29.0,"turns":6.0},{"damage":24.0,"enemies":"Champ","floor":33.0,"turns":8.0},{"damage":0.0,"enemies":"3 Shapes","floor":35.0,"turns":4.0},{"damage":0.0,"enemies":"Orb Walker","floor":36.0,"turns":4.0},{"damage":16.0,"enemies":"3 Darklings","floor":37.0,"turns":4.0},{"damage":10.0,"enemies":"Transient","floor":39.0,"turns":5.0},{"damage":18.0,"enemies":"Nemesis","floor":40.0,"turns":9.0},{"damage":31.0,"enemies":"Reptomancer","floor":42.0,"turns":7.0},{"damage":6.0,"enemies":"Maw","floor":45.0,"turns":7.0},{"damage":7.0,"enemies":"4 Shapes","floor":46.0,"turns":7.0},{"damage":1.0,"enemies":"Nemesis","floor":47.0,"turns":7.0},{"damage":1.0,"enemies":"3 Darklings","floor":48.0,"turns":6.0},{"damage":25.0,"enemies":"Awakened One","floor":50.0,"turns":11.0},{"damage":56,"enemies":"Shield and Spear","floor":54,"turns":6},{"damage":55,"enemies":"The Heart","floor":55,"turns":5}],"seed_played":"-5268543588532064476","potions_obtained":[{"floor":3.0,"key":"FairyPotion"},{"floor":7.0,"key":"Regen Potion"},{"floor":12.0,"key":"Block Potion"},{"floor":13.0,"key":"LiquidBronze"},{"floor":25.0,"key":"Strength Potion"},{"floor":27.0,"key":"GamblersBrew"},{"floor":37.0,"key":"LiquidBronze"},{"floor":45.0,"key":"SteroidPotion"}],"is_trial":false,"path_per_floor":["M","M","M","$","M","R","E","R","T","?","R","E","M","?","R","B",null,"M","$","?","M","T","E","R","E","T","M","$","E","R","?","R","B",null,"M","M","M","$","M","E","R","E","T","?","M","M","E","M","R","B",null,"R","$","E","B"],"character_chosen":"IRONCLAD","items_purchased":["Oddly Smooth Stone","Uppercut","PrismaticShard","Flame Barrier","Sword Boomerang","Lee\u0027s Waffle","Shrug It Off","Apotheosis","Shrug It Off","Burning Pact","Orichalcum","Shrug It Off","Weak Potion"],"campfire_rested":1,"item_purchase_floors":[4,4,19,19,19,28,28,38,38,53,53,53,53],"current_hp_per_floor":[72,72,70,70,66,66,53,53,53,42,42,38,44,44,44,39,79,65,65,65,48,48,25,25,13,13,10,86,86,86,86,86,68,86,86,86,76,76,72,60,60,35,35,25,25,24,29,34,59,40,86,86,86,36,0],"gold":77,"neow_bonus":"TWO_FIFTY_GOLD","is_prod":false,"is_daily":false,"chose_seed":false,"campfire_upgraded":8,"win_rate":0,"timestamp":1561907822,"path_taken":["M","M","M","$","M","R","E","R","T","?","R","E","M","?","R","BOSS","M","$","?","M","?","E","R","E","T","M","?","E","R","?","R","BOSS","M","?","M","$","M","E","R","E","T","?","M","M","E","M","R","BOSS","R","$","E","BOSS"],"build_version":"2019-01-23","purchased_purges":3,"victory":false,"max_hp_per_floor":[72,72,72,72,72,72,72,72,72,72,72,79,79,79,79,79,79,79,79,79,79,79,79,79,79,79,79,86,86,86,86,86,86,86,86,86,86,86,86,86,86,86,86,86,86,86,86,86,86,86,86,86,86,86,86],"card_choices":[{"not_picked":["Flex","Infernal Blade","Corruption"],"picked":"SKIP","floor":1.0},{"not_picked":["True Grit","Burning Pact"],"picked":"Pommel Strike","floor":2.0},{"not_picked":["Reckless Charge","Flex"],"picked":"Combust","floor":3.0},{"not_picked":["Cleave","Perfected Strike","Headbutt"],"picked":"SKIP","floor":5.0},{"not_picked":["Body Slam","Corruption","Hemokinesis"],"picked":"SKIP","floor":7.0},{"not_picked":["Iron Wave","Anger"],"picked":"Dropkick","floor":12.0},{"not_picked":["Sword Boomerang","Iron Wave","Fiend Fire"],"picked":"SKIP","floor":13.0},{"not_picked":["Fiend Fire","Offering"],"picked":"Demon Form","floor":16.0},{"not_picked":["Wild Strike","Iron Wave+1","Seeing Red"],"picked":"SKIP","floor":18.0},{"not_picked":["Blur+1","Compile Driver+1"],"picked":"Dash+1","floor":21.0},{"not_picked":["Lockon","Perfected Strike","Corruption+1"],"picked":"SKIP","floor":23.0},{"not_picked":["Outmaneuver","Headbutt"],"picked":"Power Through+1","floor":25.0},{"not_picked":["Heavy Blade","Leap","Beam Cell"],"picked":"SKIP","floor":27.0},{"not_picked":["A Thousand Cuts","Endless Agony"],"picked":"White Noise","floor":29.0},{"not_picked":["Venomology","Hyperbeam"],"picked":"Echo Form","floor":33.0},{"not_picked":["Distraction"],"picked":"SKIP","floor":35.0},{"not_picked":["Dagger Throw+1"],"picked":"SKIP","floor":36.0},{"not_picked":["True Grit"],"picked":"SKIP","floor":37.0},{"not_picked":["Havoc+1"],"picked":"SKIP","floor":39.0},{"not_picked":["Forethought+1"],"picked":"SKIP","floor":40.0},{"not_picked":["Fire Breathing+1"],"picked":"SKIP","floor":42.0},{"not_picked":[],"picked":"Finesse","floor":44.0},{"not_picked":["Underhanded Strike+1"],"picked":"SKIP","floor":45.0},{"not_picked":["Turbo+1"],"picked":"SKIP","floor":46.0},{"not_picked":["Anger+1"],"picked":"SKIP","floor":47.0},{"not_picked":[],"picked":"Hologram+1","floor":48.0},{"not_picked":["Sweeping Beam"],"picked":"SKIP","floor":54}],"player_experience":1026967,"relics_obtained":[{"floor":7.0,"key":"Whetstone"},{"floor":9.0,"key":"Lantern"},{"floor":12.0,"key":"Strawberry"},{"floor":22.0,"key":"Tiny Chest"},{"floor":23.0,"key":"Bag of Preparation"},{"floor":25.0,"key":"Bottled Tornado"},{"floor":26.0,"key":"Shuriken"},{"floor":29.0,"key":"Dodecahedron"},{"floor":40.0,"key":"Potion Belt"},{"floor":42.0,"key":"Sundial"},{"floor":47.0,"key":"MawBank"},{"floor":54,"key":"Anchor"}],"event_choices":[{"damage_healed":0.0,"max_hp_gain":0.0,"max_hp_loss":0.0,"gold_gain":75.0,"event_name":"World of Goop","player_choice":"Gather Gold","floor":10.0,"gold_loss":0.0,"damage_taken":11.0},{"damage_healed":0.0,"max_hp_gain":0.0,"max_hp_loss":0.0,"gold_gain":0.0,"event_name":"FaceTrader","player_choice":"Trade","floor":14.0,"gold_loss":0.0,"damage_taken":0.0,"relics_obtained":["SsserpentHead"]},{"damage_healed":0.0,"max_hp_gain":0.0,"max_hp_loss":0.0,"gold_gain":0.0,"event_name":"The Library","player_choice":"Read","floor":20.0,"gold_loss":0.0,"damage_taken":0.0,"cards_obtained":["True Grit"]},{"cards_removed":["Defend_R"],"damage_healed":0.0,"max_hp_gain":0.0,"max_hp_loss":0.0,"gold_gain":0.0,"event_name":"Purifier","player_choice":"Purged","floor":31.0,"gold_loss":0.0,"damage_taken":0.0},{"damage_healed":0.0,"max_hp_gain":0.0,"max_hp_loss":0.0,"gold_gain":0.0,"event_name":"SensoryStone","player_choice":"Memory 3","floor":44.0,"gold_loss":0.0,"damage_taken":10.0}],"is_beta":false,"boss_relics":[{"not_picked":["White Beast Statue","Orrery"],"picked":"Mark of Pain"},{"not_picked":["Philosopher\u0027s Stone","Velvet Choker"],"picked":"Busted Crown"}],"items_purged_floors":[4,19,28],"is_endless":false,"potions_floor_spawned":[3,7,12,13,21,25,27,35,37,45],"killed_by":"The Heart","ascension_level":1}