{"gold_per_floor":[113,40,60,39,50,50,50,81,108,128,128,18,193,218,218,344,344,359,359,359,384,405,481,481,396,423,466,466,481,481,515,515,515],"floor_reached":33,"playtime":5900,"items_purged":[],"score":308,"play_id":"edd1608a-2ccd-4d03-aebe-e5339517a911","local_time":"20190706011213","is_ascension_mode":false,"campfire_choices":[{"data":"Infinite Blades","floor":6.0,"key":"SMITH"},{"data":"Infinite Blades","floor":15,"key":"SMITH"},{"data":"Neutralize","floor":24,"key":"SMITH"},{"data":"Glass Knife","floor":30,"key":"SMITH"},{"data":"Prepared","floor":32,"key":"SMITH"}],"neow_cost":"NONE","seed_source_timestamp":1138843873933,"circlet_count":0,"master_deck":["Defend_G","Defend_G","Defend_G","Defend_G","Defend_G","Survivor","Neutralize+1","Dagger Throw","Venomology+1","Dagger Throw","Infinite Blades+1","Glass Knife+1","Underhanded Strike","Infinite Blades+1","Escape Plan+1","Doubt","Dagger Throw","Venomology","Outmaneuver+1","Bite","Bite","Bite","Bite","Bite","Quick Slash+1","Deflect+1","Distraction","PiercingWail","Prepared+1"],"special_seed":0,"relics":["Ring of the Snake","Golden Idol","Centennial Puzzle","Orichalcum","Pear","Lizard Tail","Bottled Flame","Tingsha","War Paint","Happy Flower","Nloth\u0027s Gift","Ancient Tea Set"],"potions_floor_usage":[10,14,16,18,21,22,22,27,27,29,31,31,31,33,33],"damage_taken":[{"damage":2.0,"enemies":"Cultist","floor":1.0,"turns":4.0},{"damage":2.0,"enemies":"Small Slimes","floor":3.0,"turns":4.0},{"damage":1.0,"enemies":"Jaw Worm","floor":5.0,"turns":4.0},{"damage":14.0,"enemies":"3 Sentries","floor":8.0,"turns":9.0},{"damage":0,"enemies":"Blue Slaver","floor":10,"turns":3},{"damage":2,"enemies":"Large Slime","floor":14,"turns":6},{"damage":23,"enemies":"Hexaghost","floor":16,"turns":12},{"damage":3,"enemies":"3 Byrds","floor":18,"turns":5},{"damage":4,"enemies":"Shell Parasite","floor":21,"turns":6},{"damage":29,"enemies":"Snake Plant","floor":22,"turns":6},{"damage":42,"enemies":"Gremlin Leader","floor":27,"turns":9},{"damage":6,"enemies":"Cultist and Chosen","floor":29,"turns":8},{"damage":5,"enemies":"Book of Stabbing","floor":31,"turns":4},{"damage":82,"enemies":"Automaton","floor":33,"turns":10}],"seed_played":"4648138379495173390","potions_obtained":[{"floor":1.0,"key":"SkillPotion"},{"floor":8,"key":"Energy Potion"},{"floor":16,"key":"Weak Potion"},{"floor":27,"key":"Strength Potion"}],"is_trial":false,"path_per_floor":["M","$","M","?","M","R","?","E","T","M","?","$","?","M","R","B",null,"M","?","?","M","M","T","R","?","T","E","?","M","R","E","R","B"],"character_chosen":"THE_SILENT","items_purchased":["Venomology","Infinite Blades","Escape Plan"],"campfire_rested":0,"item_purchase_floors":[2,12,12],"current_hp_per_floor":[75,75,73,73,72,72,71,57,57,57,64,64,64,62,62,39,81,78,78,56,56,35,35,35,35,35,40,40,48,48,51,51,0],"gold":515,"neow_bonus":"TEN_PERCENT_HP_BONUS","is_prod":false,"is_daily":false,"chose_seed":false,"campfire_upgraded":5,"win_rate":0.0,"timestamp":1562389933,"path_taken":["M","$","M","?","M","R","?","E","T","M","?","?","?","M","R","BOSS","M","?","?","M","M","?","R","?","T","E","?","?","R","E","R","BOSS"],"build_version":"2019-07-05","purchased_purges":0,"victory":false,"max_hp_per_floor":[77,77,77,77,77,77,71,71,71,71,81,81,81,81,81,81,81,81,81,56,56,56,56,56,56,56,56,56,56,56,56,56,56],"card_choices":[{"not_picked":["Predator","Backflip"],"picked":"Dagger Throw","floor":1.0},{"not_picked":["Deflect","Flechettes"],"picked":"Dagger Throw","floor":3.0},{"not_picked":["Heel Hook","Caltrops"],"picked":"Infinite Blades","floor":5.0},{"not_picked":["Caltrops","PiercingWail"],"picked":"Glass Knife","floor":8},{"not_picked":["Sucker Punch","Calculated Gamble"],"picked":"Underhanded Strike","floor":10},{"not_picked":["PiercingWail","Deadly Poison"],"picked":"Dagger Throw","floor":14},{"not_picked":["Wraith Form v2","Glass Knife"],"picked":"Venomology","floor":16},{"not_picked":["Poisoned Stab","Escape Plan"],"picked":"Outmaneuver+1","floor":18},{"not_picked":["Noxious Fumes","Dagger Spray"],"picked":"Quick Slash+1","floor":21},{"not_picked":["Unload","Dodge and Roll+1"],"picked":"Deflect+1","floor":22},{"not_picked":["Eviscerate+1","Dagger Spray"],"picked":"Distraction","floor":27},{"not_picked":["Tactician","Dagger Throw+1"],"picked":"PiercingWail","floor":29},{"not_picked":["Distraction","Riddle With Holes"],"picked":"Prepared","floor":31}],"player_experience":4456,"relics_obtained":[{"floor":8,"key":"Centennial Puzzle"},{"floor":9,"key":"Orichalcum"},{"floor":23,"key":"Bottled Flame"},{"floor":26,"key":"War Paint"},{"floor":27,"key":"Happy Flower"},{"floor":31,"key":"Ancient Tea Set"}],"event_choices":[{"damage_healed":0.0,"max_hp_gain":0.0,"max_hp_loss":0.0,"gold_gain":0.0,"event_name":"World of Goop","player_choice":"Left Gold","floor":4.0,"gold_loss":21.0,"damage_taken":0.0},{"damage_healed":0.0,"max_hp_gain":0.0,"max_hp_loss":6.0,"gold_gain":0.0,"event_name":"Golden Idol","player_choice":"Lose Max HP","floor":7.0,"gold_loss":0.0,"damage_taken":0.0,"relics_obtained":["Golden Idol"]},{"damage_healed":0,"gold_gain":0,"player_choice":"Success","damage_taken":3,"relics_obtained":["Pear"],"max_hp_gain":0,"max_hp_loss":0,"event_name":"Scrap Ooze","floor":11,"gold_loss":0},{"damage_healed":0,"gold_gain":175,"player_choice":"AGREE","damage_taken":0,"max_hp_gain":0,"max_hp_loss":0,"event_name":"Liars Game","floor":13,"gold_loss":0,"cards_obtained":["Doubt"]},{"damage_healed":0,"gold_gain":0,"player_choice":"Opened","damage_taken":0,"relics_obtained":["Pantograph"],"max_hp_gain":0,"max_hp_loss":0,"event_name":"The Mausoleum","floor":19,"gold_loss":0},{"damage_healed":0,"gold_gain":0,"player_choice":"Became a vampire","damage_taken":0,"max_hp_gain":0,"max_hp_loss":25,"event_name":"Vampires","floor":20,"gold_loss":0,"cards_obtained":["Bite","Bite","Bite","Bite","Bite"]},{"damage_healed":0,"gold_gain":0,"player_choice":"Obtained Relic","damage_taken":0,"relics_obtained":["Tingsha"],"max_hp_gain":0,"max_hp_loss":0,"event_name":"Addict","floor":25,"gold_loss":85},{"damage_healed":0,"gold_gain":0,"player_choice":"Traded Relic","damage_taken":0,"relics_obtained":["Nloth\u0027s Gift"],"max_hp_gain":0,"max_hp_loss":0,"event_name":"N\u0027loth","floor":28,"relics_lost":["Pantograph"],"gold_loss":0}],"is_beta":false,"boss_relics":[{"not_picked":["Astrolabe","Ectoplasm"],"picked":"Lizard Tail"}],"items_purged_floors":[],"is_endless":false,"potions_floor_spawned":[1,8,16,21,27],"killed_by":"Automaton","ascension_level":0}