{"gold_per_floor":[115,135,145,163,124,153,153,153,179,192,192],"floor_reached":11,"playtime":853,"items_purged":[],"score":94,"play_id":"e5aa986b-cb1b-4fdb-bd52-1a4abd2dc52a","local_time":"20190605212359","is_ascension_mode":true,"campfire_choices":[{"data":"Creative AI","floor":8,"key":"SMITH"}],"neow_cost":"NONE","seed_source_timestamp":1395299740038500,"circlet_count":0,"master_deck":["Strike_B","Strike_B","Strike_B","Strike_B","Defend_B","Defend_B","Defend_B","Defend_B","Zap","Dualcast","Dramatic Entrance","Go for the Eyes","Sweeping Beam","Steam","Creative AI+1","Consume","Machine Learning","Capacitor"],"relics":["Cracked Core","Ancient Tea Set","Pen Nib"],"potions_floor_usage":[10,11],"damage_taken":[{"damage":6,"enemies":"Cultist","floor":1,"turns":3},{"damage":0,"enemies":"Small Slimes","floor":2,"turns":2},{"damage":1,"enemies":"2 Louse","floor":3,"turns":2},{"damage":18,"enemies":"Large Slime","floor":4,"turns":6},{"damage":46,"enemies":"3 Sentries","floor":6,"turns":7},{"damage":13,"enemies":"Red Slaver","floor":10,"turns":4},{"damage":30,"enemies":"Gremlin Nob","floor":11,"turns":3}],"seed_played":"-1614155521460883554","potions_obtained":[{"floor":3,"key":"FocusPotion"},{"floor":6,"key":"Weak Potion"}],"is_trial":false,"path_per_floor":["M","M","M","M","$","E","?","R","T","M","E"],"character_chosen":"DEFECT","items_purchased":["Consume"],"campfire_rested":0,"item_purchase_floors":[5],"current_hp_per_floor":[69,69,68,50,50,4,29,29,29,16,0],"gold":192,"neow_bonus":"RANDOM_COLORLESS","is_prod":false,"is_daily":false,"chose_seed":false,"campfire_upgraded":1,"win_rate":0,"timestamp":1559784239,"path_taken":["M","M","M","M","$","E","?","R","T","M","E"],"build_version":"2019-01-23","purchased_purges":0,"victory":false,"max_hp_per_floor":[75,75,75,75,75,75,75,75,75,75,75],"card_choices":[{"not_picked":["Hologram","Double Energy"],"picked":"Go for the Eyes","floor":1},{"not_picked":["Beam Cell","Coolheaded"],"picked":"Sweeping Beam","floor":2},{"not_picked":["Reprogram","Auto Shields"],"picked":"Steam","floor":3},{"not_picked":["Coolheaded","Beam Cell"],"picked":"Creative AI","floor":4},{"not_picked":["Conserve Battery","Redo"],"picked":"Machine Learning","floor":6},{"not_picked":["Melter","Hologram"],"picked":"Capacitor","floor":10}],"player_experience":421765,"relics_obtained":[{"floor":6,"key":"Ancient Tea Set"},{"floor":9,"key":"Pen Nib"}],"event_choices":[{"damage_healed":25,"gold_gain":0,"player_choice":"Banana","damage_taken":0,"max_hp_gain":0,"max_hp_loss":0,"event_name":"Big Fish","floor":7,"gold_loss":0}],"is_beta":false,"boss_relics":[],"items_purged_floors":[],"is_endless":false,"potions_floor_spawned":[3,6],"killed_by":"Gremlin Nob","ascension_level":5}