{"gold_per_floor":[210,230,305,580,141,141,168,188,188,214,234,261,273,290,290,390,390,404,77,77,89,89,116,116,142,168,184,184,184,200,229,229,325,325,335,136,149,200,200,200,227,227,227,256,271,271,271,282,282,282,282,282,21,46,46],"floor_reached":56,"playtime":2970,"items_purged":["Regret","Strike_G","Shame"],"score":1462,"play_id":"94abfd1e-a226-4602-9b71-ffc712fb3f44","local_time":"20190724210633","is_ascension_mode":true,"campfire_choices":[{"data":"Dash","floor":6.0,"key":"SMITH"},{"data":"Neutralize","floor":15.0,"key":"SMITH"},{"data":"Footwork","floor":24,"key":"SMITH"},{"data":"Well Laid Plans","floor":29,"key":"SMITH"},{"data":"Noxious Fumes","floor":32,"key":"SMITH"},{"data":"Footwork","floor":40,"key":"SMITH"},{"data":"Adrenaline","floor":42,"key":"SMITH"},{"data":"Footwork","floor":47,"key":"SMITH"},{"floor":49,"key":"RECALL"},{"data":"Footwork","floor":52,"key":"SMITH"}],"neow_cost":"NONE","seed_source_timestamp":10803369214664,"circlet_count":0,"master_deck":["Strike_G+1","Defend_G+1","Defend_G+1","Defend_G+1","Defend_G+1","Defend_G+1","Survivor","Neutralize+1","Poisoned Stab","Blur","Well Laid Plans+1","Dash+1","Die Die Die","Crippling Poison","Deflect","Bane","After Image","Leg Sweep","Footwork+1","Die Die Die","A Thousand Cuts","Noxious Fumes+1","Crippling Poison","Backflip","Noxious Fumes","Adrenaline+1","Injury","Parasite","Caltrops+1","Footwork+1","Footwork+1","Footwork+1","Cloak And Dagger+1","Prepared+1"],"special_seed":0,"relics":["Ring of the Snake","Anchor","Happy Flower","Question Card","Strawberry","Bird Faced Urn","Runic Dome","Blood Vial","Ninja Scroll","Snake Skull","Bag of Preparation","Boot","Calling Bell","Lantern","Letter Opener","Dead Branch","Du-Vu Doll","Prayer Wheel","FossilizedHelix","Paper Crane","Centennial Puzzle"],"potions_floor_usage":[38,55,55,55],"damage_taken":[{"damage":0.0,"enemies":"Cultist","floor":1.0,"turns":4.0},{"damage":0.0,"enemies":"2 Louse","floor":2.0,"turns":4.0},{"damage":17.0,"enemies":"Gremlin Nob","floor":7.0,"turns":5.0},{"damage":0.0,"enemies":"Jaw Worm","floor":8.0,"turns":3.0},{"damage":8.0,"enemies":"Lagavulin","floor":10.0,"turns":5.0},{"damage":0.0,"enemies":"Red Slaver","floor":11.0,"turns":2.0},{"damage":0.0,"enemies":"3 Sentries","floor":12.0,"turns":9.0},{"damage":0.0,"enemies":"2 Fungi Beasts","floor":13.0,"turns":2.0},{"damage":0.0,"enemies":"Blue Slaver","floor":14.0,"turns":3.0},{"damage":23.0,"enemies":"Slime Boss","floor":16.0,"turns":9.0},{"damage":3.0,"enemies":"Spheric Guardian","floor":18.0,"turns":6.0},{"damage":0,"enemies":"Shell Parasite","floor":21,"turns":6},{"damage":7,"enemies":"Book of Stabbing","floor":23,"turns":7},{"damage":2,"enemies":"Gremlin Leader","floor":25,"turns":8},{"damage":15,"enemies":"Snecko","floor":27,"turns":7},{"damage":0,"enemies":"Centurion and Healer","floor":30,"turns":6},{"damage":0,"enemies":"Book of Stabbing","floor":31,"turns":6},{"damage":6,"enemies":"Champ","floor":33,"turns":12},{"damage":8,"enemies":"3 Shapes","floor":35,"turns":3},{"damage":1,"enemies":"3 Darklings","floor":37,"turns":3},{"damage":9,"enemies":"2 Orb Walkers","floor":38,"turns":4},{"damage":0,"enemies":"Reptomancer","floor":41,"turns":6},{"damage":0,"enemies":"Nemesis","floor":44,"turns":6},{"damage":0,"enemies":"Jaw Worm Horde","floor":45,"turns":3},{"damage":0,"enemies":"Maw","floor":48,"turns":7},{"damage":32,"enemies":"Awakened One","floor":50,"turns":14},{"damage":15,"enemies":"Shield and Spear","floor":54,"turns":7},{"damage":18,"enemies":"The Heart","floor":55,"turns":10}],"seed_played":"-3260785866754453751","potions_obtained":[{"floor":2.0,"key":"Poison Potion"},{"floor":7.0,"key":"Ancient Potion"},{"floor":11.0,"key":"Energy Potion"},{"floor":12.0,"key":"Strength Potion"},{"floor":14.0,"key":"SkillPotion"},{"floor":16.0,"key":"Regen Potion"},{"floor":25,"key":"AttackPotion"},{"floor":38,"key":"SkillPotion"}],"is_trial":false,"path_per_floor":["M","M","?","?","$","R","E","M","T","E","M","E","M","M","R","B",null,"M","$","?","M","?","E","R","E","T","M","?","R","M","E","R","B",null,"M","$","M","?","?","R","E","R","T","E","M","?","R","M","R","B",null,"R","$","E","B",null],"character_chosen":"THE_SILENT","items_purchased":["Well Laid Plans","Dash","Anchor","Fruit Juice","Footwork","Blood Vial","Footwork","Paper Crane"],"campfire_rested":0,"item_purchase_floors":[5,5,5,5,19,19,36,53],"current_hp_per_floor":[70,70,59,59,59,59,42,42,42,41,41,46,46,46,46,25,82,79,79,79,82,82,75,75,80,80,69,69,69,82,82,82,82,82,78,78,82,82,82,82,82,82,82,82,82,82,82,82,82,62,82,82,82,67,78],"gold":46,"neow_bonus":"HUNDRED_GOLD","is_prod":false,"is_daily":false,"chose_seed":false,"campfire_upgraded":9,"win_rate":0,"timestamp":1563991593,"path_taken":["M","?","?","?","$","R","E","M","T","E","M","E","M","M","R","BOSS","M","$","?","M","?","E","R","E","T","M","?","R","M","E","R","BOSS","M","$","M","?","?","R","E","R","T","E","M","?","R","M","R","BOSS","R","$","E","BOSS"],"build_version":"2019-07-17","purchased_purges":3,"victory":true,"max_hp_per_floor":[70,70,70,70,70,70,70,70,70,77,77,82,82,82,82,82,82,82,82,82,82,82,82,82,82,82,82,82,82,82,82,82,82,82,82,82,82,82,82,82,82,82,82,82,82,82,82,82,82,82,82,82,82,82,82],"card_choices":[{"not_picked":["Bane","Underhanded Strike"],"picked":"Poisoned Stab","floor":1.0},{"not_picked":["Bane","Deflect"],"picked":"Blur","floor":2.0},{"not_picked":["Concentrate","Calculated Gamble"],"picked":"Die Die Die","floor":7.0},{"not_picked":["Reflex","Riddle With Holes","Prepared"],"picked":"SKIP","floor":8.0},{"not_picked":["Flechettes","Concentrate","Blade Dance","Flying Knee"],"picked":"SKIP","floor":10.0},{"not_picked":["Dagger Throw","Acrobatics","Poisoned Stab"],"picked":"Crippling Poison","floor":11.0},{"not_picked":["Dodge and Roll","Accuracy","Deadly Poison"],"picked":"Deflect","floor":12.0},{"not_picked":["All Out Attack","Deflect","Dagger Spray"],"picked":"Bane","floor":13.0},{"not_picked":["Dodge and Roll","Setup","Reflex","Quick Slash"],"picked":"SKIP","floor":14.0},{"not_picked":["Malaise","Tools of the Trade","Glass Knife"],"picked":"After Image","floor":16.0},{"not_picked":["Poisoned Stab","Dodge and Roll+1","Quick Slash+1"],"picked":"Leg Sweep","floor":18.0},{"not_picked":["Slice+1","Acrobatics","PiercingWail+1"],"picked":"Noxious Fumes","floor":21},{"not_picked":["Sucker Punch+1","Poisoned Stab","Flechettes+1"],"picked":"Crippling Poison","floor":23},{"not_picked":["Dagger Spray","PiercingWail","Malaise"],"picked":"Backflip","floor":25},{"not_picked":["Bane","Outmaneuver","Infinite Blades"],"picked":"Noxious Fumes","floor":27},{"not_picked":["Slice","Quick Slash","Dodge and Roll","Dagger Spray"],"picked":"SKIP","floor":30},{"not_picked":["Choke+1","Bane","Predator","All Out Attack"],"picked":"SKIP","floor":31},{"not_picked":["After Image","Die Die Die","Envenom"],"picked":"Adrenaline","floor":33},{"not_picked":["Deadly Poison+1","Dagger Spray","Prepared+1"],"picked":"Caltrops+1","floor":35},{"not_picked":["Backflip+1","Poisoned Stab","Slice"],"picked":"Footwork","floor":37},{"not_picked":["Backstab+1","Escape Plan+1","A Thousand Cuts"],"picked":"Footwork","floor":41},{"not_picked":["Infinite Blades+1","Expertise","Leg Sweep+1"],"picked":"Cloak And Dagger+1","floor":44},{"not_picked":["Underhanded Strike+1","Dagger Throw","Outmaneuver+1","Blade Dance"],"picked":"SKIP","floor":45},{"not_picked":["Bane","Riddle With Holes","Masterful Stab+1","Prepared+1"],"picked":"SKIP","floor":45},{"not_picked":["Bane","Riddle With Holes","Masterful Stab+1"],"picked":"Prepared+1","floor":45},{"not_picked":["Underhanded Strike+1","Dagger Throw","Outmaneuver+1","Blade Dance"],"picked":"SKIP","floor":45},{"not_picked":["Dagger Spray+1","Masterful Stab","Slice+1","Sucker Punch+1"],"picked":"SKIP","floor":48},{"not_picked":["Dagger Throw","Expertise+1","Bane","Eviscerate"],"picked":"SKIP","floor":48},{"not_picked":["Leg Sweep","Poisoned Stab","Deflect","Blade Dance+1"],"picked":"SKIP","floor":54}],"player_experience":1082421,"relics_obtained":[{"floor":7.0,"key":"Happy Flower"},{"floor":9.0,"key":"Question Card"},{"floor":10.0,"key":"Strawberry"},{"floor":12.0,"key":"Bird Faced Urn"},{"floor":23,"key":"Ninja Scroll"},{"floor":25,"key":"Snake Skull"},{"floor":26,"key":"Bag of Preparation"},{"floor":31,"key":"Boot"},{"floor":34,"key":"Lantern"},{"floor":34,"key":"Letter Opener"},{"floor":34,"key":"Dead Branch"},{"floor":38,"key":"Du-Vu Doll"},{"floor":41,"key":"Prayer Wheel"},{"floor":44,"key":"FossilizedHelix"},{"floor":54,"key":"Centennial Puzzle"}],"event_choices":[{"damage_healed":0.0,"max_hp_gain":0.0,"max_hp_loss":0.0,"gold_gain":75.0,"event_name":"World of Goop","player_choice":"Gather Gold","floor":3.0,"gold_loss":0.0,"damage_taken":11.0},{"damage_healed":0.0,"max_hp_gain":0.0,"max_hp_loss":0.0,"gold_gain":275.0,"event_name":"Golden Shrine","player_choice":"Desecrate","floor":4.0,"gold_loss":0.0,"damage_taken":0.0,"cards_obtained":["Regret"]},{"damage_healed":0,"gold_gain":0,"cards_transformed":["Strike_G","Strike_G"],"player_choice":"Became Test Subject","damage_taken":0,"max_hp_gain":0,"max_hp_loss":0,"event_name":"Drug Dealer","floor":20,"gold_loss":0,"cards_obtained":["Die Die Die","A Thousand Cuts"]},{"damage_healed":0,"gold_gain":0,"player_choice":"Simplicity","damage_taken":0,"max_hp_gain":0,"max_hp_loss":0,"event_name":"Back to Basics","floor":22,"gold_loss":0,"cards_upgraded":["Strike_G","Strike_G","Defend_G","Defend_G","Defend_G","Defend_G","Defend_G"]},{"damage_healed":0,"gold_gain":0,"player_choice":"Ignored","damage_taken":0,"max_hp_gain":0,"max_hp_loss":0,"event_name":"Vampires","floor":28,"gold_loss":0},{"damage_healed":0,"gold_gain":0,"player_choice":"Fight","damage_taken":0,"max_hp_gain":0,"max_hp_loss":0,"event_name":"Mysterious Sphere","floor":38,"gold_loss":0},{"cards_removed":["Strike_G"],"damage_healed":0,"gold_gain":0,"player_choice":"Removed Attack","damage_taken":0,"max_hp_gain":0,"max_hp_loss":0,"event_name":"Falling","floor":39,"gold_loss":0},{"damage_healed":0,"gold_gain":0,"player_choice":"Ignored","damage_taken":0,"max_hp_gain":0,"max_hp_loss":0,"event_name":"Tomb of Lord Red Mask","floor":46,"gold_loss":0}],"is_beta":false,"boss_relics":[{"not_picked":["Black Star","Empty Cage"],"picked":"Runic Dome"},{"not_picked":["Cursed Key","Runic Pyramid"],"picked":"Calling Bell"}],"items_purged_floors":[5,19,36],"is_endless":false,"potions_floor_spawned":[2,7,11,12,13,14,16,18,25,33,38,48,54],"ascension_level":1}