{"gold_per_floor":[118,118,138,138,157,157,190,208,208,208,221,221,239,189,189,289,289,300,400,420,24,24,24],"floor_reached":23,"playtime":1582,"items_purged":[],"score":313,"play_id":"27bb1031-59ec-4db8-ab18-53ce051f72a0","local_time":"20180912232256","is_ascension_mode":true,"campfire_choices":[{"data":"Dualcast","floor":6.0,"key":"SMITH"},{"data":"Zap","floor":12.0,"key":"SMITH"},{"floor":15.0,"key":"REST"}],"neow_cost":"NONE","seed_source_timestamp":0,"circlet_count":0,"master_deck":["Strike_B","Strike_B+1","Strike_B","Defend_B","Defend_B","Defend_B+1","Defend_B","Zap+1","Dualcast+1","Seek","Scrape","Beam Cell","FTL","Conserve Battery","BootSequence","Chill","Meteor Strike","Gash","Enlightenment","Meteor Strike"],"special_seed":0,"relics":["Cracked Core","WarpedTongs","Omamori","Oddly Smooth Stone","Coffee Dripper","Du-Vu Doll","Mercury Hourglass","Peace Pipe"],"potions_floor_usage":[23],"damage_taken":[{"damage":1.0,"enemies":"Cultist","floor":1.0,"turns":3.0},{"damage":0.0,"enemies":"2 Louse","floor":3.0,"turns":2.0},{"damage":4.0,"enemies":"Jaw Worm","floor":5.0,"turns":3.0},{"damage":12.0,"enemies":"Lagavulin","floor":7.0,"turns":6.0},{"damage":8.0,"enemies":"Red Slaver","floor":8.0,"turns":2.0},{"damage":0.0,"enemies":"Exordium Wildlife","floor":11.0,"turns":2.0},{"damage":0.0,"enemies":"Blue Slaver","floor":13.0,"turns":2.0},{"damage":0.0,"enemies":"Slime Boss","floor":16.0,"turns":7.0},{"damage":8.0,"enemies":"Spheric Guardian","floor":18.0,"turns":4.0},{"damage":3.0,"enemies":"Colosseum Slavers","floor":19.0,"turns":5.0},{"damage":31.0,"enemies":"Colosseum Nobs","floor":19.0,"turns":5.0},{"damage":0.0,"enemies":"Shell Parasite","floor":20.0,"turns":5.0},{"damage":25,"enemies":"Book of Stabbing","floor":23,"turns":5}],"seed_played":"-4532881987329241264","potions_obtained":[{"floor":1.0,"key":"SpeedPotion"},{"floor":8.0,"key":"EssenceOfSteel"},{"floor":11.0,"key":"Dexterity Potion"},{"floor":13.0,"key":"Poison Potion"},{"floor":18.0,"key":"Explosive Potion"},{"floor":20.0,"key":"Dexterity Potion"}],"is_trial":false,"path_per_floor":["M","?","M","?","M","R","E","M","T","?","M","R","M","?","R","B",null,"M","?","M","$","?"],"character_chosen":"DEFECT","items_purchased":["Peace Pipe","Enlightenment"],"campfire_rested":1,"item_purchase_floors":[21,21],"current_hp_per_floor":[67,52,52,52,48,48,36,28,28,21,21,21,21,21,43,43,67,59,25,25,25,25,0],"gold":24,"neow_bonus":"ONE_RANDOM_RARE_CARD","is_prod":false,"is_daily":false,"chose_seed":false,"campfire_upgraded":2,"win_rate":0,"timestamp":1536819776,"path_taken":["M","?","?","?","M","R","E","M","T","?","M","R","M","?","R","BOSS","M","?","?","$","?","E"],"build_version":"2018-09-06","purchased_purges":0,"victory":false,"max_hp_per_floor":[75,75,75,75,75,75,75,75,75,75,75,75,75,75,75,75,75,75,75,75,75,75,75],"card_choices":[{"not_picked":["Barrage","Double Energy"],"picked":"Scrape","floor":1.0},{"not_picked":["Sweeping Beam","Stack"],"picked":"Beam Cell","floor":3.0},{"not_picked":["Ball Lightning","Consume","Capacitor"],"picked":"SKIP","floor":5.0},{"not_picked":["Loop","Auto Shields"],"picked":"FTL","floor":7.0},{"not_picked":["Lockon","Barrage"],"picked":"Conserve Battery","floor":8.0},{"not_picked":["Beam Cell","Barrage"],"picked":"BootSequence","floor":11.0},{"not_picked":["Barrage","Undo"],"picked":"Chill","floor":13.0},{"not_picked":["Core Surge","Hyperbeam"],"picked":"Meteor Strike","floor":16.0},{"not_picked":["Stack","Skim","Reprogram"],"picked":"SKIP","floor":18.0},{"not_picked":["Tempest","Barrage"],"picked":"Gash","floor":19.0},{"not_picked":["Rebound","Doom and Gloom","Recycle"],"picked":"SKIP","floor":20.0}],"player_experience":289973,"relics_obtained":[{"floor":7.0,"key":"Omamori"},{"floor":9.0,"key":"Oddly Smooth Stone"},{"floor":19.0,"key":"Du-Vu Doll"},{"floor":19.0,"key":"Mercury Hourglass"}],"event_choices":[{"event_name":"Shining Light","player_choice":"Entered Light","floor":2.0,"damage_taken":0.0},{"event_name":"Accursed Blacksmith","player_choice":"Rummage","floor":4.0,"damage_taken":0.0},{"event_name":"Golden Wing","player_choice":"Card Removal","floor":10.0,"damage_taken":0.0},{"event_name":"The Cleric","player_choice":"Card Removal","floor":14.0,"damage_taken":0.0},{"event_name":"Colosseum","player_choice":"Fight","floor":19.0,"damage_taken":0.0},{"event_name":"Colosseum","player_choice":"Fought Nobs","floor":19.0,"damage_taken":0.0},{"event_name":"Duplicator","player_choice":"One dupe","floor":22.0,"damage_taken":0.0}],"is_beta":false,"boss_relics":[{"not_picked":["Philosopher\u0027s Stone","Runic Dome"],"picked":"Coffee Dripper"}],"items_purged_floors":[],"is_endless":false,"potions_floor_spawned":[1,8,11,13,18,20],"killed_by":"Book of Stabbing","ascension_level":6}