{"gold_per_floor":[20,34,50,50,69,69,144,144,171,171,186,218,218,218,218,316,316,330,330,349,366,366,366,401,51,51,67,67,81,96,131,131,131],"floor_reached":33,"playtime":4014,"items_purged":[],"score":287,"play_id":"754cbed3-a6a6-421b-8dd6-96d2e1600155","local_time":"20190803190242","is_ascension_mode":false,"campfire_choices":[{"data":"Body Slam","floor":6,"key":"SMITH"},{"floor":10,"key":"REST"},{"floor":13,"key":"REST"},{"data":"1","floor":15,"key":"LIFT"},{"floor":23,"key":"REST"},{"floor":28,"key":"REST"},{"floor":32,"key":"REST"}],"neow_cost":"NO_GOLD","seed_source_timestamp":173636506856700,"circlet_count":0,"master_deck":["Strike_R","Strike_R+1","Strike_R","Defend_R","Defend_R","Defend_R+1","Defend_R+1","Bash","Fire Breathing","Rampage","Dropkick+1","Body Slam+1","Shockwave","Blood for Blood","Impervious","Doubt","Sword Boomerang+1","Warcry+1","Heavy Blade+1","Iron Wave","Cleave+1","Barricade","Carnage+1","Body Slam","Clothesline+1","Rage","Double Tap","True Grit+1"],"relics":["Burning Blood","WingedGreaves","War Paint","Boot","Girya","Astrolabe","Oddly Smooth Stone","Bag of Marbles","MealTicket","Strawberry","Dream Catcher","Meat on the Bone"],"potions_floor_usage":[16,21,24,24,24,31,33,33],"damage_taken":[{"damage":5,"enemies":"Jaw Worm","floor":1,"turns":5},{"damage":0,"enemies":"Small Slimes","floor":2,"turns":4},{"damage":7,"enemies":"2 Louse","floor":3,"turns":3},{"damage":26,"enemies":"Large Slime","floor":5,"turns":6},{"damage":1,"enemies":"2 Fungi Beasts","floor":11,"turns":3},{"damage":27,"enemies":"Lagavulin","floor":12,"turns":6},{"damage":33,"enemies":"Hexaghost","floor":16,"turns":8},{"damage":12,"enemies":"3 Byrds","floor":18,"turns":4},{"damage":25,"enemies":"Spheric Guardian","floor":20,"turns":5},{"damage":20,"enemies":"3 Cultists","floor":21,"turns":6},{"damage":66,"enemies":"Slavers","floor":24,"turns":9},{"damage":14,"enemies":"Shelled Parasite and Fungi","floor":27,"turns":5},{"damage":8,"enemies":"Centurion and Healer","floor":29,"turns":5},{"damage":13,"enemies":"Snecko","floor":30,"turns":5},{"damage":20,"enemies":"Book of Stabbing","floor":31,"turns":3},{"damage":66,"enemies":"Automaton","floor":33,"turns":6}],"seed_played":"-3609389836836540700","potions_obtained":[{"floor":3,"key":"BloodPotion"},{"floor":12,"key":"Poison Potion"},{"floor":16,"key":"EssenceOfSteel"},{"floor":18,"key":"Dexterity Potion"},{"floor":21,"key":"AttackPotion"},{"floor":29,"key":"SteroidPotion"},{"floor":30,"key":"PowerPotion"},{"floor":31,"key":"Weak Potion"}],"is_trial":false,"path_per_floor":["M","M","M","?","M","R","?","?","T","R","M","E","R","?","R","B",null,"M","?","M","M","?","R","E","$","T","M","R","M","M","E","R","B"],"character_chosen":"IRONCLAD","items_purchased":["MealTicket","Strawberry"],"campfire_rested":5,"item_purchase_floors":[25,25],"current_hp_per_floor":[80,80,79,61,41,41,30,14,14,38,43,22,46,66,66,39,77,71,71,52,38,24,48,8,15,15,7,33,31,24,10,36,0],"gold":131,"neow_bonus":"ONE_RARE_RELIC","is_prod":false,"is_daily":false,"chose_seed":false,"campfire_upgraded":1,"win_rate":0.0,"timestamp":1564855362,"path_taken":["M","M","M","?","M","R","?","?","T","R","M","E","R","?","R","BOSS","M","?","M","M","?","R","E","$","T","M","R","M","M","E","R","BOSS"],"build_version":"2019-07-17","purchased_purges":0,"victory":false,"max_hp_per_floor":[80,80,80,80,80,80,80,80,80,80,80,80,80,80,80,80,77,77,77,77,77,82,82,82,89,89,89,89,89,89,89,89,89],"card_choices":[{"not_picked":["Clash","Inflame"],"picked":"Fire Breathing","floor":1},{"not_picked":["Sword Boomerang","Clothesline"],"picked":"Rampage","floor":2},{"not_picked":["Pummel","True Grit"],"picked":"Dropkick","floor":3},{"not_picked":["Armaments","Thunderclap"],"picked":"Body Slam","floor":5},{"not_picked":["Headbutt","Armaments"],"picked":"Shockwave","floor":11},{"not_picked":["Twin Strike","Carnage"],"picked":"Blood for Blood","floor":12},{"not_picked":["Dark Embrace","Limit Break"],"picked":"Impervious","floor":16},{"not_picked":["True Grit","Power Through"],"picked":"Heavy Blade+1","floor":18},{"not_picked":["Pommel Strike","Bloodletting"],"picked":"Iron Wave","floor":20},{"not_picked":["Headbutt","Iron Wave"],"picked":"Cleave+1","floor":21},{"not_picked":["Warcry","Fiend Fire"],"picked":"Barricade","floor":24},{"not_picked":["Iron Wave","Warcry+1"],"picked":"Carnage+1","floor":27},{"not_picked":["Clash+1","Twin Strike"],"picked":"Body Slam","floor":28},{"not_picked":["True Grit","Sword Boomerang"],"picked":"Clothesline+1","floor":29},{"not_picked":["Thunderclap","Armaments+1"],"picked":"Rage","floor":30},{"not_picked":["Searing Blow","Dropkick"],"picked":"Double Tap","floor":31},{"not_picked":["Intimidate+1","Rupture+1"],"picked":"True Grit+1","floor":32}],"player_experience":10426,"relics_obtained":[{"floor":9,"key":"Boot"},{"floor":12,"key":"Girya"},{"floor":24,"key":"Bag of Marbles"},{"floor":26,"key":"Dream Catcher"},{"floor":31,"key":"Meat on the Bone"}],"event_choices":[{"damage_healed":0,"gold_gain":0,"player_choice":"Success","damage_taken":18,"relics_obtained":["War Paint"],"max_hp_gain":0,"max_hp_loss":0,"event_name":"Scrap Ooze","floor":4,"gold_loss":0},{"damage_healed":0,"gold_gain":75,"player_choice":"Gather Gold","damage_taken":11,"max_hp_gain":0,"max_hp_loss":0,"event_name":"World of Goop","floor":7,"gold_loss":0},{"damage_healed":0,"gold_gain":0,"player_choice":"Entered Light","damage_taken":16,"max_hp_gain":0,"max_hp_loss":0,"event_name":"Shining Light","floor":8,"gold_loss":0,"cards_upgraded":["Strike_R","Dropkick"]},{"damage_healed":20,"gold_gain":0,"player_choice":"Healed and dodged fight","damage_taken":0,"max_hp_gain":0,"max_hp_loss":0,"event_name":"Mushrooms","floor":14,"gold_loss":0,"cards_obtained":["Parasite"]},{"damage_healed":0,"gold_gain":0,"player_choice":"Opened","damage_taken":0,"relics_obtained":["Oddly Smooth Stone"],"max_hp_gain":0,"max_hp_loss":0,"event_name":"The Mausoleum","floor":19,"gold_loss":0},{"damage_healed":0,"gold_gain":0,"player_choice":"Shed Blood","damage_taken":19,"max_hp_gain":5,"max_hp_loss":0,"event_name":"Forgotten Altar","floor":22,"gold_loss":0}],"is_beta":false,"boss_relics":[{"not_picked":["Empty Cage","Mark of Pain"],"picked":"Astrolabe"}],"items_purged_floors":[],"is_endless":false,"potions_floor_spawned":[3,12,16,18,21,29,30,31],"killed_by":"Automaton","ascension_level":0}