{"gold_per_floor":[110,88,101,119,194,222,222,234,234,234,234,260,260,273,273,368,368,385,258,258,258,268,268,301,319,395,429,429,441,476,509,509,606,606,617,367,419,430,450,478,478,578,578,578,610,610,629,660,660,660,660,660,153,183,183],"floor_reached":56,"playtime":2796,"items_purged":["Strike_R","Strike_R","Cleave"],"score":1376,"play_id":"9305f931-d6be-4751-a9db-8be5a590915e","local_time":"20190624201704","is_ascension_mode":true,"campfire_choices":[{"data":"Feed","floor":7,"key":"SMITH"},{"data":"Spot Weakness","floor":10,"key":"SMITH"},{"data":"Battle Trance","floor":13,"key":"SMITH"},{"floor":15,"key":"REST"},{"data":"Limit Break","floor":23,"key":"SMITH"},{"data":"Clothesline","floor":28,"key":"SMITH"},{"floor":32,"key":"REST"},{"data":"Immolate","floor":41,"key":"SMITH"},{"data":"Shockwave","floor":44,"key":"SMITH"},{"floor":49,"key":"RECALL"},{"data":"Disarm","floor":52,"key":"SMITH"}],"neow_cost":"NONE","seed_source_timestamp":24349759800082,"circlet_count":0,"master_deck":["Defend_R","Defend_R","Defend_R","Bash+1","Clothesline+1","Battle Trance+1","Feed+1","Spot Weakness+1","Burning Pact","Limit Break+1","Heavy Blade+1","Shrug It Off","Ghostly Armor+1","Metallicize","Doubt","Shockwave+1","Disarm+1","Immolate+1","Clothesline+1","Iron Wave+1","Twin Strike+1","Shrug It Off+1","Offering","True Grit+1","Headbutt+1","Warcry","Fiend Fire+1","Pommel Strike+1"],"relics":["Burning Blood","Dodecahedron","Sundial","Shuriken","Cursed Key","MutagenicStrength","Charon\u0027s Ashes","Matryoshka","Red Mask","Pocketwatch","Astrolabe","Membership Card","Mango","Molten Egg 2","Prayer Wheel","Blood Vial","Boot","Incense Burner","Lee\u0027s Waffle","Happy Flower","Torii"],"potions_floor_usage":[6,12,16,31,39,55,55,55],"damage_taken":[{"damage":6,"enemies":"Cultist","floor":1,"turns":3},{"damage":6,"enemies":"Jaw Worm","floor":3,"turns":3},{"damage":0,"enemies":"Small Slimes","floor":4,"turns":3},{"damage":18,"enemies":"Gremlin Nob","floor":6,"turns":5},{"damage":21,"enemies":"Blue Slaver","floor":8,"turns":4},{"damage":31,"enemies":"3 Sentries","floor":12,"turns":7},{"damage":14,"enemies":"Gremlin Gang","floor":14,"turns":4},{"damage":38,"enemies":"The Guardian","floor":16,"turns":12},{"damage":4,"enemies":"3 Byrds","floor":18,"turns":4},{"damage":25,"enemies":"Spheric Guardian","floor":22,"turns":6},{"damage":13,"enemies":"Gremlin Leader","floor":24,"turns":6},{"damage":11,"enemies":"Snake Plant","floor":25,"turns":3},{"damage":28,"enemies":"Slavers","floor":27,"turns":4},{"damage":10,"enemies":"Snecko","floor":29,"turns":7},{"damage":25,"enemies":"Masked Bandits","floor":30,"turns":3},{"damage":31,"enemies":"Gremlin Leader","floor":31,"turns":7},{"damage":13,"enemies":"Collector","floor":33,"turns":7},{"damage":7,"enemies":"3 Shapes","floor":35,"turns":7},{"damage":53,"enemies":"2 Orb Walkers","floor":37,"turns":5},{"damage":33,"enemies":"Orb Walker","floor":38,"turns":8},{"damage":28,"enemies":"3 Darklings","floor":39,"turns":11},{"damage":10,"enemies":"Reptomancer","floor":40,"turns":6},{"damage":0,"enemies":"Mind Bloom Boss Battle","floor":42,"turns":4},{"damage":14,"enemies":"Giant Head","floor":45,"turns":6},{"damage":18,"enemies":"Spire Growth","floor":47,"turns":8},{"damage":21,"enemies":"Reptomancer","floor":48,"turns":7},{"damage":37,"enemies":"Time Eater","floor":50,"turns":9},{"damage":9,"enemies":"Shield and Spear","floor":54,"turns":4},{"damage":51,"enemies":"The Heart","floor":55,"turns":12}],"seed_played":"-4137343296608650821","potions_obtained":[{"floor":3,"key":"EntropicBrew"},{"floor":12,"key":"Ancient Potion"},{"floor":14,"key":"Dexterity Potion"},{"floor":22,"key":"BloodPotion"},{"floor":33,"key":"Regen Potion"},{"floor":39,"key":"PowerPotion"}],"is_trial":false,"path_per_floor":["M","$","M","M","?","E","R","M","T","R","?","E","R","M","R","B",null,"M","$","?","?","M","R","E","M","T","E","R","M","?","E","R","B",null,"M","$","?","M","M","E","R","?","T","R","E","?","M","E","R","B",null,"R","$","E","B",null],"character_chosen":"IRONCLAD","items_purchased":["Clothesline","Shrug It Off","Membership Card","Incense Burner","Lee\u0027s Waffle","Happy Flower","Warcry","Fiend Fire+1","Pommel Strike+1"],"campfire_rested":2,"item_purchase_floors":[2,19,36,53,53,53,53,53,53],"current_hp_per_floor":[80,80,80,80,69,57,57,46,46,46,46,25,25,21,48,20,96,100,100,100,100,85,85,82,81,81,63,63,63,48,39,77,74,132,135,135,106,79,76,76,76,86,86,86,78,78,72,63,63,38,178,178,185,182,143],"gold":183,"neow_bonus":"UPGRADE_CARD","is_prod":false,"is_daily":false,"chose_seed":false,"campfire_upgraded":8,"win_rate":0,"timestamp":1561396624,"path_taken":["M","$","?","?","?","E","R","M","T","R","?","E","R","M","R","BOSS","M","$","?","?","M","R","E","M","T","E","R","?","?","E","R","BOSS","M","$","?","M","M","E","R","?","T","R","E","?","M","E","R","BOSS","R","$","E","BOSS"],"build_version":"2019-01-23","purchased_purges":3,"victory":true,"max_hp_per_floor":[80,80,80,80,80,80,80,84,84,84,84,88,88,92,92,96,96,100,100,100,100,104,104,108,112,112,116,116,120,124,128,128,132,132,136,136,154,154,158,162,162,166,166,166,166,166,170,174,174,178,178,178,185,185,189],"card_choices":[{"not_picked":["Anger","Warcry"],"picked":"Cleave","floor":1},{"not_picked":["Flex","Clothesline"],"picked":"Battle Trance","floor":3},{"not_picked":["Wild Strike","Flex"],"picked":"Feed","floor":4},{"not_picked":["Pommel Strike","Whirlwind","Cleave"],"picked":"SKIP","floor":6},{"not_picked":["Havoc","Cleave"],"picked":"Spot Weakness","floor":8},{"not_picked":["Cleave","Flex"],"picked":"Burning Pact","floor":12},{"not_picked":["Bloodletting","Body Slam","Havoc"],"picked":"SKIP","floor":14},{"not_picked":["Bloodletting","Body Slam","Havoc"],"picked":"SKIP","floor":14},{"not_picked":["Fiend Fire","Reaper"],"picked":"Limit Break","floor":16},{"not_picked":["Pommel Strike+1","Combust"],"picked":"Heavy Blade+1","floor":18},{"not_picked":["Hemokinesis","Body Slam"],"picked":"Ghostly Armor+1","floor":22},{"not_picked":["Fire Breathing","Pommel Strike"],"picked":"Metallicize","floor":24},{"not_picked":["Inflame","Fire Breathing+1","Seeing Red"],"picked":"SKIP","floor":25},{"not_picked":["Metallicize","Cleave+1"],"picked":"Shockwave","floor":27},{"not_picked":["Perfected Strike","Thunderclap","Pommel Strike"],"picked":"SKIP","floor":29},{"not_picked":["Heavy Blade","Reckless Charge+1"],"picked":"Uppercut","floor":30},{"not_picked":["Feed","Demon Form"],"picked":"Disarm","floor":31},{"not_picked":["Double Tap","Barricade"],"picked":"Immolate","floor":33},{"not_picked":["Whirlwind+1","Shockwave","Havoc+1"],"picked":"SKIP","floor":35},{"not_picked":["Entrench+1","Dual Wield"],"picked":"Shrug It Off+1","floor":37},{"not_picked":["Pummel+1","Perfected Strike+1","Thunderclap"],"picked":"SKIP","floor":38},{"not_picked":["Clash","Dropkick+1","Carnage"],"picked":"SKIP","floor":39},{"not_picked":["Perfected Strike+1","Twin Strike+1"],"picked":"Offering","floor":40},{"not_picked":["Flex+1","Seeing Red"],"picked":"True Grit+1","floor":42},{"not_picked":["Blood for Blood+1","Cleave+1","Seeing Red"],"picked":"SKIP","floor":45},{"not_picked":["Intimidate","Whirlwind+1","Clash+1"],"picked":"SKIP","floor":47},{"not_picked":["Headbutt+1","Armaments+1","Twin Strike+1"],"picked":"SKIP","floor":47},{"not_picked":["Armaments+1","Twin Strike+1"],"picked":"Headbutt+1","floor":47},{"not_picked":["Intimidate","Whirlwind+1","Clash+1"],"picked":"SKIP","floor":47},{"not_picked":["Sword Boomerang+1","Flex","Twin Strike+1"],"picked":"SKIP","floor":48},{"not_picked":["Dual Wield+1","Thunderclap+1","Clothesline+1"],"picked":"SKIP","floor":54}],"player_experience":1007993,"relics_obtained":[{"floor":6,"key":"Dodecahedron"},{"floor":9,"key":"Sundial"},{"floor":12,"key":"Shuriken"},{"floor":24,"key":"Charon\u0027s Ashes"},{"floor":27,"key":"Matryoshka"},{"floor":30,"key":"Red Mask"},{"floor":31,"key":"Pocketwatch"},{"floor":37,"key":"Mango"},{"floor":40,"key":"Molten Egg 2"},{"floor":42,"key":"Prayer Wheel"},{"floor":45,"key":"Blood Vial"},{"floor":48,"key":"Boot"},{"floor":54,"key":"Torii"}],"event_choices":[{"damage_healed":0,"gold_gain":75,"player_choice":"Gather Gold","damage_taken":11,"max_hp_gain":0,"max_hp_loss":0,"event_name":"World of Goop","floor":5,"gold_loss":0},{"damage_healed":0,"gold_gain":0,"player_choice":"Leave","damage_taken":0,"max_hp_gain":0,"max_hp_loss":0,"event_name":"The Cleric","floor":11,"gold_loss":0},{"damage_healed":0,"gold_gain":0,"player_choice":"Inject Mutagens","damage_taken":0,"relics_obtained":["MutagenicStrength"],"max_hp_gain":0,"max_hp_loss":0,"event_name":"Drug Dealer","floor":20,"gold_loss":0},{"cards_removed":["Strike_R"],"damage_healed":0,"gold_gain":0,"player_choice":"Offered Basic","damage_taken":0,"max_hp_gain":0,"max_hp_loss":0,"event_name":"Bonfire Elementals","floor":21,"gold_loss":0},{"damage_healed":0,"gold_gain":0,"player_choice":"Fought Bandits","damage_taken":0,"max_hp_gain":0,"max_hp_loss":0,"event_name":"Masked Bandits","floor":30,"gold_loss":0},{"damage_healed":0,"gold_gain":0,"player_choice":"Fight","damage_taken":0,"max_hp_gain":0,"max_hp_loss":0,"event_name":"Mysterious Sphere","floor":37,"gold_loss":0},{"damage_healed":0,"gold_gain":0,"player_choice":"Fight","damage_taken":0,"max_hp_gain":0,"max_hp_loss":0,"event_name":"MindBloom","floor":42,"gold_loss":0},{"cards_removed":["Uppercut"],"damage_healed":0,"gold_gain":0,"player_choice":"Removed Attack","damage_taken":0,"max_hp_gain":0,"max_hp_loss":0,"event_name":"Falling","floor":46,"gold_loss":0}],"is_beta":false,"boss_relics":[{"not_picked":["Mark of Pain","Runic Pyramid"],"picked":"Cursed Key"},{"not_picked":["Busted Crown","Black Blood"],"picked":"Astrolabe"}],"items_purged_floors":[19,36,53],"is_endless":false,"potions_floor_spawned":[3,12,14,22,27,30,33,35,38,39,40],"ascension_level":1}