{"gold_per_floor":[117,192,117,64,74,74,99,99,99,110,136,136,146,166,166,166],"floor_reached":16,"playtime":401,"items_purged":[],"score":236,"play_id":"d50b905a-ac7d-425d-9410-d39412df9874","local_time":"20190424131434","is_ascension_mode":true,"campfire_choices":[{"data":"Neutralize","floor":6,"key":"SMITH"},{"data":"Cloak And Dagger","floor":8,"key":"SMITH"},{"data":"Footwork","floor":12,"key":"SMITH"},{"data":"Poisoned Stab","floor":15,"key":"SMITH"}],"neow_cost":"NONE","seed_source_timestamp":4895433291291,"circlet_count":0,"master_deck":["AscendersBane","Defend_G","Defend_G","Defend_G","Defend_G","Defend_G","Strike_G","Strike_G","Strike_G","Strike_G","Survivor","Neutralize+1","Cloak And Dagger+1","Flying Knee","Poisoned Stab+1","Footwork+1","PiercingWail","Blur"],"relics":["Ring of the Snake","NeowsBlessing","Oddly Smooth Stone","Bottled Flame","Tough Bandages"],"potions_floor_usage":[16,16],"damage_taken":[{"damage":0,"enemies":"Small Slimes","floor":1,"turns":1},{"damage":0,"enemies":"Jaw Worm","floor":5,"turns":1},{"damage":0,"enemies":"Lagavulin","floor":7,"turns":1},{"damage":0,"enemies":"2 Louse","floor":10,"turns":2},{"damage":25,"enemies":"Gremlin Nob","floor":11,"turns":6},{"damage":0,"enemies":"Large Slime","floor":13,"turns":6},{"damage":0,"enemies":"Blue Slaver","floor":14,"turns":4},{"damage":28,"enemies":"The Guardian","floor":16,"turns":13}],"seed_played":"-2012389852164889887","potions_obtained":[{"floor":5,"key":"Fire Potion"},{"floor":11,"key":"AttackPotion"}],"is_trial":false,"path_per_floor":["M","?","?","$","M","R","E","R","T","M","E","R","M","M","R","B"],"character_chosen":"THE_SILENT","items_purchased":["Flying Knee"],"campfire_rested":0,"item_purchase_floors":[4],"current_hp_per_floor":[59,48,48,48,48,48,48,48,48,48,23,23,23,23,23,0],"gold":166,"neow_bonus":"THREE_ENEMY_KILL","is_prod":false,"is_daily":false,"chose_seed":false,"campfire_upgraded":4,"win_rate":0,"timestamp":1556100874,"path_taken":["M","?","?","?","?","R","E","R","T","M","E","R","M","M","R","BOSS"],"build_version":"2019-01-23","purchased_purges":0,"victory":false,"max_hp_per_floor":[66,66,66,66,66,66,66,66,66,66,66,66,66,66,66,66],"card_choices":[{"not_picked":["Deadly Poison","Slice"],"picked":"Cloak And Dagger","floor":1},{"not_picked":["Slice","Sucker Punch","Predator"],"picked":"SKIP","floor":5},{"not_picked":["Dagger Throw","Deadly Poison"],"picked":"Poisoned Stab","floor":7},{"not_picked":["Predator","Dagger Spray"],"picked":"Footwork","floor":10},{"not_picked":["Predator","Concentrate","Endless Agony"],"picked":"SKIP","floor":11},{"not_picked":["Dagger Throw","Poisoned Stab"],"picked":"PiercingWail","floor":13},{"not_picked":["Bullet Time","Eviscerate"],"picked":"Blur","floor":14}],"player_experience":867832,"relics_obtained":[{"floor":7,"key":"Oddly Smooth Stone"},{"floor":9,"key":"Bottled Flame"},{"floor":11,"key":"Tough Bandages"}],"event_choices":[{"damage_healed":0,"gold_gain":75,"player_choice":"Gather Gold","damage_taken":11,"max_hp_gain":0,"max_hp_loss":0,"event_name":"World of Goop","floor":2,"gold_loss":0},{"cards_removed":["Strike_G"],"damage_healed":0,"gold_gain":0,"player_choice":"Card Removal","damage_taken":0,"max_hp_gain":0,"max_hp_loss":0,"event_name":"The Cleric","floor":3,"gold_loss":75}],"is_beta":false,"boss_relics":[],"items_purged_floors":[],"is_endless":false,"potions_floor_spawned":[5,11,13],"killed_by":"The Guardian","ascension_level":15}