{"gold_per_floor":[116,191,27,46,24,58,23,49,49,49,49,49,68,84,84,180,180,199,213,213,213,228,86,96,19,96,96,96],"floor_reached":28,"playtime":1767,"items_purged":[],"score":276,"play_id":"5459ed89-b8f2-4057-bdbe-ed42b711be91","local_time":"20180720184316","is_ascension_mode":false,"campfire_choices":[{"data":"Feed","floor":10,"key":"SMITH"},{"data":"Immolate","floor":12,"key":"SMITH"},{"floor":15,"key":"REST"},{"data":"Berserk","floor":27,"key":"SMITH"}],"neow_cost":"NONE","seed_source_timestamp":13572400459911,"circlet_count":0,"master_deck":["Strike_R","Strike_R+1","Strike_R","Strike_R","Defend_R","Defend_R","Defend_R","Defend_R","Bash","Offering","Anger","Evolve","Reckless Charge","Flex+1","Sword Boomerang","Flex","Feed+1","Immolate+1","Bloodletting","Flex","Berserk+1","Reckless Charge","Sword Boomerang","Pummel","Intimidate","Shrug It Off","Warcry+1","Anger+1","Reckless Charge","Ghostly","Ghostly","Ghostly","Ghostly","Ghostly","Blood for Blood+1","Feed","Anger","J.A.X."],"relics":["Burning Blood","Pantograph","Strawberry","Boot","Orrery","Bottled Tornado"],"potions_floor_usage":[6,16,16,22],"damage_taken":[{"damage":10,"enemies":"2 Louse","floor":1,"turns":2},{"damage":12,"enemies":"Small Slimes","floor":4,"turns":2},{"damage":31,"enemies":"Lagavulin","floor":6,"turns":4},{"damage":27,"enemies":"3 Sentries","floor":8,"turns":5},{"damage":0,"enemies":"Jaw Worm","floor":13,"turns":1},{"damage":14,"enemies":"Blue Slaver","floor":14,"turns":4},{"damage":58,"enemies":"Hexaghost","floor":16,"turns":6},{"damage":37,"enemies":"Shell Parasite","floor":18,"turns":3},{"damage":29,"enemies":"Chosen","floor":19,"turns":4},{"damage":19,"enemies":"Snecko","floor":22,"turns":5},{"damage":8,"enemies":"3 Cultists","floor":24,"turns":5},{"damage":30,"enemies":"Snake Plant","floor":28,"turns":2}],"seed_played":"478822435478585447","potions_obtained":[{"floor":4,"key":"Fruit Juice"},{"floor":6,"key":"Ancient Potion"},{"floor":14,"key":"Swift Potion"},{"floor":18,"key":"AttackPotion"}],"is_trial":false,"path_per_floor":["M","?","$","M","$","E","?","E","T","R","?","R","M","M","R","B",null,"M","M","?","?","M","$","M","?","T","R"],"character_chosen":"IRONCLAD","items_purchased":["Evolve","Reckless Charge","Flex","Flex","Feed"],"campfire_rested":1,"item_purchase_floors":[3,3,3,5,23],"current_hp_per_floor":[76,65,65,59,59,39,60,49,49,49,30,30,36,28,56,29,95,64,41,41,41,28,28,30,30,30,30,0],"gold":96,"neow_bonus":"ONE_RANDOM_RARE_CARD","is_prod":false,"is_daily":false,"chose_seed":false,"campfire_upgraded":3,"win_rate":0.0,"timestamp":1532092396,"path_taken":["M","?","$","M","$","E","?","E","T","R","?","R","M","M","R","BOSS","M","M","?","?","M","$","M","?","T","R","M"],"build_version":"2018-07-19","purchased_purges":0,"victory":false,"max_hp_per_floor":[80,80,80,80,80,85,85,95,95,95,95,95,95,95,95,95,95,95,95,95,47,47,47,51,51,51,51,51],"card_choices":[{"not_picked":["Warcry","Inflame"],"picked":"Anger","floor":1},{"not_picked":["Headbutt","Uppercut"],"picked":"Sword Boomerang","floor":4},{"not_picked":["Heavy Blade","Wild Strike"],"picked":"Feed","floor":6},{"not_picked":["Offering","Pommel Strike"],"picked":"Immolate","floor":8},{"not_picked":["Sword Boomerang","Burning Pact"],"picked":"Bloodletting","floor":13},{"not_picked":["Heavy Blade","True Grit"],"picked":"Flex","floor":14},{"not_picked":["Barricade","Fiend Fire"],"picked":"Berserk","floor":16},{"not_picked":["Pommel Strike","Pummel"],"picked":"Reckless Charge","floor":17},{"not_picked":["Headbutt","Inflame"],"picked":"Sword Boomerang","floor":17},{"not_picked":["Wild Strike","Corruption"],"picked":"Pummel","floor":17},{"not_picked":["Pummel","Thunderclap"],"picked":"Intimidate","floor":17},{"not_picked":["Pommel Strike","Wild Strike"],"picked":"Shrug It Off","floor":17},{"not_picked":["True Grit+1","Armaments"],"picked":"Warcry+1","floor":18},{"not_picked":["Sever Soul","Feel No Pain"],"picked":"Anger+1","floor":19},{"not_picked":["Thunderclap","Clothesline"],"picked":"Blood for Blood+1","floor":22},{"not_picked":["Wild Strike","Flex"],"picked":"Anger","floor":24}],"player_experience":25323,"relics_obtained":[{"floor":6,"key":"Pantograph"},{"floor":8,"key":"Strawberry"},{"floor":9,"key":"Boot"},{"floor":26,"key":"Bottled Tornado"}],"event_choices":[{"event_name":"World of Goop","player_choice":"Gather Gold","floor":2,"damage_taken":0},{"event_name":"The Cleric","player_choice":"Healed","floor":7,"damage_taken":0},{"event_name":"Shining Light","player_choice":"Entered Light","floor":11,"damage_taken":0},{"event_name":"Transmorgrifier","player_choice":"Transform","floor":20,"damage_taken":0},{"event_name":"Ghosts","player_choice":"Became a Ghost","floor":21,"damage_taken":0},{"event_name":"Drug Dealer","player_choice":"Got JAXXED","floor":25,"damage_taken":0}],"is_beta":false,"boss_relics":[{"not_picked":["White Beast Statue","Eternal Feather"],"picked":"Orrery"}],"items_purged_floors":[],"is_endless":false,"potions_floor_spawned":[4,6,14,18],"killed_by":"Snake Plant","ascension_level":0}