{"gold_per_floor":[112,187,187,3,3,28,28,46,91,104,69,86,98,110,110,208,208,223,146,146,146,31,59,71,71,95,107,107],"floor_reached":28,"playtime":1408,"items_purged":[],"score":250,"play_id":"5d591ce3-8090-4cb6-8893-382b9316d107","local_time":"20180818174631","is_ascension_mode":true,"campfire_choices":[{"data":"Dualcast","floor":7.0,"key":"SMITH"},{"floor":15.0,"key":"REST"},{"floor":25.0,"key":"REST"}],"neow_cost":"PERCENT_DAMAGE","seed_source_timestamp":0,"circlet_count":0,"master_deck":["Strike_B","Defend_B","Defend_B","Zap","Dualcast+1","Redo","Compile Driver","Streamline","Gash","Doom and Gloom","Meteor Strike","Steam Power","Hologram","Scrape","Steam","Coolheaded","Defragment","Creative AI","Chaos","J.A.X.","Static Discharge","Chaos","Coolheaded","Force Field+1","Amplify"],"special_seed":0,"relics":["Cracked Core","Potion Belt","Turnip","Boot","Nuclear Battery","Question Card","Bottled Flame","Bag of Marbles"],"potions_floor_usage":[28],"damage_taken":[{"damage":0.0,"enemies":"Small Slimes","floor":1.0,"turns":2.0},{"damage":25.0,"enemies":"3 Sentries","floor":6.0,"turns":5.0},{"damage":8.0,"enemies":"Jaw Worm","floor":8.0,"turns":3.0},{"damage":0.0,"enemies":"2 Louse","floor":10.0,"turns":1.0},{"damage":7.0,"enemies":"Large Slime","floor":12.0,"turns":4.0},{"damage":0.0,"enemies":"Gremlin Gang","floor":13.0,"turns":2.0},{"damage":0.0,"enemies":"Blue Slaver","floor":14.0,"turns":3.0},{"damage":27.0,"enemies":"The Guardian","floor":16.0,"turns":8.0},{"damage":11.0,"enemies":"Shell Parasite","floor":18.0,"turns":5.0},{"damage":32.0,"enemies":"Book of Stabbing","floor":23.0,"turns":4.0},{"damage":13.0,"enemies":"Chosen","floor":24.0,"turns":3.0},{"damage":27.0,"enemies":"3 Cultists","floor":27.0,"turns":4.0},{"damage":24,"enemies":"Slavers","floor":28,"turns":1}],"seed_played":"7783977121706051196","potions_obtained":[{"floor":6.0,"key":"Fire Potion"},{"floor":8.0,"key":"SmokeBomb"},{"floor":10.0,"key":"SteroidPotion"},{"floor":13.0,"key":"Ancient Potion"},{"floor":16.0,"key":"LiquidBronze"},{"floor":27.0,"key":"Fire Potion"}],"is_trial":false,"path_per_floor":["M","?","?","$","?","E","R","M","T","M","?","M","M","M","R","B",null,"M","?","?","?","$","E","M","R","T","M"],"character_chosen":"DEFECT","items_purchased":["Doom and Gloom","Potion Belt","Static Discharge","Chaos"],"campfire_rested":2,"item_purchase_floors":[4,4,22,22],"current_hp_per_floor":[54,43,43,43,43,18,18,10,10,10,28,21,21,21,43,16,75,64,64,64,64,64,32,19,41,41,14,0],"gold":107,"neow_bonus":"TRANSFORM_TWO_CARDS","is_prod":false,"is_daily":false,"chose_seed":false,"campfire_upgraded":1,"win_rate":0,"timestamp":1534610791,"path_taken":["M","?","?","$","?","E","R","M","T","?","?","M","M","M","R","BOSS","M","?","?","?","$","E","M","R","T","M","E"],"build_version":"2018-08-16","purchased_purges":0,"victory":false,"max_hp_per_floor":[75,75,75,75,75,75,75,75,75,75,75,75,75,75,75,75,75,75,75,75,75,75,75,75,75,75,75,75],"card_choices":[{"not_picked":["Rip and Tear","Blizzard"],"picked":"Streamline","floor":1.0},{"not_picked":["Conserve Battery","Cold Snap"],"picked":"Steam Power","floor":6.0},{"not_picked":["Darkness","Stack"],"picked":"Hologram","floor":8.0},{"not_picked":["Aggregate","Leap"],"picked":"Scrape","floor":10.0},{"not_picked":["Rip and Tear","Barrage"],"picked":"Steam","floor":12.0},{"not_picked":["Buffer","Lockon"],"picked":"Coolheaded","floor":13.0},{"not_picked":["Hello World","Leap"],"picked":"Defragment","floor":14.0},{"not_picked":["Echo Form","Seek"],"picked":"Creative AI","floor":16.0},{"not_picked":["Conserve Battery+1","Barrage"],"picked":"Chaos","floor":18.0},{"not_picked":["Steam Power","Rip and Tear","Turbo"],"picked":"Coolheaded","floor":23.0},{"not_picked":["Chaos","Leap","Steam+1"],"picked":"Force Field+1","floor":24.0},{"not_picked":["Go for the Eyes+1","Streamline+1","Barrage"],"picked":"Amplify","floor":27.0}],"player_experience":113828,"relics_obtained":[{"floor":6.0,"key":"Turnip"},{"floor":9.0,"key":"Boot"},{"floor":23.0,"key":"Bottled Flame"},{"floor":26.0,"key":"Bag of Marbles"}],"event_choices":[{"event_name":"World of Goop","player_choice":"Gather Gold","floor":2.0,"damage_taken":0.0},{"event_name":"Living Wall","player_choice":"Change","floor":3.0,"damage_taken":0.0},{"event_name":"Transmorgrifier","player_choice":"Transform","floor":5.0,"damage_taken":0.0},{"event_name":"The Cleric","player_choice":"Healed","floor":11.0,"damage_taken":0.0},{"event_name":"Drug Dealer","player_choice":"Got JAXXED","floor":19.0,"damage_taken":0.0},{"event_name":"Bonfire Elementals","player_choice":"BASIC","floor":20.0,"damage_taken":0.0},{"event_name":"Accursed Blacksmith","player_choice":"Rummage","floor":21.0,"damage_taken":0.0}],"is_beta":false,"boss_relics":[{"not_picked":["Pandora\u0027s Box","Calling Bell"],"picked":"Nuclear Battery"}],"items_purged_floors":[],"is_endless":false,"potions_floor_spawned":[6,8,10,13,16,27],"killed_by":"Slavers","ascension_level":1}