{"gold_per_floor":[111,111,129,147,158,191,204,204],"floor_reached":8,"playtime":565,"items_purged":[],"score":60,"play_id":"00457538-1920-4641-8f75-eb148a96e9dc","local_time":"20181122060857","is_ascension_mode":false,"campfire_choices":[],"neow_cost":"NONE","seed_source_timestamp":18077681482130,"circlet_count":0,"master_deck":["Strike_B","Strike_B","Strike_B","Strike_B","Defend_B","Defend_B","Defend_B","Defend_B","Zap","Dualcast","Storm+1","Conserve Battery","Fusion","Glacier","Hologram"],"relics":["Snecko Eye","Bottled Flame"],"potions_floor_usage":[7],"damage_taken":[{"damage":3,"enemies":"Jaw Worm","floor":1,"turns":3},{"damage":1,"enemies":"Cultist","floor":3,"turns":3},{"damage":0,"enemies":"2 Louse","floor":4,"turns":2},{"damage":5,"enemies":"Looter","floor":5,"turns":4},{"damage":38,"enemies":"3 Sentries","floor":6,"turns":11},{"damage":19,"enemies":"Exordium Thugs","floor":7,"turns":8},{"damage":11,"enemies":"Gremlin Nob","floor":8,"turns":3}],"seed_played":"-8671364198233013457","potions_obtained":[{"floor":1,"key":"Ancient Potion"},{"floor":4,"key":"Poison Potion"},{"floor":6,"key":"SpeedPotion"}],"is_trial":false,"path_per_floor":["M","?","M","M","M","E","M","E"],"character_chosen":"DEFECT","items_purchased":[],"campfire_rested":0,"item_purchase_floors":[],"current_hp_per_floor":[72,72,71,71,66,28,9,0],"gold":204,"neow_bonus":"BOSS_RELIC","is_prod":false,"is_daily":false,"chose_seed":false,"campfire_upgraded":0,"win_rate":0,"timestamp":1542895737,"path_taken":["M","?","M","M","M","E","?","E"],"build_version":"2018-11-15","purchased_purges":0,"victory":false,"max_hp_per_floor":[75,75,75,75,75,75,75,75],"card_choices":[{"not_picked":["Stack","Leap"],"picked":"Storm","floor":1},{"not_picked":["Aggregate","Redo"],"picked":"Conserve Battery","floor":3},{"not_picked":["Ball Lightning","Hologram"],"picked":"Fusion","floor":4},{"not_picked":["Beam Cell","Undo"],"picked":"Glacier","floor":5},{"not_picked":["Barrage","Steam Power"],"picked":"Hologram","floor":6},{"not_picked":["Rebound","Barrage","Coolheaded"],"picked":"SKIP","floor":7}],"player_experience":467973,"relics_obtained":[{"floor":6,"key":"Bottled Flame"}],"event_choices":[{"damage_healed":0,"gold_gain":0,"player_choice":"Upgraded","damage_taken":0,"max_hp_gain":0,"max_hp_loss":0,"event_name":"Upgrade Shrine","floor":2,"gold_loss":0,"cards_upgraded":["Storm"]}],"is_beta":false,"boss_relics":[],"items_purged_floors":[],"is_endless":false,"potions_floor_spawned":[1,4,6],"killed_by":"Gremlin Nob","ascension_level":0}