{"gold_per_floor":[109,109,122,72,72,72,98,98,98,124,144,144,156,191,191,290,290,290,290,180,57,57,57,57,57,57,57,57,57,57,57,57,57,57,57,57,7,7,7,7,7,7,7,7,7,7,7,7,7,7,7,7,7,7,7],"floor_reached":56,"playtime":2751,"items_purged":["Defend_G"],"score":1329,"play_id":"0850dbc7-2271-48e3-aee4-7ce624f6f53b","local_time":"20190610182441","is_ascension_mode":true,"campfire_choices":[{"data":"Well Laid Plans","floor":6.0,"key":"SMITH"},{"data":"Cloak And Dagger","floor":8.0,"key":"SMITH"},{"data":"Caltrops","floor":15.0,"key":"SMITH"},{"data":"Blade Dance","floor":23.0,"key":"SMITH"},{"data":"Malaise","floor":29.0,"key":"SMITH"},{"data":"Adrenaline","floor":32.0,"key":"SMITH"},{"data":"Backflip","floor":41.0,"key":"SMITH"},{"data":"Leg Sweep","floor":44.0,"key":"SMITH"},{"floor":49.0,"key":"RECALL"},{"data":"Cloak And Dagger","floor":52,"key":"SMITH"}],"neow_cost":"NONE","seed_source_timestamp":12738538588085,"circlet_count":0,"master_deck":["Defend_G","Defend_G","Defend_G","Defend_G","Strike_G","Strike_G","Strike_G","Survivor","Neutralize+1","PiercingWail","Well Laid Plans+1","Malaise+1","Cloak And Dagger+1","Flechettes+1","Endless Agony+1","Quick Slash+1","Caltrops+1","Adrenaline+1","Dagger Spray+1","Infinite Blades","Blade Dance+1","RitualDagger+1","Leg Sweep+1","Infinite Blades","Backflip+1","Dodge and Roll+1","Blade Dance+1","Crippling Poison+1","Cloak And Dagger+1","Accuracy","Flash of Steel+1","Good Instincts","Good Instincts","Cloak And Dagger+1"],"special_seed":0,"relics":["Ring of the Snake","Potion Belt","Nunchaku","Molten Egg 2","Kunai","Singing Bowl","Ectoplasm","Pen Nib","Ornamental Fan","Orichalcum","Red Mask","Incense Burner","Black Star","Bag of Preparation","Dream Catcher","Dodecahedron","Shovel","Mercury Hourglass","Thread and Needle"],"potions_floor_usage":[55,55,55],"damage_taken":[{"damage":0.0,"enemies":"Jaw Worm","floor":1.0,"turns":5.0},{"damage":0.0,"enemies":"Cultist","floor":3.0,"turns":4.0},{"damage":31.0,"enemies":"Gremlin Nob","floor":7.0,"turns":7.0},{"damage":7.0,"enemies":"Lagavulin","floor":10.0,"turns":11.0},{"damage":0.0,"enemies":"2 Louse","floor":11.0,"turns":2.0},{"damage":0.0,"enemies":"Blue Slaver","floor":13.0,"turns":3.0},{"damage":7.0,"enemies":"Gremlin Nob","floor":14.0,"turns":4.0},{"damage":22.0,"enemies":"Slime Boss","floor":16.0,"turns":14.0},{"damage":0.0,"enemies":"Spheric Guardian","floor":18.0,"turns":3.0},{"damage":0.0,"enemies":"Shell Parasite","floor":19.0,"turns":4.0},{"damage":6.0,"enemies":"Gremlin Leader","floor":24.0,"turns":4.0},{"damage":0.0,"enemies":"Centurion and Healer","floor":25.0,"turns":5.0},{"damage":19.0,"enemies":"Slavers","floor":27.0,"turns":3.0},{"damage":0.0,"enemies":"Shelled Parasite and Fungi","floor":28.0,"turns":4.0},{"damage":0.0,"enemies":"Masked Bandits","floor":30.0,"turns":2.0},{"damage":3.0,"enemies":"Gremlin Leader","floor":31.0,"turns":4.0},{"damage":30.0,"enemies":"Collector","floor":33.0,"turns":12.0},{"damage":0.0,"enemies":"Orb Walker","floor":35.0,"turns":3.0},{"damage":0.0,"enemies":"3 Darklings","floor":39.0,"turns":5.0},{"damage":13.0,"enemies":"Reptomancer","floor":40.0,"turns":8.0},{"damage":0.0,"enemies":"4 Shapes","floor":42.0,"turns":3.0},{"damage":2.0,"enemies":"Transient","floor":45.0,"turns":5.0},{"damage":16.0,"enemies":"Nemesis","floor":46.0,"turns":7.0},{"damage":11.0,"enemies":"Time Eater","floor":50.0,"turns":11.0},{"damage":0,"enemies":"Shield and Spear","floor":54,"turns":6},{"damage":37,"enemies":"The Heart","floor":55,"turns":11}],"seed_played":"2258676941793983407","potions_obtained":[{"floor":1.0,"key":"Dexterity Potion"},{"floor":13.0,"key":"SteroidPotion"},{"floor":14.0,"key":"Weak Potion"},{"floor":24.0,"key":"Fire Potion"},{"floor":28.0,"key":"SpeedPotion"},{"floor":30.0,"key":"Fire Potion"},{"floor":31.0,"key":"GhostInAJar"},{"floor":42.0,"key":"SkillPotion"}],"is_trial":false,"path_per_floor":["M","?","M","?","?","R","E","R","T","E","M","?","M","E","R","B",null,"M","M","$","$","?","R","E","M","T","E","M","R","?","E","R","B",null,"M","?","$","?","M","E","R","M","T","R","M","E","?","?","R","B",null,"R","$","E","B",null],"character_chosen":"THE_SILENT","items_purchased":["Infinite Blades","Blade Dance","GhostInAJar","Backflip"],"campfire_rested":0,"item_purchase_floors":[20,21,21,37],"current_hp_per_floor":[70,70,70,70,70,70,39,39,39,32,32,32,32,25,25,3,70,70,72,72,72,66,66,62,64,64,47,49,49,49,48,48,20,84,84,80,80,80,80,67,67,67,67,67,65,49,49,39,39,28,80,80,80,80,43],"gold":7,"neow_bonus":"RANDOM_COMMON_RELIC","is_prod":false,"is_daily":false,"chose_seed":false,"campfire_upgraded":9,"win_rate":0,"timestamp":1560180281,"path_taken":["M","?","?","?","?","R","E","R","T","E","?","?","M","E","R","BOSS","M","M","?","$","?","R","E","M","T","E","M","R","?","E","R","BOSS","M","?","$","?","M","E","R","M","T","R","?","E","?","?","R","BOSS","R","$","E","BOSS"],"build_version":"2019-01-23","purchased_purges":1,"victory":true,"max_hp_per_floor":[70,70,70,70,70,70,70,70,70,70,70,70,70,70,70,70,70,70,72,72,72,72,72,74,76,76,78,80,80,80,82,82,84,84,84,80,80,80,80,80,80,80,80,80,80,80,80,80,80,80,80,80,80,80,80],"card_choices":[{"not_picked":["Concentrate","Dodge and Roll"],"picked":"PiercingWail","floor":1.0},{"not_picked":["Heel Hook","Blade Dance"],"picked":"Well Laid Plans","floor":3.0},{"not_picked":["Bouncing Flask","Sucker Punch"],"picked":"Cloak And Dagger","floor":7.0},{"not_picked":["Backflip","Catalyst"],"picked":"Flechettes+1","floor":10.0},{"not_picked":["Sucker Punch+1","Acrobatics"],"picked":"Endless Agony+1","floor":11.0},{"not_picked":["Endless Agony+1","Dagger Throw+1"],"picked":"Quick Slash+1","floor":13.0},{"not_picked":["Backflip","Skewer+1"],"picked":"Caltrops","floor":14.0},{"not_picked":["Storm of Steel","Envenom"],"picked":"Adrenaline","floor":16.0},{"not_picked":["Quick Slash+1","Finisher+1"],"picked":"Dagger Spray+1","floor":18.0},{"not_picked":["Outmaneuver","Slice+1","Deadly Poison"],"picked":"Singing Bowl","floor":19.0},{"not_picked":["All Out Attack+1","Catalyst","Dagger Throw+1"],"picked":"Singing Bowl","floor":24.0},{"not_picked":["Dagger Spray+1","Flying Knee+1","Concentrate"],"picked":"Singing Bowl","floor":25.0},{"not_picked":["Predator+1","Escape Plan","Heel Hook+1"],"picked":"Singing Bowl","floor":27.0},{"not_picked":["Quick Slash+1","Grand Finale+1","Dagger Spray+1"],"picked":"Singing Bowl","floor":28.0},{"not_picked":["Backflip","Underhanded Strike+1"],"picked":"Leg Sweep","floor":30.0},{"not_picked":["Slice+1","Prepared","Setup+1"],"picked":"Singing Bowl","floor":31.0},{"not_picked":["Glass Knife+1","Venomology","Doppelganger"],"picked":"Singing Bowl","floor":33.0},{"not_picked":["Concentrate+1","Accuracy"],"picked":"Infinite Blades","floor":35.0},{"not_picked":["Dagger Throw+1","Prepared+1"],"picked":"Dodge and Roll+1","floor":39.0},{"not_picked":["Backflip","Flying Knee+1"],"picked":"Blade Dance+1","floor":40.0},{"not_picked":["Slice+1","Poisoned Stab+1"],"picked":"Crippling Poison+1","floor":42.0},{"not_picked":["Choke+1","Distraction+1"],"picked":"Cloak And Dagger","floor":45.0},{"not_picked":["Tactician+1","Flying Knee+1"],"picked":"Accuracy","floor":46.0},{"not_picked":["Blind","Good Instincts"],"picked":"Flash of Steel+1","floor":48.0},{"not_picked":["Jack Of All Trades","Forethought"],"picked":"Good Instincts","floor":48.0},{"not_picked":["Deep Breath","Purity"],"picked":"Good Instincts","floor":48.0},{"not_picked":["PiercingWail+1","Dodge and Roll"],"picked":"Cloak And Dagger+1","floor":54}],"player_experience":957551,"relics_obtained":[{"floor":7.0,"key":"Nunchaku"},{"floor":9.0,"key":"Molten Egg 2"},{"floor":10.0,"key":"Kunai"},{"floor":14.0,"key":"Singing Bowl"},{"floor":24.0,"key":"Pen Nib"},{"floor":26.0,"key":"Ornamental Fan"},{"floor":27.0,"key":"Orichalcum"},{"floor":30.0,"key":"Red Mask"},{"floor":31.0,"key":"Incense Burner"},{"floor":40.0,"key":"Bag of Preparation"},{"floor":40.0,"key":"Dream Catcher"},{"floor":46.0,"key":"Dodecahedron"},{"floor":46.0,"key":"Shovel"},{"floor":54,"key":"Mercury Hourglass"},{"floor":54,"key":"Thread and Needle"}],"event_choices":[{"damage_healed":0.0,"max_hp_gain":0.0,"max_hp_loss":0.0,"gold_gain":0.0,"event_name":"Accursed Blacksmith","player_choice":"Forge","floor":2.0,"gold_loss":0.0,"damage_taken":0.0,"cards_upgraded":["Neutralize"]},{"cards_removed":["Strike_G"],"damage_healed":0.0,"max_hp_gain":0.0,"max_hp_loss":0.0,"gold_gain":0.0,"event_name":"The Cleric","player_choice":"Card Removal","floor":4.0,"gold_loss":50.0,"damage_taken":0.0},{"damage_healed":0.0,"max_hp_gain":0.0,"max_hp_loss":0.0,"gold_gain":0.0,"event_name":"Match and Keep!","player_choice":"1 cards matched","floor":5.0,"gold_loss":0.0,"damage_taken":0.0,"cards_obtained":["Malaise"]},{"cards_removed":["Strike_G"],"damage_healed":0.0,"max_hp_gain":0.0,"max_hp_loss":0.0,"gold_gain":0.0,"event_name":"Purifier","player_choice":"Purged","floor":12.0,"gold_loss":0.0,"damage_taken":0.0},{"damage_healed":0.0,"max_hp_gain":0.0,"max_hp_loss":0.0,"gold_gain":0.0,"event_name":"Nest","player_choice":"Joined the Cult","floor":22.0,"gold_loss":0.0,"damage_taken":6.0,"cards_obtained":["RitualDagger"]},{"damage_healed":0.0,"max_hp_gain":0.0,"max_hp_loss":0.0,"gold_gain":0.0,"event_name":"Masked Bandits","player_choice":"Fought Bandits","floor":30.0,"gold_loss":0.0,"damage_taken":0.0},{"damage_healed":0.0,"max_hp_gain":0.0,"max_hp_loss":4.0,"gold_gain":0.0,"event_name":"Winding Halls","player_choice":"Max HP","floor":36.0,"gold_loss":0.0,"damage_taken":0.0},{"damage_healed":0.0,"max_hp_gain":0.0,"max_hp_loss":0.0,"gold_gain":0.0,"event_name":"NoteForYourself","player_choice":"Ignored","floor":38.0,"gold_loss":0.0,"damage_taken":0.0},{"damage_healed":0.0,"max_hp_gain":0.0,"max_hp_loss":0.0,"gold_gain":222.0,"event_name":"Tomb of Lord Red Mask","player_choice":"Wore Mask","floor":47.0,"gold_loss":0.0,"damage_taken":0.0},{"damage_healed":0.0,"max_hp_gain":0.0,"max_hp_loss":0.0,"gold_gain":0.0,"event_name":"SensoryStone","player_choice":"Memory 3","floor":48.0,"gold_loss":0.0,"damage_taken":10.0}],"is_beta":false,"boss_relics":[{"not_picked":["Astrolabe","Calling Bell"],"picked":"Ectoplasm"},{"not_picked":["Runic Pyramid","White Beast Statue"],"picked":"Black Star"}],"items_purged_floors":[20],"is_endless":false,"potions_floor_spawned":[1,13,14,24,28,30,31,39,42],"ascension_level":1}