{"gold_per_floor":[118,134,149,166,183,183,183,217,217,235,235,16,51,51,51,147,147,157,82,100,110,122,122,136,148,148,168,181,181,181,198,198,301,301,319,333,33,47,57,57,76,76,149,162,162,180,180,280,280,280],"floor_reached":51,"playtime":4608,"items_purged":["Strike_R","Defend_R"],"score":669,"play_id":"a0b3200f-8b97-4de3-b65b-d2a597455273","local_time":"20190503163048","is_ascension_mode":false,"campfire_choices":[{"data":"Feed","floor":6,"key":"SMITH"},{"data":"Whirlwind","floor":11,"key":"SMITH"},{"data":"Warcry","floor":15,"key":"SMITH"},{"data":"Double Tap","floor":23,"key":"SMITH"},{"data":"Double Tap","floor":30,"key":"SMITH"},{"data":"Headbutt","floor":32,"key":"SMITH"},{"data":"Iron Wave","floor":40,"key":"SMITH"},{"data":"Double Tap","floor":42,"key":"SMITH"},{"data":"Bash","floor":45,"key":"SMITH"},{"floor":49,"key":"REST"}],"neow_cost":"PERCENT_DAMAGE","seed_source_timestamp":20681859878337,"circlet_count":0,"master_deck":["Strike_R","Strike_R","Strike_R","Strike_R","Defend_R","Defend_R","Defend_R","Bash+1","Iron Wave+1","Feed+1","Shrug It Off+1","Whirlwind+1","Bandage Up+1","Warcry+1","Double Tap+1","Headbutt+1","True Grit+1","Headbutt+1","Headbutt+1","Battle Trance+1","Double Tap+1","Double Tap+1","Evolve+1","Parasite","Disarm+1","Madness","Madness","Flex+1"],"relics":["Burning Blood","Ancient Tea Set","Thread and Needle","Meat on the Bone","Velvet Choker","Incense Burner","Mark of Pain","ClockworkSouvenir","Ornamental Fan","Magic Flower"],"potions_floor_usage":[8,13,13,20,33,33,33,41,44,50,50],"damage_taken":[{"damage":5,"enemies":"Small Slimes","floor":1,"turns":3},{"damage":1,"enemies":"Cultist","floor":2,"turns":3},{"damage":3,"enemies":"Jaw Worm","floor":3,"turns":5},{"damage":8,"enemies":"Blue Slaver","floor":4,"turns":5},{"damage":9,"enemies":"2 Fungi Beasts","floor":5,"turns":5},{"damage":30,"enemies":"Lagavulin","floor":8,"turns":9},{"damage":0,"enemies":"3 Louse","floor":10,"turns":4},{"damage":9,"enemies":"3 Sentries","floor":13,"turns":6},{"damage":72,"enemies":"Slime Boss","floor":16,"turns":12},{"damage":12,"enemies":"Chosen","floor":18,"turns":5},{"damage":12,"enemies":"Spheric Guardian","floor":20,"turns":4},{"damage":11,"enemies":"Snecko","floor":21,"turns":5},{"damage":22,"enemies":"3 Cultists","floor":22,"turns":4},{"damage":5,"enemies":"Shelled Parasite and Fungi","floor":24,"turns":4},{"damage":27,"enemies":"Snake Plant","floor":25,"turns":5},{"damage":15,"enemies":"3 Cultists","floor":27,"turns":5},{"damage":7,"enemies":"Cultist and Chosen","floor":28,"turns":6},{"damage":15,"enemies":"Centurion and Healer","floor":31,"turns":4},{"damage":56,"enemies":"Collector","floor":33,"turns":11},{"damage":27,"enemies":"3 Shapes","floor":35,"turns":6},{"damage":8,"enemies":"Orb Walker","floor":36,"turns":4},{"damage":62,"enemies":"Writhing Mass","floor":38,"turns":7},{"damage":0,"enemies":"Jaw Worm Horde","floor":39,"turns":3},{"damage":19,"enemies":"3 Darklings","floor":41,"turns":4},{"damage":0,"enemies":"Transient","floor":44,"turns":5},{"damage":26,"enemies":"Maw","floor":46,"turns":7},{"damage":21,"enemies":"Mind Bloom Boss Battle","floor":48,"turns":6},{"damage":80,"enemies":"Awakened One","floor":50,"turns":10}],"seed_played":"-8444088053798075374","potions_obtained":[{"floor":3,"key":"LiquidBronze"},{"floor":4,"key":"Dexterity Potion"},{"floor":16,"key":"EssenceOfSteel"},{"floor":18,"key":"SkillPotion"},{"floor":25,"key":"SteroidPotion"},{"floor":27,"key":"Ancient Potion"},{"floor":33,"key":"Dexterity Potion"},{"floor":35,"key":"Energy Potion"},{"floor":39,"key":"EssenceOfSteel"},{"floor":48,"key":"Weak Potion"}],"is_trial":false,"path_per_floor":["M","M","M","M","M","R","?","E","T","M","R","$","E","?","R","B",null,"M","$","M","M","M","R","M","M","T","M","M","?","R","M","R","B",null,"M","M","$","M","M","R","M","R","T","M","R","M","?","?","R","B",null],"character_chosen":"IRONCLAD","items_purchased":["Bandage Up","Regen Potion","Poison Potion","ClockworkSouvenir"],"campfire_rested":1,"item_purchase_floors":[12,12,12,37],"current_hp_per_floor":[73,78,81,79,79,79,79,59,59,69,69,69,89,89,89,45,115,119,119,113,114,107,107,118,103,103,104,113,113,113,114,114,82,139,128,132,132,82,88,88,81,81,81,93,93,79,61,64,106,62],"gold":280,"neow_bonus":"TWENTY_PERCENT_HP_BONUS","is_prod":false,"is_daily":false,"chose_seed":false,"campfire_upgraded":9,"win_rate":0.0,"timestamp":1556893848,"path_taken":["M","M","M","M","M","R","?","E","T","?","R","$","E","?","R","BOSS","M","$","M","M","M","R","M","M","T","M","M","?","R","M","R","BOSS","M","M","$","M","M","R","M","R","T","M","R","M","?","?","R","BOSS"],"build_version":"2019-01-23","purchased_purges":2,"victory":true,"max_hp_per_floor":[96,96,96,96,99,99,99,103,103,107,107,107,111,111,111,115,115,119,119,119,119,123,123,127,127,127,131,135,135,135,139,139,139,139,143,143,143,143,143,143,143,143,143,143,143,143,143,143,143,143],"card_choices":[{"not_picked":["Iron Wave","Armaments","Flex"],"picked":"SKIP","floor":1},{"not_picked":["Clash","Wild Strike","Blood for Blood"],"picked":"SKIP","floor":2},{"not_picked":["Heavy Blade","Wild Strike"],"picked":"Iron Wave","floor":3},{"not_picked":["Dropkick","Twin Strike"],"picked":"Feed","floor":4},{"not_picked":["True Grit","Perfected Strike"],"picked":"Shrug It Off","floor":5},{"not_picked":["Perfected Strike","Infernal Blade","Body Slam"],"picked":"SKIP","floor":8},{"not_picked":["Searing Blow","Perfected Strike"],"picked":"Whirlwind","floor":10},{"not_picked":["Wild Strike","Sword Boomerang"],"picked":"Warcry","floor":13},{"not_picked":["Immolate","Offering"],"picked":"Double Tap","floor":16},{"not_picked":["Reckless Charge","Sword Boomerang+1"],"picked":"Headbutt+1","floor":18},{"not_picked":["Second Wind","Reckless Charge"],"picked":"True Grit+1","floor":20},{"not_picked":["Sever Soul","Clothesline"],"picked":"Headbutt","floor":21},{"not_picked":["Havoc","Twin Strike+1"],"picked":"Headbutt+1","floor":22},{"not_picked":["Power Through","Spot Weakness","Wild Strike"],"picked":"SKIP","floor":24},{"not_picked":["Pommel Strike+1","Clash"],"picked":"Battle Trance+1","floor":25},{"not_picked":["Hemokinesis","Havoc"],"picked":"Double Tap","floor":27},{"not_picked":["Shrug It Off","Burning Pact","Armaments"],"picked":"SKIP","floor":28},{"not_picked":["Wild Strike","Ghostly Armor","Armaments"],"picked":"SKIP","floor":31},{"not_picked":["Offering","Juggernaut"],"picked":"Double Tap","floor":33},{"not_picked":["Clash+1","Wild Strike+1","Warcry+1"],"picked":"SKIP","floor":35},{"not_picked":["Headbutt","Hemokinesis+1"],"picked":"Evolve+1","floor":36},{"not_picked":["Anger+1","Perfected Strike","Dropkick+1"],"picked":"SKIP","floor":38},{"not_picked":["Blood for Blood","Exhume","Wild Strike"],"picked":"SKIP","floor":39},{"not_picked":["Havoc","Thunderclap"],"picked":"Disarm+1","floor":41},{"not_picked":["Pommel Strike","Havoc","Shrug It Off"],"picked":"SKIP","floor":44},{"not_picked":["Clash+1","Perfected Strike+1","Twin Strike"],"picked":"SKIP","floor":46},{"not_picked":["Heavy Blade","Power Through+1"],"picked":"Flex+1","floor":48}],"player_experience":128079,"relics_obtained":[{"floor":8,"key":"Ancient Tea Set"},{"floor":9,"key":"Thread and Needle"},{"floor":13,"key":"Meat on the Bone"},{"floor":26,"key":"Incense Burner"},{"floor":43,"key":"Ornamental Fan"},{"floor":48,"key":"Magic Flower"}],"event_choices":[{"damage_healed":0,"gold_gain":0,"player_choice":"Upgraded","damage_taken":0,"max_hp_gain":0,"max_hp_loss":0,"event_name":"Upgrade Shrine","floor":7,"gold_loss":0,"cards_upgraded":["Shrug It Off"]},{"damage_healed":0,"gold_gain":0,"player_choice":"Grow","damage_taken":0,"max_hp_gain":0,"max_hp_loss":0,"event_name":"Living Wall","floor":14,"gold_loss":0,"cards_upgraded":["Bandage Up"]},{"damage_healed":0,"gold_gain":0,"player_choice":"Ignored","damage_taken":0,"max_hp_gain":0,"max_hp_loss":0,"event_name":"The Mausoleum","floor":29,"gold_loss":0},{"damage_healed":0,"gold_gain":0,"player_choice":"Embrace Madness","damage_taken":18,"max_hp_gain":0,"max_hp_loss":0,"event_name":"Winding Halls","floor":47,"gold_loss":0,"cards_obtained":["Madness","Madness"]},{"damage_healed":0,"gold_gain":0,"player_choice":"Fight","damage_taken":0,"max_hp_gain":0,"max_hp_loss":0,"event_name":"MindBloom","floor":48,"gold_loss":0}],"is_beta":false,"boss_relics":[{"not_picked":["Lizard Tail","Black Blood"],"picked":"Velvet Choker"},{"not_picked":["Runic Cube","Black Star"],"picked":"Mark of Pain"}],"items_purged_floors":[19,37],"is_endless":false,"potions_floor_spawned":[3,4,16,18,25,27,31,33,35,39,48],"ascension_level":0}