{"gold_per_floor":[112,127,127,144,144,170,170,181,181,191,209,209,236,249,249,348,348,331,331,79,96,96,96,15,26,26,51,67,86,86,111,111,111],"floor_reached":33,"playtime":2907,"items_purged":["Strike_R"],"score":299,"play_id":"6650418d-a153-44ca-93ce-b8374de1cd2c","local_time":"20190716160615","is_ascension_mode":false,"campfire_choices":[{"data":"Armaments","floor":7,"key":"SMITH"},{"data":"Inflame","floor":12,"key":"SMITH"},{"data":"Flame Barrier","floor":15,"key":"SMITH"},{"data":"Juggernaut","floor":23,"key":"SMITH"},{"floor":30,"key":"REST"},{"data":"Limit Break","floor":32,"key":"SMITH"}],"neow_cost":"NONE","seed_source_timestamp":10528157401539,"circlet_count":0,"master_deck":["Strike_R","Strike_R","Strike_R","Defend_R","Defend_R","Defend_R","Defend_R","Bash","Armaments+1","Flame Barrier+1","Shrug It Off","Inflame+1","Clothesline","Shockwave","Heavy Blade+1","Disarm+1","Juggernaut+1","Shrug It Off","Twin Strike+1","Feel No Pain","Uppercut+1","Disarm","Limit Break+1","Pommel Strike+1"],"relics":["Burning Blood","Dream Catcher","Self Forming Clay","Boot","Molten Egg 2","Oddly Smooth Stone","Runic Cube","Art of War","Mercury Hourglass","Champion Belt","Frozen Egg 2"],"potions_floor_usage":[6,6,18,31,33,33,33],"damage_taken":[{"damage":6,"enemies":"Cultist","floor":1,"turns":4},{"damage":4,"enemies":"2 Louse","floor":2,"turns":3},{"damage":6,"enemies":"Jaw Worm","floor":4,"turns":4},{"damage":25,"enemies":"Gremlin Nob","floor":6,"turns":5},{"damage":1,"enemies":"Exordium Wildlife","floor":8,"turns":4},{"damage":0,"enemies":"Large Slime","floor":10,"turns":7},{"damage":0,"enemies":"Blue Slaver","floor":11,"turns":7},{"damage":11,"enemies":"Lagavulin","floor":13,"turns":10},{"damage":0,"enemies":"Lots of Slimes","floor":14,"turns":5},{"damage":48,"enemies":"Slime Boss","floor":16,"turns":14},{"damage":4,"enemies":"2 Thieves","floor":18,"turns":4},{"damage":6,"enemies":"Shell Parasite","floor":21,"turns":6},{"damage":9,"enemies":"Snake Plant","floor":25,"turns":4},{"damage":10,"enemies":"Book of Stabbing","floor":27,"turns":7},{"damage":30,"enemies":"3 Cultists","floor":28,"turns":6},{"damage":0,"enemies":"Snecko","floor":29,"turns":4},{"damage":9,"enemies":"Gremlin Leader","floor":31,"turns":5},{"damage":65,"enemies":"Collector","floor":33,"turns":7}],"seed_played":"3108268891256586493","potions_obtained":[{"floor":2,"key":"EntropicBrew"},{"floor":11,"key":"SkillPotion"},{"floor":18,"key":"Block Potion"},{"floor":31,"key":"Poison Potion"}],"is_trial":false,"path_per_floor":["M","M","T","M","?","E","R","M","T","M","M","R","E","M","R","B",null,"M","?","$","M","?","R","$","M","T","E","M","M","R","E","R","B"],"character_chosen":"IRONCLAD","items_purchased":["Art of War","Shrug It Off","Feel No Pain"],"campfire_rested":1,"item_purchase_floors":[20,20,24],"current_hp_per_floor":[80,80,80,80,73,54,54,59,59,65,71,71,66,72,72,30,80,80,65,65,65,65,65,65,62,62,58,34,40,65,62,62,0],"gold":111,"neow_bonus":"RANDOM_COMMON_RELIC","is_prod":false,"is_daily":false,"chose_seed":false,"campfire_upgraded":5,"win_rate":0,"timestamp":1563285975,"path_taken":["M","M","?","M","?","E","R","M","T","M","M","R","E","M","R","BOSS","M","?","$","M","?","R","$","M","T","E","M","M","R","E","R","BOSS"],"build_version":"2019-07-05","purchased_purges":1,"victory":false,"max_hp_per_floor":[80,80,80,80,80,80,80,80,80,80,80,80,80,80,80,80,80,80,85,85,85,85,85,85,85,85,85,85,85,85,85,85,85],"card_choices":[{"not_picked":["True Grit","Pommel Strike"],"picked":"Armaments","floor":1},{"not_picked":["Havoc","Searing Blow"],"picked":"Flame Barrier","floor":2},{"not_picked":["Dual Wield","Iron Wave"],"picked":"Shrug It Off","floor":4},{"not_picked":["Exhume","Headbutt"],"picked":"Inflame","floor":6},{"not_picked":["Armaments","Cleave"],"picked":"Clothesline","floor":8},{"not_picked":["Spot Weakness","Blood for Blood+1"],"picked":"Shockwave","floor":10},{"not_picked":["Iron Wave+1","Wild Strike+1"],"picked":"Heavy Blade+1","floor":11},{"not_picked":["Juggernaut","Sentinel"],"picked":"Disarm","floor":13},{"not_picked":["Armaments","Flex","Rage"],"picked":"SKIP","floor":14},{"not_picked":["Dark Embrace","Bludgeon+1"],"picked":"Juggernaut","floor":16},{"not_picked":["Clash+1","Cleave+1","Wild Strike+1"],"picked":"SKIP","floor":18},{"not_picked":["Combust","Rage"],"picked":"Twin Strike+1","floor":21},{"not_picked":["Cleave+1","Thunderclap+1"],"picked":"Uppercut+1","floor":25},{"not_picked":["Second Wind","Twin Strike+1","Seeing Red"],"picked":"SKIP","floor":27},{"not_picked":["Iron Wave+1","Sword Boomerang+1"],"picked":"Disarm","floor":28},{"not_picked":["Warcry","Carnage+1"],"picked":"Limit Break","floor":29},{"not_picked":["Metallicize","Dropkick+1"],"picked":"Pommel Strike+1","floor":30},{"not_picked":["Warcry","Double Tap","Second Wind"],"picked":"SKIP","floor":31}],"player_experience":499947,"relics_obtained":[{"floor":3,"key":"Self Forming Clay"},{"floor":6,"key":"Boot"},{"floor":9,"key":"Molten Egg 2"},{"floor":13,"key":"Oddly Smooth Stone"},{"floor":26,"key":"Mercury Hourglass"},{"floor":27,"key":"Champion Belt"},{"floor":31,"key":"Frozen Egg 2"}],"event_choices":[{"cards_removed":["Strike_R"],"damage_healed":0,"gold_gain":0,"player_choice":"Card Removal","damage_taken":7,"max_hp_gain":0,"max_hp_loss":0,"event_name":"Golden Wing","floor":5,"gold_loss":0},{"damage_healed":0,"gold_gain":0,"player_choice":"Shed Blood","damage_taken":20,"max_hp_gain":5,"max_hp_loss":0,"event_name":"Forgotten Altar","floor":19,"gold_loss":0},{"damage_healed":0,"gold_gain":0,"player_choice":"Upgraded","damage_taken":0,"max_hp_gain":0,"max_hp_loss":0,"event_name":"Upgrade Shrine","floor":22,"gold_loss":0,"cards_upgraded":["Disarm"]}],"is_beta":false,"boss_relics":[{"not_picked":["Runic Dome","Astrolabe"],"picked":"Runic Cube"}],"items_purged_floors":[20],"is_endless":false,"potions_floor_spawned":[2,11,13,16,18,25,31],"killed_by":"Collector","ascension_level":0}