{"gold_per_floor":[110,129,129,145,160,193,248,8,8,8,8,8,8,18,18,123,123,143,160,85,8,8],"floor_reached":22,"playtime":1486,"items_purged":[],"score":227,"play_id":"da8e7958-deb8-4d78-b503-716ecc435207","local_time":"20180817161042","is_ascension_mode":true,"campfire_choices":[{"floor":10,"key":"REST"},{"floor":13,"key":"REST"},{"floor":15,"key":"REST"}],"neow_cost":"NONE","seed_source_timestamp":0,"circlet_count":0,"master_deck":["Bash","Body Slam","Hemokinesis","Cleave","Corruption","Feel No Pain","Anger","Armaments","Uppercut","Anger","Heavy Blade","Burning Pact","Flame Barrier","Anger","Combust","Havoc","Clothesline","Inflame","Feel No Pain","Inflame","Havoc","Reckless Charge","Seeing Red","Heavy Blade","Bloodletting","Brutality","Anger","Clothesline","J.A.X."],"special_seed":0,"relics":["Pandora\u0027s Box","Centennial Puzzle","The Courier","Dream Catcher","Strawberry","Cursed Key"],"potions_floor_usage":[5],"damage_taken":[{"damage":3.0,"enemies":"Jaw Worm","floor":1.0,"turns":1.0},{"damage":3,"enemies":"Cultist","floor":2,"turns":2},{"damage":0,"enemies":"Small Slimes","floor":4,"turns":2},{"damage":15,"enemies":"Gremlin Gang","floor":5,"turns":4},{"damage":20,"enemies":"3 Sentries","floor":6,"turns":6},{"damage":21,"enemies":"Gremlin Nob","floor":7,"turns":4},{"damage":8,"enemies":"Looter","floor":14,"turns":3},{"damage":59,"enemies":"Slime Boss","floor":16,"turns":8},{"damage":20,"enemies":"3 Byrds","floor":18,"turns":4},{"damage":36,"enemies":"2 Thieves","floor":19,"turns":3},{"damage":33,"enemies":"Sentry and Sphere","floor":22,"turns":3}],"seed_played":"6419003518285798453","potions_obtained":[{"floor":2,"key":"Swift Potion"},{"floor":4,"key":"Block Potion"},{"floor":5,"key":"Ancient Potion"},{"floor":7,"key":"Strength Potion"},{"floor":16,"key":"GamblersBrew"},{"floor":18,"key":"Regen Potion"}],"is_trial":false,"path_per_floor":["M","M","?","M","M","E","?","$","T","R","?","$","R","M","R","B",null,"M","M","?","?"],"character_chosen":"IRONCLAD","items_purchased":["Clothesline","Inflame","Feel No Pain","Inflame","Havoc"],"campfire_rested":3,"item_purchase_floors":[8,8,8,8,8],"current_hp_per_floor":[77,74,74,74,59,39,18,18,25,51,72,72,87,79,87,28,87,67,31,31,31,0],"gold":8,"neow_bonus":"BOSS_RELIC","is_prod":false,"is_daily":false,"chose_seed":false,"campfire_upgraded":0,"win_rate":0,"timestamp":1534518642,"path_taken":["M","M","?","M","?","E","?","$","T","R","?","?","R","M","R","BOSS","M","M","?","?","M"],"build_version":"2018-08-16","purchased_purges":0,"victory":false,"max_hp_per_floor":[80,80,80,80,80,80,80,80,87,87,87,87,87,87,87,87,87,87,87,84,84,84],"card_choices":[{"not_picked":["Armaments","Infernal Blade"],"picked":"Heavy Blade","floor":1},{"not_picked":["Sever Soul","Wild Strike"],"picked":"Burning Pact","floor":2},{"not_picked":["Carnage","Twin Strike"],"picked":"Flame Barrier","floor":4},{"not_picked":["Whirlwind","Reckless Charge"],"picked":"Anger","floor":5},{"not_picked":["Iron Wave","Berserk"],"picked":"Combust","floor":6},{"not_picked":["Cleave","Intimidate"],"picked":"Havoc","floor":7},{"not_picked":["Infernal Blade","Entrench"],"picked":"Reckless Charge","floor":10},{"not_picked":["Shrug It Off","Spot Weakness"],"picked":"Seeing Red","floor":13},{"not_picked":["Body Slam","Feel No Pain"],"picked":"Heavy Blade","floor":14},{"not_picked":["True Grit","Iron Wave"],"picked":"Bloodletting","floor":15},{"not_picked":["Immolate","Exhume"],"picked":"Brutality","floor":16},{"not_picked":["Sword Boomerang","Combust+1"],"picked":"Anger","floor":18},{"not_picked":["Havoc","Armaments"],"picked":"Clothesline","floor":19}],"player_experience":99853,"relics_obtained":[{"floor":6,"key":"The Courier"},{"floor":7,"key":"Dream Catcher"},{"floor":9,"key":"Strawberry"}],"event_choices":[{"event_name":"WeMeetAgain","player_choice":"Potion","floor":3,"damage_taken":0},{"event_name":"Dead Adventurer","player_choice":"Searched \u00272\u0027 times","floor":7,"damage_taken":0},{"event_name":"Mushrooms","player_choice":"Healed and dodged fight","floor":11,"damage_taken":0},{"event_name":"Beggar","player_choice":"Gave Gold","floor":20,"damage_taken":0},{"event_name":"Drug Dealer","player_choice":"Got JAXXED","floor":21,"damage_taken":0}],"is_beta":false,"boss_relics":[{"not_picked":["Philosopher\u0027s Stone","White Beast Statue"],"picked":"Cursed Key"}],"items_purged_floors":[],"is_endless":false,"potions_floor_spawned":[2,4,5,7,16,18],"killed_by":"Sentry and Sphere","ascension_level":2}