{"gold_per_floor":[112,62,62,62,81,115,115,149,149,21,49,49,64,95,95,193,193,133,10,10,10,10,10,10,10,10,10,10,10,10,10,10,10,10,10,10,10,10,10,10,10,10,10,10,10,10,10,10,10,10,10,10,10,10],"floor_reached":54,"playtime":2079,"items_purged":["Strike_R"],"score":985,"play_id":"562213fd-5fc7-4830-b01b-8dd2772801a7","local_time":"20190205163913","is_ascension_mode":true,"campfire_choices":[{"data":"Metallicize","floor":7.0,"key":"SMITH"},{"floor":12.0,"key":"REST"},{"data":"Demon Form","floor":15.0,"key":"SMITH"},{"floor":24.0,"key":"REST"},{"floor":27.0,"key":"REST"},{"data":"Armaments","floor":32.0,"key":"SMITH"},{"floor":41.0,"key":"REST"},{"data":"Whirlwind","floor":45.0,"key":"SMITH"},{"floor":49,"key":"RECALL"},{"data":"True Grit","floor":52,"key":"SMITH"}],"neow_cost":"NONE","seed_source_timestamp":12190549785738,"circlet_count":0,"master_deck":["Strike_R","Strike_R","Defend_R","Defend_R","Defend_R","Defend_R","Iron Wave","Iron Wave","Dark Embrace","Metallicize+1","True Grit+1","Demon Form+1","Flash of Steel","Whirlwind+1","Shrug It Off","Sword Boomerang","Offering","Armaments+1","Headbutt+1","Impervious","Parasite"],"special_seed":0,"relics":["Burning Blood","Unceasing Top","Bird Faced Urn","Gremlin Horn","StoneCalendar","Potion Belt","Ectoplasm","FaceOfCleric","Lantern","Paper Frog","Happy Flower","Blue Candle","MutagenicStrength","Busted Crown","MawBank","Smiling Mask","Centennial Puzzle","Juzu Bracelet"],"potions_floor_usage":[46,50,54],"damage_taken":[{"damage":3.0,"enemies":"Small Slimes","floor":1.0,"turns":3.0},{"damage":2.0,"enemies":"2 Louse","floor":5.0,"turns":3.0},{"damage":21.0,"enemies":"3 Sentries","floor":6.0,"turns":13.0},{"damage":47.0,"enemies":"Lagavulin","floor":8.0,"turns":13.0},{"damage":11.0,"enemies":"Gremlin Nob","floor":11.0,"turns":4.0},{"damage":1.0,"enemies":"Cultist","floor":13.0,"turns":4.0},{"damage":1.0,"enemies":"Lagavulin","floor":14.0,"turns":7.0},{"damage":39.0,"enemies":"Hexaghost","floor":16.0,"turns":7.0},{"damage":25.0,"enemies":"2 Thieves","floor":18.0,"turns":4.0},{"damage":2.0,"enemies":"3 Byrds","floor":21.0,"turns":6.0},{"damage":52.0,"enemies":"Slavers","floor":23.0,"turns":5.0},{"damage":32.0,"enemies":"Book of Stabbing","floor":25.0,"turns":6.0},{"damage":26.0,"enemies":"Shelled Parasite and Fungi","floor":30.0,"turns":4.0},{"damage":17.0,"enemies":"Collector","floor":33.0,"turns":5.0},{"damage":0.0,"enemies":"3 Shapes","floor":35.0,"turns":7.0},{"damage":25.0,"enemies":"3 Darklings","floor":39.0,"turns":4.0},{"damage":25.0,"enemies":"Giant Head","floor":40.0,"turns":8.0},{"damage":15.0,"enemies":"Reptomancer","floor":42.0,"turns":5.0},{"damage":37.0,"enemies":"Giant Head","floor":44.0,"turns":7.0},{"damage":33,"enemies":"Nemesis","floor":46,"turns":9},{"damage":7,"enemies":"Writhing Mass","floor":47,"turns":8},{"damage":63,"enemies":"Donu and Deca","floor":50,"turns":8},{"damage":93,"enemies":"Shield and Spear","floor":54,"turns":6}],"seed_played":"229042311461507143","potions_obtained":[{"floor":1.0,"key":"LiquidBronze"},{"floor":8.0,"key":"LiquidBronze"},{"floor":13.0,"key":"Block Potion"},{"floor":16.0,"key":"Poison Potion"},{"floor":18.0,"key":"PowerPotion"},{"floor":30.0,"key":"Energy Potion"},{"floor":33.0,"key":"Dexterity Potion"},{"floor":46,"key":"BloodPotion"},{"floor":47,"key":"Energy Potion"}],"is_trial":false,"path_per_floor":["M","?","$","?","M","E","R","E","T","$","E","R","M","E","R","B",null,"M","$","?","M","?","E","R","E","T","R","$","T","M","?","R","B",null,"M","?","?","?","M","E","R","E","T","E","R","E","M","?","R","B",null,"R","$","E"],"character_chosen":"IRONCLAD","items_purchased":["Flash of Steel","Whirlwind","Armaments"],"campfire_rested":4,"item_purchase_floors":[10,10,19],"current_hp_per_floor":[80,80,80,80,80,65,65,24,24,24,23,47,52,63,63,36,69,52,52,52,61,61,20,44,23,23,47,47,47,34,34,34,32,72,85,85,82,82,70,58,83,78,78,54,54,34,40,77,77,27,65,65,65,0],"gold":10,"neow_bonus":"THREE_CARDS","is_prod":false,"is_daily":false,"chose_seed":false,"campfire_upgraded":5,"win_rate":0,"timestamp":1549373953,"path_taken":["M","?","$","?","?","E","R","E","T","$","E","R","M","E","R","BOSS","M","$","?","?","?","E","R","E","T","R","$","?","M","?","R","BOSS","M","?","?","?","M","E","R","E","T","E","R","E","M","?","R","BOSS","R","$","E"],"build_version":"2019-01-23","purchased_purges":1,"victory":false,"max_hp_per_floor":[80,80,80,80,80,80,80,80,80,80,80,80,80,80,80,80,80,80,80,80,81,81,82,82,83,83,83,83,83,84,84,84,85,85,86,86,82,82,83,84,84,85,85,86,86,87,88,77,77,78,78,78,78,78],"card_choices":[{"not_picked":["Clothesline","Shrug It Off"],"picked":"Iron Wave","floor":0.0},{"not_picked":["Pummel","Cleave"],"picked":"Iron Wave","floor":1.0},{"not_picked":["Evolve","Rupture"],"picked":"Metallicize","floor":5.0},{"not_picked":["Sword Boomerang","Rage"],"picked":"True Grit","floor":6.0},{"not_picked":["Disarm","Body Slam"],"picked":"Demon Form","floor":8.0},{"not_picked":["Perfected Strike","Whirlwind"],"picked":"Shrug It Off","floor":11.0},{"not_picked":["Flex","Warcry","Clash"],"picked":"SKIP","floor":13.0},{"not_picked":["Shrug It Off","Intimidate"],"picked":"Sword Boomerang","floor":14.0},{"not_picked":["Barricade","Double Tap"],"picked":"Offering","floor":16.0},{"not_picked":["Thunderclap+1","Heavy Blade","True Grit+1"],"picked":"SKIP","floor":18.0},{"not_picked":["Perfected Strike+1","Reckless Charge","Shrug It Off"],"picked":"SKIP","floor":21.0},{"not_picked":["Twin Strike","Havoc","Headbutt+1"],"picked":"SKIP","floor":23.0},{"not_picked":["Twin Strike","Havoc"],"picked":"Headbutt+1","floor":23.0},{"not_picked":["Cleave","Wild Strike+1","Feel No Pain"],"picked":"SKIP","floor":25.0},{"not_picked":["Thunderclap+1","Headbutt","Fire Breathing+1"],"picked":"SKIP","floor":30.0},{"not_picked":["Bludgeon","Brutality"],"picked":"Impervious","floor":33.0},{"not_picked":["Iron Wave+1"],"picked":"SKIP","floor":35.0},{"not_picked":["Anger+1"],"picked":"SKIP","floor":39.0},{"not_picked":["Second Wind"],"picked":"SKIP","floor":40.0},{"not_picked":["Warcry+1"],"picked":"SKIP","floor":42.0},{"not_picked":["Infernal Blade"],"picked":"SKIP","floor":44.0},{"not_picked":["Sword Boomerang"],"picked":"SKIP","floor":46},{"not_picked":["Pommel Strike"],"picked":"SKIP","floor":47}],"player_experience":750301,"relics_obtained":[{"floor":6.0,"key":"Unceasing Top"},{"floor":8.0,"key":"Bird Faced Urn"},{"floor":9.0,"key":"Gremlin Horn"},{"floor":11.0,"key":"StoneCalendar"},{"floor":14.0,"key":"Potion Belt"},{"floor":23.0,"key":"Lantern"},{"floor":25.0,"key":"Paper Frog"},{"floor":26.0,"key":"Happy Flower"},{"floor":29.0,"key":"Blue Candle"},{"floor":40.0,"key":"MawBank"},{"floor":42.0,"key":"Smiling Mask"},{"floor":44.0,"key":"Centennial Puzzle"},{"floor":46,"key":"Juzu Bracelet"}],"event_choices":[{"cards_removed":["Strike_R"],"damage_healed":0.0,"max_hp_gain":0.0,"max_hp_loss":0.0,"gold_gain":0.0,"event_name":"The Cleric","player_choice":"Card Removal","floor":2.0,"gold_loss":50.0,"damage_taken":0.0},{"damage_healed":0.0,"max_hp_gain":0.0,"max_hp_loss":0.0,"gold_gain":0.0,"cards_transformed":["Strike_R"],"event_name":"Transmorgrifier","player_choice":"Transformed","floor":4.0,"gold_loss":0.0,"damage_taken":0.0,"cards_obtained":["Dark Embrace"]},{"damage_healed":0.0,"max_hp_gain":0.0,"max_hp_loss":0.0,"gold_gain":0.0,"event_name":"FaceTrader","player_choice":"Trade","floor":20.0,"gold_loss":0.0,"damage_taken":0.0,"relics_obtained":["FaceOfCleric"]},{"damage_healed":0.0,"max_hp_gain":0.0,"max_hp_loss":0.0,"gold_gain":0.0,"event_name":"NoteForYourself","player_choice":"Ignored","floor":22.0,"gold_loss":0.0,"damage_taken":0.0},{"damage_healed":0.0,"max_hp_gain":0.0,"max_hp_loss":0.0,"gold_gain":0.0,"event_name":"Drug Dealer","player_choice":"Inject Mutagens","floor":31.0,"gold_loss":0.0,"damage_taken":0.0,"relics_obtained":["MutagenicStrength"]},{"cards_removed":["Bash"],"damage_healed":0.0,"max_hp_gain":0.0,"max_hp_loss":0.0,"gold_gain":0.0,"event_name":"Falling","player_choice":"Removed Attack","floor":36.0,"gold_loss":0.0,"damage_taken":0.0},{"damage_healed":0.0,"max_hp_gain":0.0,"max_hp_loss":4.0,"gold_gain":0.0,"event_name":"Winding Halls","player_choice":"Max HP","floor":37.0,"gold_loss":0.0,"damage_taken":0.0},{"damage_healed":0.0,"max_hp_gain":0.0,"max_hp_loss":0.0,"gold_gain":0.0,"event_name":"Mysterious Sphere","player_choice":"Ignored","floor":38.0,"gold_loss":0.0,"damage_taken":0.0},{"damage_healed":77,"gold_gain":0,"player_choice":"Heal","damage_taken":0,"max_hp_gain":0,"max_hp_loss":11,"event_name":"The Moai Head","floor":48,"gold_loss":0}],"is_beta":false,"boss_relics":[{"not_picked":["Coffee Dripper","Runic Cube"],"picked":"Ectoplasm"},{"not_picked":["Lizard Tail","Snecko Eye"],"picked":"Busted Crown"}],"items_purged_floors":[19],"is_endless":false,"potions_floor_spawned":[1,8,13,16,18,30,33,46,47],"killed_by":"Shield and Spear","ascension_level":5}