{"gold_per_floor":[113,78,78,9,29,29,60,60,141,141,171,9,9,26,26,121,121,131,145,66,66,83,83,110,110,110,110,126,126,13,33,33,130,130,141,141,159,159,177,203,203,65,65,65,65,95,95,22,22,22,22,22,22,57,57],"floor_reached":56,"playtime":1610,"items_purged":["Strike_G","Strike_G"],"score":1402,"play_id":"0b912ef6-1ce7-457b-a0b0-1bc4fe2f108d","local_time":"20190717175426","is_ascension_mode":true,"campfire_choices":[{"data":"Neutralize","floor":6.0,"key":"SMITH"},{"data":"Bouncing Flask","floor":8.0,"key":"SMITH"},{"data":"Survivor","floor":10.0,"key":"SMITH"},{"data":"Catalyst","floor":15.0,"key":"SMITH"},{"data":"Well Laid Plans","floor":23.0,"key":"SMITH"},{"data":"Adrenaline","floor":25.0,"key":"SMITH"},{"data":"Poisoned Stab","floor":27.0,"key":"SMITH"},{"data":"After Image","floor":29.0,"key":"SMITH"},{"data":"Noxious Fumes","floor":32.0,"key":"SMITH"},{"data":"Burst","floor":41.0,"key":"SMITH"},{"data":"Leg Sweep","floor":44.0,"key":"SMITH"},{"data":"Secret Technique","floor":47.0,"key":"SMITH"},{"floor":49.0,"key":"RECALL"},{"data":"Well Laid Plans","floor":52.0,"key":"SMITH"}],"neow_cost":"PERCENT_DAMAGE","seed_source_timestamp":15350519973715,"circlet_count":0,"master_deck":["Strike_G","Strike_G","Strike_G","Defend_G","Defend_G","Defend_G","Defend_G","Defend_G","Survivor+1","Neutralize+1","Flying Knee","Crippling Poison+1","Caltrops","Bouncing Flask+1","Well Laid Plans+1","Poisoned Stab+1","Catalyst+1","Adrenaline+1","PiercingWail+1","Caltrops","Caltrops","After Image+1","Leg Sweep+1","Noxious Fumes+1","Dodge and Roll+1","Burst+1","Backflip+1","Backflip+1","Deflect+1","Caltrops","Secret Technique+1","Finesse","Noxious Fumes","Well Laid Plans+1","Caltrops+1"],"special_seed":0,"relics":["Ring of the Snake","Lantern","Kunai","Oddly Smooth Stone","Philosopher\u0027s Stone","Pantograph","Blue Candle","Snake Skull","Sozu","Gremlin Horn","Smiling Mask","Bag of Marbles"],"potions_floor_usage":[55,55,55],"damage_taken":[{"damage":3.0,"enemies":"Jaw Worm","floor":1.0,"turns":4.0},{"damage":0.0,"enemies":"Cultist","floor":5.0,"turns":3.0},{"damage":10.0,"enemies":"Lagavulin","floor":7.0,"turns":7.0},{"damage":28.0,"enemies":"3 Sentries","floor":11.0,"turns":9.0},{"damage":0.0,"enemies":"Small Slimes","floor":14.0,"turns":2.0},{"damage":0.0,"enemies":"Slime Boss","floor":16.0,"turns":7.0},{"damage":14.0,"enemies":"2 Thieves","floor":18.0,"turns":3.0},{"damage":7.0,"enemies":"Shell Parasite","floor":19.0,"turns":4.0},{"damage":1.0,"enemies":"Cultist and Chosen","floor":22.0,"turns":4.0},{"damage":14.0,"enemies":"Book of Stabbing","floor":24.0,"turns":3.0},{"damage":0.0,"enemies":"Snecko","floor":28.0,"turns":2.0},{"damage":0.0,"enemies":"Snake Plant","floor":31.0,"turns":3.0},{"damage":3.0,"enemies":"Automaton","floor":33.0,"turns":8.0},{"damage":0.0,"enemies":"Orb Walker","floor":35.0,"turns":3.0},{"damage":3.0,"enemies":"3 Darklings","floor":37.0,"turns":4.0},{"damage":3.0,"enemies":"Spire Growth","floor":39.0,"turns":4.0},{"damage":3.0,"enemies":"Nemesis","floor":40.0,"turns":5.0},{"damage":0.0,"enemies":"Reptomancer","floor":46.0,"turns":2.0},{"damage":10.0,"enemies":"Time Eater","floor":50.0,"turns":5.0},{"damage":1.0,"enemies":"Shield and Spear","floor":54.0,"turns":5.0},{"damage":55,"enemies":"The Heart","floor":55,"turns":9}],"seed_played":"-1068822735447866065","potions_obtained":[{"floor":5.0,"key":"Block Potion"},{"floor":11.0,"key":"Weak Potion"},{"floor":13.0,"key":"SteroidPotion"},{"floor":33.0,"key":"PowerPotion"}],"is_trial":false,"path_per_floor":["M","$","?","$","M","R","E","R","T","R","E","$","?","M","R","B",null,"M","M","$","T","M","R","E","R","T","R","M","R","$","M","R","B",null,"M","?","M","?","M","E","R","$","T","R","?","E","R","$","R","B",null,"R","$","E","B",null],"character_chosen":"THE_SILENT","items_purchased":["Crippling Poison","Caltrops","Well Laid Plans","Poisoned Stab","Caltrops","Leg Sweep","Noxious Fumes","Caltrops","Well Laid Plans"],"campfire_rested":0,"item_purchase_floors":[2,4,12,12,20,30,30,42,48],"current_hp_per_floor":[60,60,60,60,60,60,50,50,50,50,22,22,22,22,22,22,84,70,63,63,63,62,62,48,48,48,48,48,48,48,48,48,70,84,84,80,77,77,74,71,71,71,71,71,61,61,61,61,61,70,80,80,80,79,25],"gold":57,"neow_bonus":"TWENTY_PERCENT_HP_BONUS","is_prod":false,"is_daily":false,"chose_seed":false,"campfire_upgraded":13,"win_rate":0,"timestamp":1563375266,"path_taken":["M","$","?","$","?","R","E","R","T","R","E","?","?","M","R","BOSS","M","M","$","?","M","R","E","R","T","R","M","R","$","M","R","BOSS","M","?","M","?","M","E","R","$","T","R","?","E","R","?","R","BOSS","R","$","E","BOSS"],"build_version":"2019-07-05","purchased_purges":2,"victory":true,"max_hp_per_floor":[84,84,84,84,84,84,84,84,84,84,84,84,84,84,84,84,84,84,84,84,84,84,84,84,84,84,84,84,84,84,84,84,84,84,84,80,80,80,80,80,80,80,80,80,80,80,80,80,80,80,80,80,80,80,80],"card_choices":[{"not_picked":["Outmaneuver","Setup"],"picked":"Flying Knee","floor":1.0},{"not_picked":["Acrobatics","Concentrate","Slice"],"picked":"SKIP","floor":5.0},{"not_picked":["Crippling Poison","Caltrops"],"picked":"Bouncing Flask","floor":7.0},{"not_picked":["Tactician","Calculated Gamble"],"picked":"Glass Knife","floor":11.0},{"not_picked":["Deflect","Outmaneuver"],"picked":"Catalyst","floor":14.0},{"not_picked":["Doppelganger","Venomology"],"picked":"Adrenaline","floor":16.0},{"not_picked":["Underhanded Strike","Sucker Punch","Outmaneuver"],"picked":"SKIP","floor":18.0},{"not_picked":["Deflect","Accuracy"],"picked":"PiercingWail+1","floor":19.0},{"not_picked":["Outmaneuver","Underhanded Strike","Prepared+1"],"picked":"SKIP","floor":22.0},{"not_picked":["Heel Hook","Infinite Blades+1"],"picked":"Caltrops","floor":24.0},{"not_picked":["Bane+1","Backflip"],"picked":"After Image","floor":28.0},{"not_picked":["Tactician","Deadly Poison"],"picked":"Dodge and Roll+1","floor":31.0},{"not_picked":["Adrenaline","Die Die Die"],"picked":"Burst","floor":33.0},{"not_picked":["Underhanded Strike+1","Poisoned Stab"],"picked":"Backflip+1","floor":35.0},{"not_picked":["Dagger Spray+1","Dodge and Roll"],"picked":"Backflip+1","floor":37.0},{"not_picked":["Underhanded Strike","Choke+1","Predator"],"picked":"SKIP","floor":39.0},{"not_picked":["Deflect+1","Dagger Spray","Acrobatics"],"picked":"SKIP","floor":40.0},{"not_picked":["Dagger Spray","Acrobatics"],"picked":"Deflect+1","floor":40.0},{"not_picked":["Trip","Dramatic Entrance"],"picked":"Secret Technique","floor":45.0},{"not_picked":["Dramatic Entrance","PanicButton"],"picked":"Finesse","floor":45.0},{"not_picked":["Backflip","Prepared+1"],"picked":"Noxious Fumes","floor":46.0},{"not_picked":["Dagger Spray+1","Acrobatics"],"picked":"Caltrops+1","floor":54.0}],"player_experience":1070185,"relics_obtained":[{"floor":7.0,"key":"Lantern"},{"floor":9.0,"key":"Kunai"},{"floor":11.0,"key":"Oddly Smooth Stone"},{"floor":21.0,"key":"Pantograph"},{"floor":24.0,"key":"Blue Candle"},{"floor":26.0,"key":"Snake Skull"},{"floor":40.0,"key":"Gremlin Horn"},{"floor":46.0,"key":"Smiling Mask"},{"floor":54.0,"key":"Bag of Marbles"}],"event_choices":[{"damage_healed":0.0,"max_hp_gain":0.0,"max_hp_loss":0.0,"gold_gain":0.0,"event_name":"Upgrade Shrine","player_choice":"Upgraded","floor":3.0,"gold_loss":0.0,"damage_taken":0.0,"cards_upgraded":["Crippling Poison"]},{"damage_healed":0.0,"max_hp_gain":0.0,"max_hp_loss":0.0,"gold_gain":0.0,"event_name":"Lab","player_choice":"Got Potions","floor":13.0,"gold_loss":0.0,"damage_taken":0.0},{"damage_healed":0.0,"max_hp_gain":0.0,"max_hp_loss":4.0,"gold_gain":0.0,"event_name":"Winding Halls","player_choice":"Max HP","floor":36.0,"gold_loss":0.0,"damage_taken":0.0},{"cards_removed":["Glass Knife"],"damage_healed":0.0,"max_hp_gain":0.0,"max_hp_loss":0.0,"gold_gain":0.0,"event_name":"Falling","player_choice":"Removed Attack","floor":38.0,"gold_loss":0.0,"damage_taken":0.0},{"damage_healed":0.0,"max_hp_gain":0.0,"max_hp_loss":0.0,"gold_gain":0.0,"event_name":"SensoryStone","player_choice":"Memory 3","floor":45.0,"gold_loss":0.0,"damage_taken":10.0}],"is_beta":false,"boss_relics":[{"not_picked":["HoveringKite","Snecko Eye"],"picked":"Philosopher\u0027s Stone"},{"not_picked":["Fusion Hammer","Pandora\u0027s Box"],"picked":"Sozu"}],"items_purged_floors":[12,42],"is_endless":false,"potions_floor_spawned":[5,11,16,28,31,33,35,39,40],"ascension_level":1}