{"gold_per_floor":[11,11,11,21,33,33,51,86,86,86,118,130,130,32,32,132,132,146,162,172,186,32,32],"floor_reached":23,"playtime":1289,"items_purged":["Strike_B"],"score":274,"play_id":"4b60fe86-c2c6-4d1d-91c2-d90ec8add93c","local_time":"20180916194302","is_ascension_mode":true,"campfire_choices":[{"data":"Dualcast","floor":6,"key":"SMITH"},{"data":"Rainbow","floor":10,"key":"SMITH"},{"data":"Zap","floor":13,"key":"SMITH"},{"floor":15,"key":"REST"}],"neow_cost":"NO_GOLD","seed_source_timestamp":0,"circlet_count":0,"master_deck":["Strike_B","Strike_B","Strike_B","Defend_B","Defend_B","Defend_B","Defend_B","Zap+1","Dualcast+1","Rainbow+1","Coolheaded","Conserve Battery","Storm","Turbo","Chaos","Rainbow","Rebound","Steam","Reboot","Conserve Battery","Steam+1","Stack","Capacitor","Sunder"],"special_seed":0,"relics":["Cracked Core","Oddly Smooth Stone","Centennial Puzzle","Bronze Scales","Symbiotic Virus","Eternal Feather","Tiny Chest"],"potions_floor_usage":[8,8,21,21,21],"damage_taken":[{"damage":0.0,"enemies":"Cultist","floor":1.0,"turns":4.0},{"damage":6,"enemies":"Jaw Worm","floor":4,"turns":3},{"damage":2,"enemies":"Small Slimes","floor":5,"turns":4},{"damage":2,"enemies":"Looter","floor":7,"turns":4},{"damage":11,"enemies":"3 Sentries","floor":8,"turns":9},{"damage":37,"enemies":"Gremlin Nob","floor":11,"turns":5},{"damage":0,"enemies":"Large Slime","floor":12,"turns":4},{"damage":16,"enemies":"The Guardian","floor":16,"turns":10},{"damage":0,"enemies":"3 Byrds","floor":18,"turns":2},{"damage":11,"enemies":"Spheric Guardian","floor":19,"turns":4},{"damage":2,"enemies":"Snake Plant","floor":20,"turns":3},{"damage":8,"enemies":"Snecko","floor":21,"turns":5},{"damage":47,"enemies":"Gremlin Leader","floor":23,"turns":6}],"seed_played":"8605864566239962423","potions_obtained":[{"floor":1.0,"key":"Swift Potion"},{"floor":7,"key":"Strength Potion"},{"floor":12,"key":"Strength Potion"},{"floor":18,"key":"EssenceOfSteel"},{"floor":20,"key":"Poison Potion"}],"is_trial":false,"path_per_floor":["M","$","T","M","M","R","M","E","T","R","E","M","R","$","R","B",null,"M","M","M","M","$"],"character_chosen":"DEFECT","items_purchased":["Steam","Sunder","Tiny Chest"],"campfire_rested":1,"item_purchase_floors":[14,22,22],"current_hp_per_floor":[68,68,68,62,60,60,58,47,47,47,10,10,10,10,32,16,60,60,49,47,39,39,0],"gold":32,"neow_bonus":"THREE_RARE_CARDS","is_prod":false,"is_daily":false,"chose_seed":false,"campfire_upgraded":3,"win_rate":0,"timestamp":1537152182,"path_taken":["M","?","?","?","M","R","M","E","T","R","E","M","R","?","R","BOSS","M","M","?","M","$","E"],"build_version":"2018-09-06","purchased_purges":1,"victory":false,"max_hp_per_floor":[75,75,75,75,75,75,75,75,75,75,75,75,75,75,75,75,75,75,75,75,75,75,75],"card_choices":[{"not_picked":["Machine Learning","Reboot"],"picked":"Rainbow","floor":0.0},{"not_picked":["Capacitor","Steam"],"picked":"Coolheaded","floor":1.0},{"not_picked":["Coolheaded","Undo"],"picked":"Conserve Battery","floor":4},{"not_picked":["Rebound","Rip and Tear"],"picked":"Storm","floor":5},{"not_picked":["Coolheaded","Sweeping Beam"],"picked":"Turbo","floor":7},{"not_picked":["Blizzard","Gash"],"picked":"Chaos","floor":8},{"not_picked":["Turbo","Hologram"],"picked":"Rainbow","floor":11},{"not_picked":["Conserve Battery","Sweeping Beam"],"picked":"Rebound","floor":12},{"not_picked":["Hyperbeam","Thunder Strike"],"picked":"Reboot","floor":16},{"not_picked":["Ball Lightning","Barrage"],"picked":"Conserve Battery","floor":18},{"not_picked":["Gash","Leap+1"],"picked":"Steam+1","floor":19},{"not_picked":["Aggregate","Cold Snap"],"picked":"Stack","floor":20},{"not_picked":["Genetic Algorithm","Storm"],"picked":"Capacitor","floor":21}],"player_experience":297018,"relics_obtained":[{"floor":3,"key":"Oddly Smooth Stone"},{"floor":8,"key":"Centennial Puzzle"},{"floor":9,"key":"Bronze Scales"},{"floor":11,"key":"Symbiotic Virus"}],"event_choices":[],"is_beta":false,"boss_relics":[{"not_picked":["Calling Bell","Snecko Eye"],"picked":"Eternal Feather"}],"items_purged_floors":[14],"is_endless":false,"potions_floor_spawned":[1,7,12,18,20],"killed_by":"Gremlin Leader","ascension_level":7}