{"gold_per_floor":[365,385,178,195,211,211,246,260,283,283,283,283,283,299,299,397,397,414,414,429,149,149,149,178,190,190,205,205,234,245,245,245,245],"floor_reached":33,"playtime":2355,"items_purged":["Strike_G"],"score":452,"play_id":"60ac5632-52c4-4209-a2fe-a19017e909ee","local_time":"20190801152129","is_ascension_mode":true,"campfire_choices":[{"data":"Poisoned Stab","floor":6,"key":"SMITH"},{"floor":11,"key":"REST"},{"data":"Caltrops","floor":13,"key":"SMITH"},{"data":"Deadly Poison","floor":15,"key":"SMITH"},{"data":"A Thousand Cuts","floor":23,"key":"SMITH"},{"floor":28,"key":"REST"},{"floor":32,"key":"REST"}],"neow_cost":"TEN_PERCENT_HP_LOSS","seed_source_timestamp":787272678894,"circlet_count":0,"master_deck":["Strike_G","Strike_G","Defend_G","Defend_G","Defend_G","Defend_G","Defend_G","Survivor","Neutralize","PiercingWail","Heel Hook","Poisoned Stab+1","Caltrops+1","Leg Sweep","Deadly Poison+1","Deadly Poison+1","Slice","Skewer","A Thousand Cuts+1","Acrobatics+1","Escape Plan","Grand Finale","Well Laid Plans","Backstab","Dodge and Roll","Mayhem","Calculated Gamble+1","Choke","PiercingWail+1","Phantasmal Killer","Blade Dance","Slice"],"relics":["Ring of the Snake","Lantern","Regal Pillow","Snecko Eye","Dream Catcher","PreservedInsect","Omamori"],"potions_floor_usage":[16,24,25,33],"damage_taken":[{"damage":9,"enemies":"Small Slimes","floor":1,"turns":5},{"damage":0,"enemies":"2 Louse","floor":2,"turns":2},{"damage":6,"enemies":"Jaw Worm","floor":4,"turns":5},{"damage":0,"enemies":"Looter","floor":5,"turns":5},{"damage":31,"enemies":"3 Sentries","floor":7,"turns":10},{"damage":0,"enemies":"2 Fungi Beasts","floor":8,"turns":4},{"damage":0,"enemies":"3 Louse","floor":14,"turns":3},{"damage":13,"enemies":"Hexaghost","floor":16,"turns":8},{"damage":0,"enemies":"Chosen","floor":18,"turns":4},{"damage":9,"enemies":"Shell Parasite","floor":20,"turns":5},{"damage":0,"enemies":"Gremlin Leader","floor":24,"turns":6},{"damage":0,"enemies":"Centurion and Healer","floor":25,"turns":4},{"damage":34,"enemies":"Sentry and Sphere","floor":27,"turns":6},{"damage":13,"enemies":"Book of Stabbing","floor":29,"turns":4},{"damage":17,"enemies":"3 Cultists","floor":30,"turns":6},{"damage":54,"enemies":"Collector","floor":33,"turns":5}],"seed_played":"-4053730383437455130","potions_obtained":[{"floor":8,"key":"Weak Potion"},{"floor":14,"key":"Dexterity Potion"},{"floor":24,"key":"GamblersBrew"},{"floor":25,"key":"SpeedPotion"},{"floor":29,"key":"FearPotion"},{"floor":30,"key":"Energy Potion"}],"is_trial":false,"path_per_floor":["M","M","$","M","M","R","E","M","T","?","R","?","R","M","R","B",null,"M","?","M","$","?","R","E","M","T","M","R","E","M","?","R","B"],"character_chosen":"THE_SILENT","items_purchased":["Poisoned Stab","Caltrops","Backstab","Dodge and Roll","Mayhem"],"campfire_rested":3,"item_purchase_floors":[3,3,21,21,21],"current_hp_per_floor":[54,54,54,48,48,48,17,17,17,17,50,55,55,55,55,42,62,62,62,53,53,41,41,41,41,41,7,43,30,13,13,49,0],"gold":245,"neow_bonus":"TWO_FIFTY_GOLD","is_prod":false,"is_daily":false,"chose_seed":false,"campfire_upgraded":4,"win_rate":0,"timestamp":1564665689,"path_taken":["M","M","$","M","M","R","E","M","T","?","R","?","R","M","R","BOSS","M","?","M","$","?","R","E","M","T","M","R","E","M","?","R","BOSS"],"build_version":"2019-07-17","purchased_purges":1,"victory":false,"max_hp_per_floor":[63,63,63,63,63,63,63,63,63,63,63,68,68,68,68,68,68,68,68,68,68,73,73,73,73,73,73,73,73,73,73,73,73],"card_choices":[{"not_picked":["Outmaneuver","Deflect"],"picked":"PiercingWail","floor":1},{"not_picked":["Acrobatics","Prepared"],"picked":"Heel Hook","floor":2},{"not_picked":["Prepared","Bane"],"picked":"Leg Sweep","floor":4},{"not_picked":["Slice","Phantasmal Killer"],"picked":"Deadly Poison","floor":5},{"not_picked":["Quick Slash","Acrobatics"],"picked":"Deadly Poison","floor":7},{"not_picked":["Dagger Throw","Underhanded Strike"],"picked":"Slice","floor":8},{"not_picked":["Escape Plan","Bane"],"picked":"Skewer","floor":14},{"not_picked":["Phantasmal Killer","Corpse Explosion"],"picked":"A Thousand Cuts","floor":16},{"not_picked":["Dagger Spray","Poisoned Stab"],"picked":"Acrobatics+1","floor":18},{"not_picked":["Bane","Underhanded Strike"],"picked":"Well Laid Plans","floor":20},{"not_picked":["Tactician","Prepared"],"picked":"Calculated Gamble+1","floor":24},{"not_picked":["Cloak And Dagger","Poisoned Stab","Slice"],"picked":"SKIP","floor":25},{"not_picked":["Dagger Spray","Deadly Poison+1"],"picked":"Choke","floor":27},{"not_picked":["Well Laid Plans+1","Calculated Gamble"],"picked":"PiercingWail+1","floor":28},{"not_picked":["Outmaneuver","Concentrate"],"picked":"Phantasmal Killer","floor":29},{"not_picked":["Outmaneuver","Eviscerate"],"picked":"Blade Dance","floor":30},{"not_picked":["Poisoned Stab","Blade Dance"],"picked":"Slice","floor":32}],"player_experience":680270,"relics_obtained":[{"floor":7,"key":"Lantern"},{"floor":9,"key":"Regal Pillow"},{"floor":24,"key":"Dream Catcher"},{"floor":26,"key":"PreservedInsect"},{"floor":29,"key":"Omamori"}],"event_choices":[{"damage_healed":0,"gold_gain":0,"player_choice":"Grow","damage_taken":0,"max_hp_gain":0,"max_hp_loss":0,"event_name":"Living Wall","floor":10,"gold_loss":0,"cards_upgraded":["Deadly Poison"]},{"damage_healed":0,"gold_gain":0,"player_choice":"Donut","damage_taken":0,"max_hp_gain":5,"max_hp_loss":0,"event_name":"Big Fish","floor":12,"gold_loss":0},{"damage_healed":0,"gold_gain":0,"cards_transformed":["Strike_G","Strike_G"],"player_choice":"Became Test Subject","damage_taken":0,"max_hp_gain":0,"max_hp_loss":0,"event_name":"Drug Dealer","floor":19,"gold_loss":0,"cards_obtained":["Escape Plan","Grand Finale"]},{"damage_healed":0,"gold_gain":0,"player_choice":"Shed Blood","damage_taken":17,"max_hp_gain":5,"max_hp_loss":0,"event_name":"Forgotten Altar","floor":22,"gold_loss":0},{"damage_healed":0,"gold_gain":0,"player_choice":"Ignored","damage_taken":0,"max_hp_gain":0,"max_hp_loss":0,"event_name":"Ghosts","floor":31,"gold_loss":0}],"is_beta":false,"boss_relics":[{"not_picked":["Sozu","Runic Dome"],"picked":"Snecko Eye"}],"items_purged_floors":[3],"is_endless":false,"potions_floor_spawned":[8,14,24,25,29,30],"killed_by":"Collector","ascension_level":9}