{"gold_per_floor":[117,131,131,82,82,82,97,111,185,185,202,202,202,202,202,331,331,351,389,405,430,118,118,138,38,63,113,113,147,22,42,42,163,226,250,264,264,0,21,21,35,35,35,75,75,88,14,39,39,39],"floor_reached":51,"playtime":2785,"items_purged":["Defend_R","Bash","Strike_R"],"score":961,"play_id":"4b3e8d2b-345d-4595-90c9-3ed54ff9676e","local_time":"20190517124323","is_ascension_mode":true,"campfire_choices":[{"data":"Headbutt","floor":6.0,"key":"SMITH"},{"data":"Shrug It Off","floor":10.0,"key":"SMITH"},{"data":"True Grit","floor":12.0,"key":"SMITH"},{"floor":15.0,"key":"REST"},{"data":"Uppercut","floor":23,"key":"SMITH"},{"data":"Immolate","floor":28,"key":"SMITH"},{"data":"Disarm","floor":32,"key":"SMITH"},{"data":"Double Tap","floor":40,"key":"SMITH"},{"data":"Limit Break","floor":42,"key":"SMITH"},{"data":"Inflame","floor":45,"key":"SMITH"},{"floor":49,"key":"REST"}],"neow_cost":"NONE","seed_source_timestamp":79402900214617,"circlet_count":0,"master_deck":["Strike_R","Strike_R","Strike_R+1","Defend_R","Defend_R","Defend_R","Metallicize+1","Headbutt+1","Shrug It Off+1","Pummel","True Grit+1","Immolate+1","Power Through+1","Shockwave+1","Uppercut+1","Disarm+1","Evolve","Limit Break+1","Headbutt+1","Double Tap+1","Inflame+1","Heavy Blade+1","Blood for Blood","Flex+1","Disarm+1"],"special_seed":0,"relics":["Burning Blood","NeowsBlessing","Pen Nib","Singing Bowl","Golden Idol","Velvet Choker","Red Mask","ClockworkSouvenir","PreservedInsect","Bottled Lightning","Tiny House","Lee\u0027s Waffle","Pear","Toxic Egg 2"],"potions_floor_usage":[33,37,41,44,46,50,50],"damage_taken":[{"damage":0.0,"enemies":"2 Louse","floor":1.0,"turns":1.0},{"damage":0.0,"enemies":"Cultist","floor":2.0,"turns":1.0},{"damage":0.0,"enemies":"Small Slimes","floor":7.0,"turns":1.0},{"damage":7.0,"enemies":"Looter","floor":8.0,"turns":4.0},{"damage":7.0,"enemies":"Blue Slaver","floor":11.0,"turns":5.0},{"damage":37.0,"enemies":"Slime Boss","floor":16.0,"turns":12.0},{"damage":17.0,"enemies":"2 Thieves","floor":18.0,"turns":4.0},{"damage":3,"enemies":"Masked Bandits","floor":19,"turns":2},{"damage":2,"enemies":"Chosen","floor":20,"turns":6},{"damage":2,"enemies":"Snecko","floor":21,"turns":7},{"damage":0,"enemies":"3 Cultists","floor":24,"turns":1},{"damage":2,"enemies":"Gremlin Leader","floor":29,"turns":4},{"damage":1,"enemies":"Snake Plant","floor":31,"turns":4},{"damage":68,"enemies":"Champ","floor":33,"turns":14},{"damage":9,"enemies":"3 Shapes","floor":35,"turns":3},{"damage":26,"enemies":"3 Darklings","floor":36,"turns":4},{"damage":8,"enemies":"Maw","floor":39,"turns":6},{"damage":20,"enemies":"Writhing Mass","floor":41,"turns":6},{"damage":17,"enemies":"Reptomancer","floor":44,"turns":5},{"damage":20,"enemies":"Jaw Worm Horde","floor":46,"turns":4},{"damage":8,"enemies":"4 Shapes","floor":48,"turns":5},{"damage":79,"enemies":"Donu and Deca","floor":50,"turns":8}],"seed_played":"6639602388683388988","potions_obtained":[{"floor":7.0,"key":"FearPotion"},{"floor":8.0,"key":"PowerPotion"},{"floor":16.0,"key":"Poison Potion"},{"floor":18.0,"key":"Block Potion"},{"floor":34,"key":"AttackPotion"},{"floor":35,"key":"Strength Potion"},{"floor":36,"key":"Strength Potion"},{"floor":37,"key":"Fruit Juice"},{"floor":37,"key":"BloodPotion"},{"floor":44,"key":"Block Potion"}],"is_trial":false,"path_per_floor":["M","M","?","?","?","R","M","M","T","R","M","R","?","?","R","B",null,"M","?","M","M","$","R","M","$","T","?","R","E","$","M","R","B",null,"M","M","?","$","M","R","M","R","T","E","R","M","$","M","R","B",null],"character_chosen":"IRONCLAD","items_purchased":["Uppercut","ClockworkSouvenir","Inflame","Lee\u0027s Waffle","Regen Potion"],"campfire_rested":2,"item_purchase_floors":[22,22,38,38,47],"current_hp_per_floor":[78,80,68,68,68,68,74,73,73,73,72,72,52,45,69,38,70,59,64,68,74,74,74,82,82,82,82,82,86,86,86,86,24,76,75,55,60,105,103,103,101,101,111,100,100,86,86,84,117,59],"gold":39,"neow_bonus":"THREE_ENEMY_KILL","is_prod":false,"is_daily":false,"chose_seed":false,"campfire_upgraded":9,"win_rate":0,"timestamp":1558089803,"path_taken":["M","M","?","?","?","R","M","M","T","R","?","R","?","?","R","BOSS","M","?","M","M","$","R","M","$","T","?","R","E","$","M","R","BOSS","M","M","?","$","M","R","M","R","T","E","R","M","$","M","R","BOSS"],"build_version":"2019-01-23","purchased_purges":3,"victory":true,"max_hp_per_floor":[80,80,80,80,80,80,80,80,80,80,80,80,80,80,80,80,80,80,82,82,84,84,84,86,86,86,86,86,86,86,86,86,86,91,93,93,98,105,105,105,107,107,117,117,117,117,117,117,117,117],"card_choices":[{"not_picked":["Shrug It Off","Havoc"],"picked":"Metallicize","floor":1.0},{"not_picked":["Warcry","Clothesline"],"picked":"Headbutt","floor":2.0},{"not_picked":["Dropkick","Dual Wield"],"picked":"Shrug It Off","floor":7.0},{"not_picked":["Heavy Blade","Anger"],"picked":"Pummel","floor":8.0},{"not_picked":["Sever Soul","Ghostly Armor"],"picked":"True Grit","floor":11.0},{"not_picked":["Berserk","Bludgeon"],"picked":"Immolate","floor":16.0},{"not_picked":["Anger","Heavy Blade"],"picked":"Power Through+1","floor":18.0},{"not_picked":["Bloodletting","Pommel Strike","Heavy Blade"],"picked":"Singing Bowl","floor":19},{"not_picked":["Sword Boomerang","Armaments+1"],"picked":"Shockwave+1","floor":20},{"not_picked":["Seeing Red","Wild Strike","Perfected Strike+1"],"picked":"Singing Bowl","floor":21},{"not_picked":["Entrench","Cleave","Fiend Fire"],"picked":"Singing Bowl","floor":24},{"not_picked":["Flex","Uppercut"],"picked":"Disarm","floor":29},{"not_picked":["Wild Strike","Thunderclap"],"picked":"Evolve","floor":31},{"not_picked":["Berserk","Impervious"],"picked":"Limit Break","floor":33},{"not_picked":["Sword Boomerang","Shockwave+1"],"picked":"Headbutt+1","floor":34},{"not_picked":["Wild Strike+1","Warcry","Anger"],"picked":"Singing Bowl","floor":35},{"not_picked":["Cleave+1","Flex+1"],"picked":"Double Tap","floor":36},{"not_picked":["Wild Strike+1","Clash"],"picked":"Heavy Blade+1","floor":39},{"not_picked":["Corruption","Rampage+1","Hemokinesis+1"],"picked":"Singing Bowl","floor":41},{"not_picked":["Evolve+1","Bloodletting+1"],"picked":"Blood for Blood","floor":44},{"not_picked":["Havoc+1","Whirlwind+1"],"picked":"Flex+1","floor":46},{"not_picked":["Dual Wield+1","Headbutt"],"picked":"Disarm+1","floor":48}],"player_experience":298473,"relics_obtained":[{"floor":9.0,"key":"Singing Bowl"},{"floor":19,"key":"Red Mask"},{"floor":26,"key":"PreservedInsect"},{"floor":29,"key":"Bottled Lightning"},{"floor":43,"key":"Pear"},{"floor":44,"key":"Toxic Egg 2"}],"event_choices":[{"damage_healed":0.0,"max_hp_gain":0.0,"max_hp_loss":0.0,"gold_gain":0.0,"event_name":"Scrap Ooze","player_choice":"Success","floor":3.0,"gold_loss":0.0,"damage_taken":12.0,"relics_obtained":["Pen Nib"]},{"damage_healed":0.0,"max_hp_gain":0.0,"max_hp_loss":0.0,"gold_gain":0.0,"event_name":"World of Goop","player_choice":"Left Gold","floor":4.0,"gold_loss":49.0,"damage_taken":0.0},{"damage_healed":0.0,"max_hp_gain":0.0,"max_hp_loss":0.0,"gold_gain":0.0,"event_name":"Accursed Blacksmith","player_choice":"Forge","floor":5.0,"gold_loss":0.0,"damage_taken":0.0,"cards_upgraded":["Metallicize"]},{"damage_healed":0.0,"max_hp_gain":0.0,"max_hp_loss":0.0,"gold_gain":0.0,"event_name":"Golden Idol","player_choice":"Take Damage","floor":13.0,"gold_loss":0.0,"damage_taken":20.0,"relics_obtained":["Golden Idol"]},{"cards_removed":["Strike_R"],"damage_healed":0.0,"max_hp_gain":0.0,"max_hp_loss":0.0,"gold_gain":0.0,"event_name":"Golden Wing","player_choice":"Card Removal","floor":14.0,"gold_loss":0.0,"damage_taken":7.0},{"damage_healed":0,"gold_gain":0,"player_choice":"Fought Bandits","damage_taken":0,"max_hp_gain":0,"max_hp_loss":0,"event_name":"Masked Bandits","floor":19,"gold_loss":0},{"damage_healed":0,"gold_gain":100,"player_choice":"Bet on Murderer","damage_taken":0,"max_hp_gain":0,"max_hp_loss":0,"event_name":"The Joust","floor":27,"gold_loss":50},{"damage_healed":0,"gold_gain":0,"player_choice":"Got Potions","damage_taken":0,"max_hp_gain":0,"max_hp_loss":0,"event_name":"Lab","floor":37,"gold_loss":0}],"is_beta":false,"boss_relics":[{"not_picked":["Astrolabe","Calling Bell"],"picked":"Velvet Choker"},{"not_picked":["Busted Crown","White Beast Statue"],"picked":"Tiny House"}],"items_purged_floors":[22,25,30],"is_endless":false,"potions_floor_spawned":[7,8,16,18,29,31,35,36,44],"ascension_level":6}