{"gold_per_floor":[117,42,42,42,7,7,20,20,20,20,55,55,69,94,94,198,198,216,228,241,253,253,253,282,282,282,32,61,61,94,113,113,216,216,235,235],"floor_reached":36,"playtime":1950,"items_purged":["Strike_R"],"score":433,"play_id":"3dbd6534-8b30-45cb-8fb0-893197ad9176","local_time":"20190412100124","is_ascension_mode":false,"campfire_choices":[{"data":"Immolate","floor":6,"key":"SMITH"},{"data":"Defend_R","floor":8,"key":"SMITH"},{"data":"Defend_R","floor":10,"key":"SMITH"},{"data":"Defend_R","floor":15,"key":"SMITH"},{"data":"Seeing Red","floor":23,"key":"SMITH"},{"floor":25,"key":"REST"},{"data":"Forethought","floor":32,"key":"SMITH"}],"neow_cost":"NONE","seed_source_timestamp":3014408730522,"circlet_count":0,"master_deck":["Defend_R+1","Defend_R+1","Defend_R+1","Bash+1","Immolate+1","Seeing Red+1","Intimidate+1","Double Tap","Forethought+1"],"relics":["Burning Blood","Potion Belt","Whetstone","Gremlin Horn","Lantern","Strawberry","Red Mask","Matryoshka","Empty Cage"],"potions_floor_usage":[20,30,33,33,33],"damage_taken":[{"damage":3,"enemies":"Jaw Worm","floor":1,"turns":3},{"damage":0,"enemies":"Small Slimes","floor":7,"turns":2},{"damage":16,"enemies":"Gremlin Nob","floor":11,"turns":3},{"damage":0,"enemies":"2 Louse","floor":13,"turns":1},{"damage":1,"enemies":"3 Sentries","floor":14,"turns":3},{"damage":49,"enemies":"The Guardian","floor":16,"turns":10},{"damage":12,"enemies":"2 Thieves","floor":18,"turns":3},{"damage":2,"enemies":"3 Byrds","floor":19,"turns":3},{"damage":31,"enemies":"Snecko","floor":20,"turns":6},{"damage":2,"enemies":"Centurion and Healer","floor":21,"turns":5},{"damage":0,"enemies":"Gremlin Leader","floor":24,"turns":5},{"damage":0,"enemies":"Masked Bandits","floor":28,"turns":1},{"damage":27,"enemies":"Book of Stabbing","floor":30,"turns":4},{"damage":8,"enemies":"3 Cultists","floor":31,"turns":4},{"damage":99,"enemies":"Collector","floor":33,"turns":10},{"damage":0,"enemies":"3 Darklings","floor":35,"turns":1},{"damage":95,"enemies":"2 Orb Walkers","floor":36,"turns":4}],"seed_played":"-286524080630551154","potions_obtained":[{"floor":7,"key":"SpeedPotion"},{"floor":14,"key":"FairyPotion"},{"floor":16,"key":"Dexterity Potion"},{"floor":18,"key":"SmokeBomb"},{"floor":20,"key":"LiquidBronze"},{"floor":24,"key":"Ancient Potion"},{"floor":30,"key":"Regen Potion"},{"floor":31,"key":"Poison Potion"}],"is_trial":false,"path_per_floor":["M","$","?","?","?","R","M","R","T","R","E","$","M","E","R","B",null,"M","M","M","M","?","R","E","R","T","$","?","$","E","M","R","B",null,"M","?"],"character_chosen":"IRONCLAD","items_purchased":["Double Tap","Forethought"],"campfire_rested":1,"item_purchase_floors":[27,27],"current_hp_per_floor":[80,80,80,64,80,80,80,80,80,80,70,70,76,80,80,37,80,74,78,53,57,57,57,63,80,87,87,87,87,66,64,64,11,87,87,0],"gold":235,"neow_bonus":"TRANSFORM_CARD","is_prod":false,"is_daily":false,"chose_seed":false,"campfire_upgraded":6,"win_rate":0.0,"timestamp":1555056084,"path_taken":["M","$","?","?","?","R","M","R","T","R","E","?","?","E","R","BOSS","M","M","M","M","?","R","E","R","T","$","?","$","E","M","R","BOSS","M","?"],"build_version":"2019-01-23","purchased_purges":1,"victory":false,"max_hp_per_floor":[80,80,80,80,80,80,80,80,80,80,80,80,80,80,80,80,80,80,80,80,80,80,80,80,80,87,87,87,87,87,87,87,87,87,87,87],"card_choices":[{"not_picked":["Headbutt","Twin Strike","Thunderclap"],"picked":"SKIP","floor":1},{"not_picked":["Cleave","Heavy Blade","Burning Pact"],"picked":"SKIP","floor":7},{"not_picked":["Dual Wield","Body Slam","Carnage"],"picked":"SKIP","floor":11},{"not_picked":["Body Slam","Dual Wield","Havoc"],"picked":"SKIP","floor":13},{"not_picked":["Sever Soul","Headbutt","Spot Weakness"],"picked":"SKIP","floor":14},{"not_picked":["Clash","True Grit+1"],"picked":"Seeing Red","floor":18},{"not_picked":["Thunderclap","Heavy Blade+1","Whirlwind"],"picked":"SKIP","floor":19},{"not_picked":["Spot Weakness","Shrug It Off+1"],"picked":"Intimidate+1","floor":20},{"not_picked":["Wild Strike","True Grit+1","Havoc"],"picked":"SKIP","floor":21},{"not_picked":["Twin Strike+1","Blood for Blood","Havoc"],"picked":"SKIP","floor":24},{"not_picked":["Berserk","True Grit","Body Slam"],"picked":"SKIP","floor":30},{"not_picked":["Havoc","Thunderclap","Pommel Strike+1"],"picked":"SKIP","floor":31},{"not_picked":["Clothesline","Metallicize","Shockwave"],"picked":"SKIP","floor":35}],"player_experience":73192,"relics_obtained":[{"floor":9,"key":"Potion Belt"},{"floor":11,"key":"Whetstone"},{"floor":14,"key":"Gremlin Horn"},{"floor":24,"key":"Lantern"},{"floor":26,"key":"Strawberry"},{"floor":28,"key":"Red Mask"},{"floor":30,"key":"Matryoshka"}],"event_choices":[{"cards_removed":["Strike_R"],"damage_healed":0,"gold_gain":0,"player_choice":"Forget","damage_taken":0,"max_hp_gain":0,"max_hp_loss":0,"event_name":"Living Wall","floor":3,"gold_loss":0},{"damage_healed":0,"gold_gain":0,"player_choice":"Entered Light","damage_taken":16,"max_hp_gain":0,"max_hp_loss":0,"event_name":"Shining Light","floor":4,"gold_loss":0,"cards_upgraded":["Bash","Defend_R"]},{"damage_healed":20,"gold_gain":0,"player_choice":"Healed","damage_taken":0,"max_hp_gain":0,"max_hp_loss":0,"event_name":"The Cleric","floor":5,"gold_loss":35},{"cards_removed":["Strike_R"],"damage_healed":0,"gold_gain":0,"player_choice":"Elegance","damage_taken":0,"max_hp_gain":0,"max_hp_loss":0,"event_name":"Back to Basics","floor":22,"gold_loss":0},{"damage_healed":0,"gold_gain":0,"player_choice":"Fought Bandits","damage_taken":0,"max_hp_gain":0,"max_hp_loss":0,"event_name":"Masked Bandits","floor":28,"gold_loss":0},{"damage_healed":0,"gold_gain":0,"player_choice":"Fight","damage_taken":0,"max_hp_gain":0,"max_hp_loss":0,"event_name":"Mysterious Sphere","floor":36,"gold_loss":0}],"is_beta":false,"boss_relics":[{"not_picked":["Sozu","Runic Dome","Ectoplasm"]},{"not_picked":["Fusion Hammer","Runic Pyramid"],"picked":"Empty Cage"}],"items_purged_floors":[2],"is_endless":false,"potions_floor_spawned":[7,14,16,18,20,24,30,31],"killed_by":"2 Orb Walkers","ascension_level":0}