{"gold_per_floor":[110,35,210,210,236,236,256,275,328,328,339,31,31,50,50,155,155,165,165,40,53,1,36,46,46,73,73,73,89,104,120,120,221,221,233,251,270,293,306,306,306,306,306,306,149,149,161,179,179,179],"floor_reached":51,"playtime":4113,"items_purged":["Regret","Defend_G","Strike_G"],"score":683,"play_id":"3e8ac05d-89a0-4e05-8bd2-7ad6b1d91610","local_time":"20181008095754","is_ascension_mode":false,"campfire_choices":[{"data":"Neutralize","floor":6.0,"key":"SMITH"},{"data":"Backflip","floor":13.0,"key":"SMITH"},{"data":"Survivor","floor":15.0,"key":"SMITH"},{"data":"RitualDagger","floor":25.0,"key":"SMITH"},{"data":"Outmaneuver","floor":32.0,"key":"SMITH"},{"data":"Poisoned Stab","floor":40.0,"key":"SMITH"},{"floor":42.0,"key":"REST"},{"data":"Backflip","floor":44.0,"key":"SMITH"},{"data":"Quick Slash","floor":46.0,"key":"SMITH"},{"data":"Acrobatics","floor":49.0,"key":"SMITH"}],"neow_cost":"CURSE","seed_source_timestamp":0,"circlet_count":0,"master_deck":["Defend_G","Defend_G","Defend_G","Defend_G","Strike_G+1","Strike_G+1","Survivor+1","Neutralize+1","Outmaneuver+1","Backflip+1","Dagger Throw","Acrobatics+1","Poisoned Stab+1","RitualDagger+1","Backflip+1","Quick Slash+1","Prepared+1","Injury","Deflect+1","Prepared+1","Acrobatics+1","Cloak And Dagger+1","Deadly Poison+1","Underhanded Strike+1","Injury","PiercingWail+1","Outmaneuver+1","Writhe","Deadly Poison+1","Deflect+1"],"special_seed":0,"relics":["Ring of the Snake","Tough Bandages","Spirit Poop","Whetstone","Centennial Puzzle","Letter Opener","ClockworkSouvenir","Cursed Key","Toxic Egg 2","Dream Catcher","Empty Cage","Ancient Tea Set","Shuriken","Snake Skull"],"potions_floor_usage":[50],"damage_taken":[{"damage":11.0,"enemies":"Cultist","floor":1.0,"turns":5.0},{"damage":0.0,"enemies":"Small Slimes","floor":7.0,"turns":3.0},{"damage":0.0,"enemies":"2 Louse","floor":8.0,"turns":3.0},{"damage":0.0,"enemies":"Lots of Slimes","floor":11.0,"turns":2.0},{"damage":2.0,"enemies":"Blue Slaver","floor":14.0,"turns":3.0},{"damage":63.0,"enemies":"Hexaghost","floor":16.0,"turns":17.0},{"damage":2.0,"enemies":"3 Byrds","floor":18.0,"turns":6.0},{"damage":2.0,"enemies":"Spheric Guardian","floor":21.0,"turns":4.0},{"damage":14.0,"enemies":"Slavers","floor":23.0,"turns":7.0},{"damage":7.0,"enemies":"Centurion and Healer","floor":24.0,"turns":7.0},{"damage":10.0,"enemies":"Colosseum Slavers","floor":28.0,"turns":4.0},{"damage":3.0,"enemies":"Cultist and Chosen","floor":29.0,"turns":5.0},{"damage":11.0,"enemies":"Snake Plant","floor":30.0,"turns":5.0},{"damage":0.0,"enemies":"Shelled Parasite and Fungi","floor":31.0,"turns":5.0},{"damage":8.0,"enemies":"Collector","floor":33.0,"turns":12.0},{"damage":3.0,"enemies":"3 Darklings","floor":35.0,"turns":5.0},{"damage":7.0,"enemies":"3 Shapes","floor":36.0,"turns":3.0},{"damage":2.0,"enemies":"3 Darklings","floor":37.0,"turns":7.0},{"damage":17.0,"enemies":"Transient","floor":39.0,"turns":5.0},{"damage":0.0,"enemies":"Spire Growth","floor":47.0,"turns":4.0},{"damage":0.0,"enemies":"3 Darklings","floor":48.0,"turns":5.0},{"damage":32,"enemies":"Awakened One","floor":50,"turns":12}],"seed_played":"5619759473899950491","potions_obtained":[{"floor":1.0,"key":"Explosive Potion"},{"floor":7.0,"key":"Fire Potion"},{"floor":14.0,"key":"Regen Potion"},{"floor":16.0,"key":"GamblersBrew"},{"floor":21.0,"key":"Block Potion"},{"floor":23.0,"key":"Fire Potion"},{"floor":30.0,"key":"AttackPotion"},{"floor":33.0,"key":"GamblersBrew"},{"floor":39.0,"key":"SkillPotion"},{"floor":48.0,"key":"Strength Potion"}],"is_trial":false,"path_per_floor":["M","$","?","?","T","R","M","M","T","?","M","$","R","M","R","B",null,"M","?","$","M","$","E","M","R","T","$","?","M","M","M","R","B",null,"M","M","M","T","M","R","?","R","T","R","$","R","M","M","R","B"],"character_chosen":"THE_SILENT","items_purchased":["ClockworkSouvenir","Quick Slash","Snake Skull"],"campfire_rested":1,"item_purchase_floors":[12,22,45],"current_hp_per_floor":[59,59,59,59,59,59,59,59,59,59,59,59,59,57,57,8,70,68,62,62,60,60,46,39,39,39,39,29,26,15,15,15,7,70,67,60,58,58,41,41,41,62,62,62,62,62,62,62,62,30],"gold":179,"neow_bonus":"ONE_RARE_RELIC","is_prod":false,"is_daily":false,"chose_seed":false,"campfire_upgraded":9,"win_rate":0,"timestamp":1539017874,"path_taken":["M","$","?","?","?","R","M","?","T","?","M","$","R","?","R","BOSS","M","?","$","?","$","E","M","R","T","$","?","?","M","M","R","BOSS","M","M","M","?","?","R","?","R","T","R","$","R","?","?","R","BOSS"],"build_version":"2018-10-04v2","purchased_purges":3,"victory":true,"max_hp_per_floor":[70,70,70,70,70,70,70,70,70,70,70,70,70,70,70,70,70,70,70,70,70,70,70,70,70,70,70,70,70,70,70,70,70,70,70,70,70,70,70,70,70,70,70,70,70,70,70,70,70,70],"card_choices":[{"not_picked":["All Out Attack","Poisoned Stab"],"picked":"Outmaneuver","floor":1.0},{"not_picked":["Catalyst","Quick Slash"],"picked":"Backflip","floor":7.0},{"not_picked":["Flechettes","Tactician"],"picked":"Dagger Throw","floor":8.0},{"not_picked":["Bane","Dagger Spray"],"picked":"Acrobatics","floor":11.0},{"not_picked":["Accuracy","Dagger Spray","Sucker Punch"],"picked":"SKIP","floor":14.0},{"not_picked":["Crippling Poison","Bane"],"picked":"Poisoned Stab","floor":18.0},{"not_picked":["Eviscerate","Accuracy"],"picked":"Backflip","floor":21.0},{"not_picked":["Backstab","Skewer","Eviscerate"],"picked":"SKIP","floor":23.0},{"not_picked":["Sucker Punch","Choke"],"picked":"Prepared+1","floor":24.0},{"not_picked":["Acrobatics+1","Blur+1"],"picked":"Deflect+1","floor":29.0},{"not_picked":["Flechettes","Quick Slash"],"picked":"Prepared+1","floor":30.0},{"not_picked":["Dash","Blur+1"],"picked":"Acrobatics+1","floor":31.0},{"not_picked":["Choke+1","Reflex+1"],"picked":"Cloak And Dagger+1","floor":35.0},{"not_picked":["Backstab","Distraction+1"],"picked":"Deadly Poison+1","floor":36.0},{"not_picked":["Acrobatics+1","Terror+1"],"picked":"Underhanded Strike+1","floor":37.0},{"not_picked":["Backstab+1","Adrenaline+1"],"picked":"PiercingWail+1","floor":39.0},{"not_picked":["Dagger Throw+1","Choke+1"],"picked":"Outmaneuver+1","floor":42.0},{"not_picked":["Flying Knee+1","PiercingWail+1"],"picked":"Deadly Poison+1","floor":47.0},{"not_picked":["Setup+1","Expertise+1"],"picked":"Deflect+1","floor":48.0}],"player_experience":347054,"relics_obtained":[{"floor":5.0,"key":"Whetstone"},{"floor":9.0,"key":"Centennial Puzzle"},{"floor":23.0,"key":"Toxic Egg 2"},{"floor":26.0,"key":"Dream Catcher"},{"floor":38.0,"key":"Ancient Tea Set"},{"floor":43.0,"key":"Shuriken"}],"event_choices":[{"event_name":"Liars Game","player_choice":"agreed","floor":3.0,"damage_taken":0.0},{"event_name":"Bonfire Elementals","player_choice":"CURSE","floor":4.0,"damage_taken":0.0},{"event_name":"WeMeetAgain","player_choice":"Potion","floor":10.0,"damage_taken":0.0},{"event_name":"Nest","player_choice":"Joined the Cult","floor":19.0,"damage_taken":0.0},{"event_name":"Colosseum","player_choice":"Fight","floor":28.0,"damage_taken":0.0},{"event_name":"Colosseum","player_choice":"Fled From Nobs","floor":28.0,"damage_taken":0.0},{"event_name":"SensoryStone","player_choice":"Memory 1","floor":41.0,"damage_taken":0.0}],"is_beta":false,"boss_relics":[{"not_picked":["Eternal Feather","Sozu"],"picked":"Cursed Key"},{"not_picked":["Ring of the Serpent","Black Star"],"picked":"Empty Cage"}],"items_purged_floors":[2,12,20],"is_endless":false,"potions_floor_spawned":[1,7,14,16,21,23,28,30,33,39,48],"ascension_level":0}