{"gold_per_floor":[112,129,146,156,156,156,166,183,183,200,200,214,214,214,214,214],"floor_reached":16,"playtime":383,"items_purged":[],"score":178,"play_id":"453dd5e9-4e04-4ace-b40e-8188c65a79e0","local_time":"20180908195047","is_ascension_mode":true,"campfire_choices":[{"floor":6,"key":"REST"},{"floor":11,"key":"REST"},{"data":"Uppercut","floor":13,"key":"SMITH"},{"data":"Bash","floor":15,"key":"SMITH"}],"neow_cost":"TEN_PERCENT_HP_LOSS","seed_source_timestamp":23863006730510,"circlet_count":0,"master_deck":["Strike_R","Strike_R","Strike_R","Strike_R","Strike_R","Defend_R","Defend_R","Defend_R","Defend_R","Bash+1","AscendersBane","Clash","Sword Boomerang","Uppercut+1","Offering","Headbutt"],"special_seed":0,"relics":["Burning Blood","Champion Belt","FossilizedHelix"],"potions_floor_usage":[16],"damage_taken":[{"damage":12.0,"enemies":"Cultist","floor":1.0,"turns":5.0},{"damage":0.0,"enemies":"Small Slimes","floor":2.0,"turns":3.0},{"damage":2.0,"enemies":"2 Louse","floor":3.0,"turns":3.0},{"damage":63,"enemies":"Gremlin Gang","floor":4,"turns":6},{"damage":13,"enemies":"Blue Slaver","floor":7,"turns":3},{"damage":8,"enemies":"Exordium Wildlife","floor":8,"turns":2},{"damage":8,"enemies":"Looter","floor":10,"turns":3},{"damage":8,"enemies":"3 Louse","floor":12,"turns":4},{"damage":38,"enemies":"Hexaghost","floor":16,"turns":9}],"seed_played":"9138395658416433046","potions_obtained":[{"floor":2.0,"key":"Swift Potion"},{"floor":7,"key":"Ancient Potion"},{"floor":10,"key":"Block Potion"}],"is_trial":false,"path_per_floor":["M","M","M","M","?","R","M","M","T","M","R","M","R","?","R"],"character_chosen":"IRONCLAD","items_purchased":[],"campfire_rested":2,"item_purchase_floors":[],"current_hp_per_floor":[62,68,68,11,11,31,24,22,22,20,40,38,38,38,38,0],"gold":214,"neow_bonus":"ONE_RARE_RELIC","is_prod":false,"is_daily":false,"chose_seed":false,"campfire_upgraded":2,"win_rate":0,"timestamp":1536425447,"path_taken":["M","M","M","M","?","R","M","M","T","?","R","M","R","?","R","BOSS"],"build_version":"2018-09-06","purchased_purges":0,"victory":false,"max_hp_per_floor":[68,68,68,68,68,68,68,68,68,68,68,68,68,68,68,68],"card_choices":[{"not_picked":["Second Wind","Warcry"],"picked":"Clash","floor":1.0},{"not_picked":["Shockwave","Thunderclap"],"picked":"Sword Boomerang","floor":2.0},{"not_picked":["Sever Soul","Havoc","Hemokinesis"],"picked":"SKIP","floor":3.0},{"not_picked":["True Grit","Shrug It Off"],"picked":"Uppercut","floor":4},{"not_picked":["Dual Wield","Reckless Charge"],"picked":"Headbutt","floor":7},{"not_picked":["Thunderclap","Wild Strike","Clothesline"],"picked":"SKIP","floor":8},{"not_picked":["Blood for Blood","Headbutt","Rampage"],"picked":"SKIP","floor":10},{"not_picked":["Sever Soul","Armaments","Warcry"],"picked":"SKIP","floor":12}],"player_experience":464614,"relics_obtained":[{"floor":9,"key":"FossilizedHelix"}],"event_choices":[{"event_name":"Match and Keep!","player_choice":"1 cards matched","floor":5,"damage_taken":0},{"event_name":"Golden Idol","player_choice":"Ignored","floor":14,"damage_taken":0}],"is_beta":false,"boss_relics":[],"items_purged_floors":[],"is_endless":false,"potions_floor_spawned":[2,7,8,10],"killed_by":"Hexaghost","ascension_level":17}