{"gold_per_floor":[109,79,3,3,17,81,81,150,176,176,193,193,37,54,54,151,151,165,176,194,205,120,165,177,1,1,1,36,115,127,127,127,227,227,246,59,69,35,35,35,35,53,53,53,71,71,89,108,108,108,108,108,23,57,57],"floor_reached":55,"playtime":11265,"items_purged":["Strike_B","Strike_B"],"score":710,"play_id":"6d68d1cb-7f80-4929-acde-ff56a8587db2","local_time":"20181122125749","is_ascension_mode":false,"campfire_choices":[{"floor":7.0,"key":"RECALL"},{"data":"Consume","floor":10.0,"key":"SMITH"},{"data":"Zap","floor":15.0,"key":"SMITH"},{"floor":24.0,"key":"REST"},{"data":"Storm","floor":27.0,"key":"SMITH"},{"floor":32.0,"key":"REST"},{"data":"Defragment","floor":40.0,"key":"SMITH"},{"floor":46.0,"key":"REST"},{"floor":49.0,"key":"REST"},{"data":"Hologram","floor":52,"key":"SMITH"}],"neow_cost":"NONE","seed_source_timestamp":0,"circlet_count":0,"master_deck":["Strike_B","Defend_B","Defend_B","Defend_B","Defend_B","Zap+1","Dualcast","Steam","Consume+1","Capacitor","Steam","Self Repair","Go for the Eyes","Thunder Strike","Hologram+1","Echo Form","Storm+1","FTL","Chill","Electrodynamics","Defragment","Conserve Battery","Blind","Defragment+1","Madness","Madness","Static Discharge+1","Force Field+1","Glacier"],"special_seed":0,"relics":["Cracked Core","Art of War","Tiny Chest","Smiling Mask","Kunai","Sozu","MawBank","Oddly Smooth Stone","DataDisk","Bottled Lightning","Blood Vial","Singing Bowl","Inserter","Dead Branch","Bag of Marbles","Happy Flower"],"potions_floor_usage":[],"damage_taken":[{"damage":7.0,"enemies":"Small Slimes","floor":1.0,"turns":3.0},{"damage":10.0,"enemies":"Cultist","floor":5.0,"turns":4.0},{"damage":33.0,"enemies":"Gremlin Nob","floor":6.0,"turns":4.0},{"damage":0.0,"enemies":"2 Louse","floor":11.0,"turns":2.0},{"damage":5.0,"enemies":"Looter","floor":14.0,"turns":3.0},{"damage":46.0,"enemies":"Hexaghost","floor":16.0,"turns":13.0},{"damage":28.0,"enemies":"Chosen","floor":18.0,"turns":5.0},{"damage":31.0,"enemies":"2 Thieves","floor":19.0,"turns":3.0},{"damage":19.0,"enemies":"Centurion and Healer","floor":20.0,"turns":9.0},{"damage":8.0,"enemies":"Snecko","floor":21.0,"turns":7.0},{"damage":23.0,"enemies":"Book of Stabbing","floor":23.0,"turns":6.0},{"damage":39.0,"enemies":"Slavers","floor":28.0,"turns":5.0},{"damage":22.0,"enemies":"Snake Plant","floor":30.0,"turns":4.0},{"damage":13.0,"enemies":"Champ","floor":33.0,"turns":8.0},{"damage":10.0,"enemies":"Orb Walker","floor":35.0,"turns":3.0},{"damage":26.0,"enemies":"3 Darklings","floor":37.0,"turns":3.0},{"damage":30.0,"enemies":"Spire Growth","floor":42.0,"turns":5.0},{"damage":3.0,"enemies":"Maw","floor":45.0,"turns":6.0},{"damage":7.0,"enemies":"3 Darklings","floor":47.0,"turns":5.0},{"damage":20.0,"enemies":"Jaw Worm Horde","floor":48.0,"turns":4.0},{"damage":74.0,"enemies":"Awakened One","floor":50.0,"turns":7.0},{"damage":81,"enemies":"Shield and Spear","floor":54,"turns":4},{"damage":20,"enemies":"The Heart","floor":55,"turns":2}],"seed_played":"-3975009234345308388","potions_obtained":[{"floor":1.0,"key":"SkillPotion"},{"floor":2.0,"key":"Fruit Juice"},{"floor":2.0,"key":"Dexterity Potion"},{"floor":6.0,"key":"FairyPotion"}],"is_trial":false,"path_per_floor":["M","?","$","?","M","E","R","T","T","R","M","T","$","M","R","B",null,"M","M","M","M","M","?","E","R","$","T","R","E","T","M","?","R","B",null,"M","$","M","$","?","R","T","M","T","?","M","R","M","M","R","B",null,"R","$","E","B"],"character_chosen":"DEFECT","items_purchased":["Consume","Self Repair","Regen Potion","DataDisk","Storm","Defragment","Conserve Battery","Blind","Defragment","Glacier"],"campfire_rested":4,"item_purchase_floors":[3,13,13,25,25,36,36,36,38,53],"current_hp_per_floor":[75,75,75,63,58,25,25,25,25,25,25,25,25,27,27,14,87,66,42,30,36,36,20,46,46,46,46,21,21,1,1,27,23,87,79,79,57,57,46,46,46,25,25,25,33,60,64,53,81,16,95,95,95,16,0],"gold":57,"neow_bonus":"TEN_PERCENT_HP_BONUS","is_prod":false,"is_daily":false,"chose_seed":false,"campfire_upgraded":5,"win_rate":0,"timestamp":1542920269,"path_taken":["M","?","?","?","M","E","R","?","T","R","M","?","$","M","R","BOSS","M","M","M","?","?","E","R","$","T","R","E","?","M","?","R","BOSS","M","$","M","?","?","R","?","M","T","?","M","R","M","M","R","BOSS","R","$","E","BOSS"],"build_version":"2018-11-15","purchased_purges":2,"victory":false,"max_hp_per_floor":[82,82,82,82,87,87,87,87,87,87,87,87,87,87,87,87,87,87,87,87,87,87,87,87,87,87,87,87,87,87,87,87,87,87,89,89,91,91,91,91,91,91,91,91,93,93,95,95,95,95,95,95,95,97,97],"card_choices":[{"not_picked":["Blizzard","Lockon"],"picked":"Steam","floor":1.0},{"not_picked":["Turbo","Aggregate"],"picked":"Capacitor","floor":5.0},{"not_picked":["Undo","Rebound","Redo"],"picked":"SKIP","floor":6.0},{"not_picked":["Leap","Tempest"],"picked":"Steam","floor":11.0},{"not_picked":["Hologram","Sunder"],"picked":"Go for the Eyes","floor":14.0},{"not_picked":["Hyperbeam","Multi-Cast"],"picked":"Thunder Strike","floor":16.0},{"not_picked":["Rebound+1","Melter"],"picked":"Hologram","floor":18.0},{"not_picked":["Beam Cell","Barrage","Compile Driver"],"picked":"SKIP","floor":19.0},{"not_picked":["Redo","Barrage"],"picked":"Echo Form","floor":20.0},{"not_picked":["Compile Driver","Redo","Sweeping Beam"],"picked":"SKIP","floor":21.0},{"not_picked":["Turbo","Blizzard+1","Stack"],"picked":"SKIP","floor":23.0},{"not_picked":["Steam","Lockon"],"picked":"FTL","floor":28.0},{"not_picked":["Steam","Compile Driver"],"picked":"Chill","floor":30.0},{"not_picked":["Amplify","Fission"],"picked":"Electrodynamics","floor":33.0},{"not_picked":["Barrage+1","Beam Cell","Reprogram"],"picked":"Singing Bowl","floor":35.0},{"not_picked":["Auto Shields","Sweeping Beam","Go for the Eyes"],"picked":"Singing Bowl","floor":37.0},{"not_picked":["Barrage","Streamline"],"picked":"Static Discharge+1","floor":42.0},{"not_picked":["Beam Cell+1","Rebound","Fusion"],"picked":"Singing Bowl","floor":45.0},{"not_picked":["Steam+1","Auto Shields","Sweeping Beam+1"],"picked":"Singing Bowl","floor":47.0},{"not_picked":["Steam","Steam Power+1"],"picked":"Force Field+1","floor":48.0},{"not_picked":["Glacier","Stack","Cold Snap+1"],"picked":"Singing Bowl","floor":54}],"player_experience":468538,"relics_obtained":[{"floor":6.0,"key":"Tiny Chest"},{"floor":9.0,"key":"Smiling Mask"},{"floor":12.0,"key":"Kunai"},{"floor":23.0,"key":"Oddly Smooth Stone"},{"floor":26.0,"key":"Bottled Lightning"},{"floor":28.0,"key":"Blood Vial"},{"floor":29.0,"key":"Singing Bowl"},{"floor":41.0,"key":"Dead Branch"},{"floor":43.0,"key":"Bag of Marbles"},{"floor":54,"key":"Happy Flower"}],"event_choices":[{"damage_healed":0.0,"max_hp_gain":0.0,"max_hp_loss":0.0,"gold_gain":0.0,"event_name":"The Woman in Blue","player_choice":"Bought 2 Potions","floor":2.0,"gold_loss":0.0,"damage_taken":0.0},{"damage_healed":0.0,"max_hp_gain":0.0,"max_hp_loss":0.0,"gold_gain":0.0,"event_name":"Scrap Ooze","player_choice":"Success","floor":4.0,"gold_loss":0.0,"damage_taken":12.0,"relics_obtained":["Art of War"]},{"damage_healed":0.0,"max_hp_gain":0.0,"max_hp_loss":0.0,"gold_gain":0.0,"event_name":"Addict","player_choice":"Obtained Relic","floor":22.0,"gold_loss":85.0,"damage_taken":0.0,"relics_obtained":["MawBank"]},{"damage_healed":0.0,"max_hp_gain":0.0,"max_hp_loss":0.0,"gold_gain":0.0,"event_name":"Lab","player_choice":"Got Potions","floor":31.0,"gold_loss":0.0,"damage_taken":0.0},{"damage_healed":0.0,"max_hp_gain":0.0,"max_hp_loss":0.0,"gold_gain":0.0,"event_name":"Winding Halls","player_choice":"Embrace Madness","floor":39.0,"gold_loss":0.0,"damage_taken":11.0,"cards_obtained":["Madness","Madness"]},{"cards_removed":["Strike_B"],"damage_healed":0.0,"max_hp_gain":0.0,"max_hp_loss":0.0,"gold_gain":0.0,"event_name":"Falling","player_choice":"Removed Attack","floor":44.0,"gold_loss":0.0,"damage_taken":0.0}],"is_beta":false,"boss_relics":[{"not_picked":["Orrery","Runic Dome"],"picked":"Sozu"},{"not_picked":["Eternal Feather","Fusion Hammer"],"picked":"Inserter"}],"items_purged_floors":[13,53],"is_endless":false,"potions_floor_spawned":[1,6,19,21,30,37,45,48],"killed_by":"The Heart","ascension_level":0}