{"gold_per_floor":[113,126,126,51,68,68,94,94,94,114,133,133,164,183,183,287,287,298,298,314,333,346,346,377,377,377,409,421,421],"floor_reached":29,"playtime":1013,"items_purged":["Pain"],"score":316,"play_id":"39d82eac-9590-4842-8be1-24b55613c218","local_time":"20190626224044","is_ascension_mode":true,"campfire_choices":[{"data":"Neutralize","floor":6,"key":"SMITH"},{"data":"Well Laid Plans","floor":12,"key":"SMITH"},{"data":"Footwork","floor":15,"key":"SMITH"},{"floor":23,"key":"RECALL"}],"neow_cost":"NONE","seed_source_timestamp":33843913134315,"circlet_count":0,"master_deck":["Defend_G","Defend_G","Defend_G","Defend_G","Defend_G","Strike_G+1","Strike_G+1","Strike_G","Strike_G","Survivor","Neutralize+1","Flying Knee","Deadly Poison","Crippling Poison","Well Laid Plans+1","Backstab","Footwork+1","Glass Knife","Flechettes","Terror","Escape Plan","Footwork+1","Noxious Fumes"],"relics":["Ring of the Snake","Whetstone","WarpedTongs","Shuriken","Singing Bowl","Blue Candle","Fusion Hammer","Bottled Lightning","Toxic Egg 2","Ninja Scroll"],"potions_floor_usage":[16,29],"damage_taken":[{"damage":0,"enemies":"Cultist","floor":1,"turns":4},{"damage":0,"enemies":"Small Slimes","floor":2,"turns":3},{"damage":1,"enemies":"2 Louse","floor":5,"turns":3},{"damage":19,"enemies":"3 Sentries","floor":7,"turns":10},{"damage":2,"enemies":"Large Slime","floor":10,"turns":5},{"damage":0,"enemies":"Looter","floor":11,"turns":2},{"damage":19,"enemies":"Gremlin Nob","floor":13,"turns":5},{"damage":0,"enemies":"Gremlin Gang","floor":14,"turns":3},{"damage":10,"enemies":"Slime Boss","floor":16,"turns":10},{"damage":0,"enemies":"Chosen","floor":18,"turns":3},{"damage":1,"enemies":"2 Thieves","floor":20,"turns":4},{"damage":5,"enemies":"Chosen and Byrds","floor":21,"turns":5},{"damage":0,"enemies":"Snecko","floor":22,"turns":4},{"damage":11,"enemies":"Book of Stabbing","floor":24,"turns":5},{"damage":34,"enemies":"Slavers","floor":27,"turns":6},{"damage":10,"enemies":"Snake Plant","floor":28,"turns":4},{"damage":7,"enemies":"Centurion and Healer","floor":29,"turns":1}],"seed_played":"-7134478236041432063","potions_obtained":[{"floor":2,"key":"GamblersBrew"},{"floor":5,"key":"Regen Potion"},{"floor":14,"key":"SteroidPotion"},{"floor":16,"key":"Ancient Potion"},{"floor":24,"key":"PowerPotion"}],"is_trial":false,"path_per_floor":["M","M","?","$","M","R","E","?","T","M","M","R","E","M","R","B",null,"M","?","M","M","M","R","E","?","T","E","M","M"],"character_chosen":"THE_SILENT","items_purchased":[],"campfire_rested":0,"item_purchase_floors":[],"current_hp_per_floor":[70,70,70,70,69,69,50,43,43,41,43,43,24,26,26,31,74,76,62,61,58,58,58,47,47,47,13,5,0],"gold":421,"neow_bonus":"RANDOM_COMMON_RELIC","is_prod":false,"is_daily":false,"chose_seed":false,"campfire_upgraded":3,"win_rate":0,"timestamp":1561578044,"path_taken":["M","?","?","$","?","R","E","?","T","M","M","R","E","M","R","BOSS","M","?","M","M","M","R","E","?","T","E","M","?"],"build_version":"2019-01-23","purchased_purges":1,"victory":false,"max_hp_per_floor":[70,70,70,70,70,70,70,70,70,70,72,72,72,74,74,74,74,76,81,81,83,83,83,83,83,83,83,85,85],"card_choices":[{"not_picked":["Dagger Throw","Sucker Punch"],"picked":"Flying Knee","floor":1},{"not_picked":["Outmaneuver","Heel Hook"],"picked":"Deadly Poison","floor":2},{"not_picked":["Flying Knee","Blade Dance"],"picked":"Crippling Poison","floor":5},{"not_picked":["Phantasmal Killer","Finisher"],"picked":"Well Laid Plans","floor":7},{"not_picked":["Eviscerate","Underhanded Strike"],"picked":"Backstab","floor":10},{"not_picked":["Cloak And Dagger","Finisher","PiercingWail"],"picked":"Singing Bowl","floor":11},{"not_picked":["Eviscerate","Outmaneuver"],"picked":"Footwork","floor":13},{"not_picked":["Reflex","Bane","Dodge and Roll"],"picked":"Singing Bowl","floor":14},{"not_picked":["Night Terror","Burst"],"picked":"Glass Knife","floor":16},{"not_picked":["Prepared+1","Flying Knee","Setup"],"picked":"Singing Bowl","floor":18},{"not_picked":["PiercingWail","Acrobatics"],"picked":"Flechettes","floor":20},{"not_picked":["Dagger Spray","Bouncing Flask","All Out Attack"],"picked":"Singing Bowl","floor":21},{"not_picked":["Endless Agony","Cloak And Dagger"],"picked":"Terror","floor":22},{"not_picked":["Grand Finale","Blade Dance"],"picked":"Escape Plan","floor":24},{"not_picked":["Poisoned Stab","Cloak And Dagger+1"],"picked":"Noxious Fumes","floor":27},{"not_picked":["Backstab","Slice","Blade Dance+1"],"picked":"Singing Bowl","floor":28}],"player_experience":1013007,"relics_obtained":[{"floor":7,"key":"Shuriken"},{"floor":9,"key":"Singing Bowl"},{"floor":13,"key":"Blue Candle"},{"floor":24,"key":"Bottled Lightning"},{"floor":26,"key":"Toxic Egg 2"},{"floor":27,"key":"Ninja Scroll"}],"event_choices":[{"damage_healed":0,"gold_gain":0,"player_choice":"Rummage","damage_taken":0,"relics_obtained":["WarpedTongs"],"max_hp_gain":0,"max_hp_loss":0,"event_name":"Accursed Blacksmith","floor":3,"gold_loss":0,"cards_obtained":["Pain"]},{"cards_removed":["Strike_G"],"damage_healed":0,"gold_gain":0,"player_choice":"Card Removal","damage_taken":7,"max_hp_gain":0,"max_hp_loss":0,"event_name":"Golden Wing","floor":8,"gold_loss":0},{"damage_healed":0,"gold_gain":0,"player_choice":"Shed Blood","damage_taken":19,"max_hp_gain":5,"max_hp_loss":0,"event_name":"Forgotten Altar","floor":19,"gold_loss":0},{"damage_healed":0,"gold_gain":0,"player_choice":"Copied","damage_taken":0,"max_hp_gain":0,"max_hp_loss":0,"event_name":"Duplicator","floor":25,"gold_loss":0,"cards_obtained":["Footwork"]}],"is_beta":false,"boss_relics":[{"not_picked":["Lizard Tail","Tiny House"],"picked":"Fusion Hammer"}],"items_purged_floors":[4],"is_endless":false,"potions_floor_spawned":[2,5,14,16,18,21,22,24],"killed_by":"Centurion and Healer","ascension_level":1}