{"gold_per_floor":[115,134,144,144,144,154,182,182,182,182,182,148,162,87,87,186,186,186,186,186,110,110,110,110,110,110,110,110,110,110,110,110,110,110,110,110,110],"floor_reached":37,"playtime":3518,"items_purged":["Strike_B"],"score":683,"play_id":"0ae68919-e71c-427a-988c-9fee85b34140","local_time":"20190807012915","is_ascension_mode":true,"campfire_choices":[{"floor":8,"key":"REST"},{"floor":10,"key":"REST"},{"data":"Dualcast","floor":15,"key":"SMITH"},{"data":"Buffer","floor":24,"key":"SMITH"},{"floor":32,"key":"REST"}],"neow_cost":"TEN_PERCENT_HP_LOSS","seed_source_timestamp":109662580560410,"circlet_count":0,"master_deck":["Defend_B","Defend_B","Defend_B","Defend_B","Zap","Dualcast+1","Cold Snap","Ball Lightning","Genetic Algorithm","Undo","Buffer+1","Defragment","Glacier","Loop+1","Core Surge","Capacitor+1","Compile Driver+1","Decay","Machine Learning"],"relics":["Cracked Core","Ginger","Ice Cream","Ectoplasm","Du-Vu Doll","Sundial","Meat on the Bone","Bottled Lightning","Runic Pyramid"],"potions_floor_usage":[18,22,23,25,25,30,33,37],"damage_taken":[{"damage":0,"enemies":"Cultist","floor":1,"turns":4},{"damage":0,"enemies":"2 Louse","floor":2,"turns":2},{"damage":0,"enemies":"Jaw Worm","floor":3,"turns":3},{"damage":12,"enemies":"3 Louse","floor":6,"turns":4},{"damage":34,"enemies":"Gremlin Nob","floor":7,"turns":4},{"damage":0,"enemies":"Blue Slaver","floor":13,"turns":4},{"damage":3,"enemies":"The Guardian","floor":16,"turns":13},{"damage":2,"enemies":"3 Byrds","floor":18,"turns":3},{"damage":0,"enemies":"Spheric Guardian","floor":19,"turns":4},{"damage":10,"enemies":"Centurion and Healer","floor":22,"turns":14},{"damage":0,"enemies":"Gremlin Leader","floor":23,"turns":6},{"damage":25,"enemies":"Book of Stabbing","floor":25,"turns":10},{"damage":0,"enemies":"Sentry and Sphere","floor":27,"turns":8},{"damage":0,"enemies":"3 Cultists","floor":28,"turns":7},{"damage":0,"enemies":"Snecko","floor":29,"turns":6},{"damage":30,"enemies":"Slavers","floor":30,"turns":10},{"damage":0,"enemies":"Automaton","floor":33,"turns":12},{"damage":10,"enemies":"Orb Walker","floor":35,"turns":5},{"damage":23,"enemies":"3 Darklings","floor":36,"turns":10},{"damage":60,"enemies":"2 Orb Walkers","floor":37,"turns":5}],"seed_played":"-8752094483749271249","potions_obtained":[{"floor":2,"key":"LiquidBronze"},{"floor":6,"key":"Regen Potion"},{"floor":13,"key":"Strength Potion"},{"floor":18,"key":"PowerPotion"},{"floor":19,"key":"Weak Potion"},{"floor":23,"key":"SkillPotion"},{"floor":27,"key":"LiquidBronze"},{"floor":30,"key":"FocusPotion"},{"floor":35,"key":"GamblersBrew"},{"floor":36,"key":"Explosive Potion"}],"is_trial":false,"path_per_floor":["M","M","M","?","?","M","E","R","T","R","?","$","M","$","R","B",null,"M","M","?","$","M","E","R","E","T","M","M","M","E","?","R","B",null,"M","M","?"],"character_chosen":"DEFECT","items_purchased":["Undo","Defragment"],"campfire_rested":3,"item_purchase_floors":[12,21],"current_hp_per_floor":[68,68,68,73,73,61,27,48,48,69,69,69,69,69,69,66,71,69,69,69,69,59,59,59,49,49,49,49,49,31,31,52,52,68,58,47,0],"gold":110,"neow_bonus":"REMOVE_TWO","is_prod":false,"is_daily":false,"chose_seed":false,"campfire_upgraded":2,"win_rate":0,"timestamp":1565159355,"path_taken":["M","M","M","?","?","?","E","R","T","R","?","$","M","$","R","BOSS","M","?","?","$","M","E","R","E","T","M","M","M","E","?","R","BOSS","M","M","?"],"build_version":"2019-07-17","purchased_purges":1,"victory":false,"max_hp_per_floor":[68,68,68,73,73,73,73,73,73,73,73,73,73,73,73,73,73,73,73,73,73,73,73,73,73,73,73,73,73,73,73,73,73,73,73,73,73],"card_choices":[{"not_picked":["Stack","Ball Lightning"],"picked":"Cold Snap","floor":1},{"not_picked":["Cold Snap","Rip and Tear","Rebound"],"picked":"SKIP","floor":2},{"not_picked":["Rebound","Compile Driver"],"picked":"Ball Lightning","floor":3},{"not_picked":["Go for the Eyes","Barrage","Compile Driver"],"picked":"SKIP","floor":6},{"not_picked":["Steam","Cold Snap","Hello World"],"picked":"SKIP","floor":7},{"not_picked":["Chaos","Rebound","Sweeping Beam"],"picked":"SKIP","floor":13},{"not_picked":["All For One","Machine Learning"],"picked":"Buffer","floor":16},{"not_picked":["Steam+1","Doom and Gloom+1","Go for the Eyes"],"picked":"SKIP","floor":18},{"not_picked":["Cold Snap+1","Streamline","Heatsinks"],"picked":"SKIP","floor":19},{"not_picked":["Streamline","Gash"],"picked":"Glacier","floor":22},{"not_picked":["Consume+1","Blizzard","Cold Snap+1"],"picked":"SKIP","floor":23},{"not_picked":["Stack+1","Go for the Eyes+1","Genetic Algorithm"],"picked":"SKIP","floor":25},{"not_picked":["Consume","Rebound"],"picked":"Loop+1","floor":27},{"not_picked":["Leap","Consume"],"picked":"Core Surge","floor":28},{"not_picked":["Ball Lightning","Coolheaded"],"picked":"Capacitor+1","floor":29},{"not_picked":["Stack+1","Recycle"],"picked":"Compile Driver+1","floor":30},{"not_picked":["Amplify","Rainbow"],"picked":"Machine Learning","floor":33},{"not_picked":["Leap+1","Streamline+1","Scrape+1"],"picked":"SKIP","floor":35},{"not_picked":["Aggregate+1","Hologram+1","Doom and Gloom+1"],"picked":"SKIP","floor":36}],"player_experience":646009,"relics_obtained":[{"floor":7,"key":"Ginger"},{"floor":9,"key":"Ice Cream"},{"floor":23,"key":"Du-Vu Doll"},{"floor":25,"key":"Sundial"},{"floor":26,"key":"Meat on the Bone"},{"floor":30,"key":"Bottled Lightning"}],"event_choices":[{"damage_healed":0,"gold_gain":0,"player_choice":"Donut","damage_taken":0,"max_hp_gain":5,"max_hp_loss":0,"event_name":"Big Fish","floor":4,"gold_loss":0},{"damage_healed":0,"gold_gain":0,"player_choice":"1 cards matched","damage_taken":0,"max_hp_gain":0,"max_hp_loss":0,"event_name":"Match and Keep!","floor":5,"gold_loss":0,"cards_obtained":["Genetic Algorithm"]},{"cards_removed":["Strike_B"],"damage_healed":0,"gold_gain":0,"player_choice":"Purged","damage_taken":0,"max_hp_gain":0,"max_hp_loss":0,"event_name":"Purifier","floor":11,"gold_loss":0},{"damage_healed":0,"gold_gain":0,"player_choice":"Ignored","damage_taken":0,"max_hp_gain":0,"max_hp_loss":0,"event_name":"Beggar","floor":20,"gold_loss":0},{"damage_healed":0,"gold_gain":0,"player_choice":"Smashed Altar","damage_taken":0,"max_hp_gain":0,"max_hp_loss":0,"event_name":"Forgotten Altar","floor":31,"gold_loss":0,"cards_obtained":["Decay"]},{"damage_healed":0,"gold_gain":0,"player_choice":"Fight","damage_taken":0,"max_hp_gain":0,"max_hp_loss":0,"event_name":"Mysterious Sphere","floor":37,"gold_loss":0}],"is_beta":false,"boss_relics":[{"not_picked":["Calling Bell","Runic Dome"],"picked":"Ectoplasm"},{"not_picked":["Pandora\u0027s Box","Black Star"],"picked":"Runic Pyramid"}],"items_purged_floors":[14],"is_endless":false,"potions_floor_spawned":[2,6,13,18,19,23,27,30,35,36],"killed_by":"2 Orb Walkers","ascension_level":7}