{"gold_per_floor":[110,4,4,20,38,63,78,78,78,136,166,180,193,17,17,117,117,129,129,142,142,155,155],"floor_reached":23,"playtime":1490,"items_purged":[],"score":212,"play_id":"838be6df-cce8-4d24-810e-b0ae08947463","local_time":"20180820094918","is_ascension_mode":true,"campfire_choices":[{"floor":8.0,"key":"REST"},{"floor":15.0,"key":"REST"}],"neow_cost":"NONE","seed_source_timestamp":0,"circlet_count":0,"master_deck":["Strike_R+1","Strike_R+1","Strike_R+1","Strike_R+1","Strike_R+1","Defend_R+1","Defend_R+1","Defend_R+1","Defend_R+1","Bash","Wild Strike","Mind Blast","Bloodletting","Seeing Red","Combust","Heavy Blade","Exhume","Regret","Clothesline","Clash","Cleave","Ghostly Armor","Inflame","Demon Form","Cleave","Clash+1","Bloodletting","Immolate"],"special_seed":0,"relics":["Black Blood","Boot","Pen Nib","Art of War","Dodecahedron","Tiny Chest"],"potions_floor_usage":[23],"damage_taken":[{"damage":7.0,"enemies":"2 Louse","floor":1.0,"turns":2.0},{"damage":5.0,"enemies":"Small Slimes","floor":4.0,"turns":3.0},{"damage":5.0,"enemies":"Jaw Worm","floor":5.0,"turns":3.0},{"damage":33.0,"enemies":"Gremlin Nob","floor":6.0,"turns":5.0},{"damage":27.0,"enemies":"Large Slime","floor":7.0,"turns":5.0},{"damage":18.0,"enemies":"3 Sentries","floor":10.0,"turns":7.0},{"damage":14.0,"enemies":"Blue Slaver","floor":12.0,"turns":2.0},{"damage":12.0,"enemies":"2 Fungi Beasts","floor":13.0,"turns":3.0},{"damage":32.0,"enemies":"Slime Boss","floor":16.0,"turns":8.0},{"damage":12.0,"enemies":"Chosen","floor":18.0,"turns":3.0},{"damage":29.0,"enemies":"3 Byrds","floor":20.0,"turns":4.0},{"damage":43.0,"enemies":"Cultist and Chosen","floor":22.0,"turns":5.0},{"damage":27,"enemies":"Gremlin Leader","floor":23,"turns":2}],"seed_played":"-4593780725497994754","potions_obtained":[{"floor":6.0,"key":"GamblersBrew"},{"floor":7.0,"key":"Fire Potion"},{"floor":10.0,"key":"Strength Potion"},{"floor":10.0,"key":"Energy Potion"},{"floor":12.0,"key":"EssenceOfSteel"},{"floor":16.0,"key":"FearPotion"},{"floor":18.0,"key":"Weak Potion"}],"is_trial":false,"path_per_floor":["M","$","?","M","M","E","M","R","T","?","?","M","M","$","R","B",null,"M","?","M","?","M"],"character_chosen":"IRONCLAD","items_purchased":["Mind Blast","Cleave","Ghostly Armor","Inflame"],"campfire_rested":2,"item_purchase_floors":[2,14,14,14],"current_hp_per_floor":[79,79,63,64,65,38,17,41,41,29,29,21,15,15,39,13,80,78,78,59,59,26,0],"gold":155,"neow_bonus":"RANDOM_COMMON_RELIC","is_prod":false,"is_daily":false,"chose_seed":false,"campfire_upgraded":0,"win_rate":0,"timestamp":1534783758,"path_taken":["M","$","?","M","M","E","M","R","T","?","?","M","?","?","R","BOSS","M","?","M","?","M","E"],"build_version":"2018-08-16","purchased_purges":0,"victory":false,"max_hp_per_floor":[80,80,80,80,80,80,80,80,80,80,80,80,80,80,80,80,80,80,80,80,80,80,80],"card_choices":[{"not_picked":["Havoc","Warcry"],"picked":"Wild Strike","floor":1.0},{"not_picked":["Body Slam","Second Wind"],"picked":"Bloodletting","floor":4.0},{"not_picked":["Fire Breathing","Warcry"],"picked":"Seeing Red","floor":5.0},{"not_picked":["Havoc","Shrug It Off"],"picked":"Combust","floor":6.0},{"not_picked":["Uppercut","Combust"],"picked":"Heavy Blade","floor":7.0},{"not_picked":["Perfected Strike","Armaments"],"picked":"Exhume","floor":10.0},{"not_picked":["Wild Strike","Body Slam"],"picked":"Clothesline","floor":12.0},{"not_picked":["Evolve","Warcry"],"picked":"Clash","floor":13.0},{"not_picked":["Exhume","Bludgeon"],"picked":"Demon Form","floor":16.0},{"not_picked":["Body Slam","Twin Strike"],"picked":"Cleave","floor":18.0},{"not_picked":["Wild Strike","Shrug It Off"],"picked":"Clash+1","floor":20.0},{"not_picked":["Wild Strike+1","Perfected Strike"],"picked":"Immolate","floor":22.0}],"player_experience":130998,"relics_obtained":[{"floor":6.0,"key":"Pen Nib"},{"floor":9.0,"key":"Art of War"},{"floor":10.0,"key":"Dodecahedron"}],"event_choices":[{"event_name":"Shining Light","player_choice":"Entered Light","floor":3.0,"damage_taken":0.0},{"event_name":"Dead Adventurer","player_choice":"Searched \u00271\u0027 times","floor":10.0,"damage_taken":0.0},{"event_name":"Big Fish","player_choice":"Box","floor":11.0,"damage_taken":0.0},{"event_name":"Back to Basics","player_choice":"Simplicity","floor":19.0,"damage_taken":0.0},{"event_name":"The Library","player_choice":"Read","floor":21.0,"damage_taken":0.0}],"is_beta":false,"boss_relics":[{"not_picked":["White Beast Statue","Lizard Tail"],"picked":"Black Blood"}],"items_purged_floors":[],"is_endless":false,"potions_floor_spawned":[6,7,10,10,12,13,16,18],"killed_by":"Gremlin Leader","ascension_level":2}