{"gold_per_floor":[111,127,127,48,48,82,82,82,82,7,7,39,4,23,23,125,125,143,43,62,262,278,278,312,312,312,331,362,375,474,278,278,381,381,397,397,415,427,80,80,112,63,63,63,82,82,102,115,115,115],"floor_reached":51,"playtime":1555,"items_purged":["Strike_R","Defend_R","Strike_R","Strike_R"],"score":808,"play_id":"1dbe4419-5a68-4592-9da4-0ea893a1be22","local_time":"20181204195904","is_ascension_mode":true,"campfire_choices":[{"data":"Cleave","floor":7.0,"key":"SMITH"},{"data":"Shrug It Off","floor":11.0,"key":"SMITH"},{"data":"Limit Break","floor":15.0,"key":"SMITH"},{"data":"Entrench","floor":23.0,"key":"SMITH"},{"data":"Inflame","floor":25.0,"key":"SMITH"},{"data":"Body Slam","floor":32,"key":"SMITH"},{"data":"Limit Break","floor":40,"key":"SMITH"},{"floor":46,"key":"REST"},{"floor":49,"key":"REST"}],"neow_cost":"NONE","seed_source_timestamp":29179736345664,"circlet_count":0,"master_deck":["Strike_R","Strike_R+1","Defend_R","Defend_R","Defend_R","Bash","Cleave+1","Shrug It Off+1","Inflame+1","Limit Break+1","Entrench+1","Flex","Disarm+1","Inflame+1","True Grit","Body Slam+1","Flame Barrier","Limit Break+1","Battle Trance+1","Immolate","Sword Boomerang+1","Pummel","Shrug It Off+1"],"special_seed":0,"relics":["Burning Blood","Bag of Marbles","Letter Opener","Mango","Bird Faced Urn","Nunchaku","Philosopher\u0027s Stone","Strawberry","Incense Burner","Bottled Lightning","Brimstone","Bottled Tornado","Question Card"],"potions_floor_usage":[33,50,50],"damage_taken":[{"damage":2.0,"enemies":"2 Louse","floor":1.0,"turns":3.0},{"damage":5.0,"enemies":"Cultist","floor":2.0,"turns":4.0},{"damage":24.0,"enemies":"3 Sentries","floor":6.0,"turns":7.0},{"damage":26.0,"enemies":"Lagavulin","floor":12.0,"turns":7.0},{"damage":6.0,"enemies":"Jaw Worm","floor":14.0,"turns":2.0},{"damage":24.0,"enemies":"The Guardian","floor":16.0,"turns":10.0},{"damage":11.0,"enemies":"Shell Parasite","floor":18.0,"turns":4.0},{"damage":23.0,"enemies":"Spheric Guardian","floor":20.0,"turns":5.0},{"damage":3.0,"enemies":"Snecko","floor":22.0,"turns":5.0},{"damage":34.0,"enemies":"Book of Stabbing","floor":24.0,"turns":6.0},{"damage":12.0,"enemies":"Centurion and Healer","floor":27.0,"turns":5.0},{"damage":18.0,"enemies":"Gremlin Leader","floor":28.0,"turns":7.0},{"damage":4,"enemies":"Chosen and Byrds","floor":29,"turns":5},{"damage":37,"enemies":"Automaton","floor":33,"turns":21},{"damage":20,"enemies":"Orb Walker","floor":35,"turns":5},{"damage":22,"enemies":"3 Darklings","floor":37,"turns":5},{"damage":3,"enemies":"4 Shapes","floor":38,"turns":6},{"damage":49,"enemies":"Reptomancer","floor":41,"turns":4},{"damage":1,"enemies":"Maw","floor":45,"turns":4},{"damage":24,"enemies":"Spire Growth","floor":47,"turns":3},{"damage":9,"enemies":"3 Darklings","floor":48,"turns":3},{"damage":30,"enemies":"Time Eater","floor":50,"turns":5}],"seed_played":"1625731218309618717","potions_obtained":[{"floor":16.0,"key":"Regen Potion"},{"floor":27.0,"key":"Weak Potion"},{"floor":28,"key":"PowerPotion"},{"floor":33,"key":"Explosive Potion"},{"floor":45,"key":"Block Potion"}],"is_trial":false,"path_per_floor":["M","M","?","$","T","E","R","?","T","$","R","E","?","M","R","B",null,"M","$","M","?","M","R","E","R","T","M","E","E","M","?","$","R","B",null,"M","?","M","M","$","R","E","$","T","?","M","R","M","M","R","B",null],"character_chosen":"IRONCLAD","items_purchased":["Inflame","Flame Barrier","Brimstone","Sword Boomerang"],"campfire_rested":2,"item_purchase_floors":[4,31,39,42],"current_hp_per_floor":[80,80,80,80,80,76,76,57,57,57,57,39,62,62,62,46,94,89,89,74,74,79,79,60,60,60,58,50,56,56,56,56,31,101,89,89,77,84,84,84,45,45,45,45,54,84,70,69,99,82],"gold":115,"neow_bonus":"RANDOM_COMMON_RELIC","is_prod":false,"is_daily":false,"chose_seed":false,"campfire_upgraded":7,"win_rate":0,"timestamp":1543942744,"path_taken":["M","M","?","?","?","E","R","?","T","$","R","E","?","?","R","BOSS","M","$","M","?","?","R","E","R","T","M","E","M","?","$","R","BOSS","M","?","M","M","$","R","E","$","T","?","M","R","M","M","R","BOSS"],"build_version":"2018-11-15","purchased_purges":4,"victory":true,"max_hp_per_floor":[80,80,80,80,80,94,94,94,94,94,94,94,94,94,94,94,94,94,94,94,94,94,94,101,101,101,101,101,101,101,101,101,101,101,101,101,101,101,101,101,101,101,101,101,101,101,101,101,101,101],"card_choices":[{"not_picked":["Pommel Strike","Bloodletting"],"picked":"Cleave","floor":1.0},{"not_picked":["Warcry","Twin Strike"],"picked":"Shrug It Off","floor":2.0},{"not_picked":["Cleave","Havoc","Metallicize"],"picked":"SKIP","floor":6.0},{"not_picked":["Uppercut","Evolve"],"picked":"Limit Break","floor":12.0},{"not_picked":["Thunderclap","Anger"],"picked":"Entrench","floor":14.0},{"not_picked":["Carnage","Flex","Hemokinesis+1"],"picked":"SKIP","floor":18.0},{"not_picked":["Carnage","Hemokinesis+1"],"picked":"Flex","floor":18.0},{"not_picked":["Headbutt","Sentinel","Sever Soul+1"],"picked":"SKIP","floor":20.0},{"not_picked":["Warcry","Evolve"],"picked":"Disarm+1","floor":22.0},{"not_picked":["Armaments+1","True Grit"],"picked":"Inflame","floor":24.0},{"not_picked":["True Grit","Thunderclap","Headbutt"],"picked":"SKIP","floor":27.0},{"not_picked":["Thunderclap","Headbutt"],"picked":"True Grit","floor":27.0},{"not_picked":["Anger","True Grit","Rupture"],"picked":"SKIP","floor":28},{"not_picked":["Combust","Iron Wave+1"],"picked":"Body Slam","floor":29},{"not_picked":["Exhume","Dark Embrace"],"picked":"Limit Break","floor":33},{"not_picked":["True Grit+1","Twin Strike","Anger+1"],"picked":"SKIP","floor":35},{"not_picked":["Pommel Strike","True Grit"],"picked":"Battle Trance+1","floor":37},{"not_picked":["Warcry+1","Carnage+1","Clash"],"picked":"SKIP","floor":38},{"not_picked":["Battle Trance","Dropkick"],"picked":"Immolate","floor":41},{"not_picked":["Perfected Strike","Searing Blow","Headbutt"],"picked":"Pummel","floor":45},{"not_picked":["Pommel Strike","Perfected Strike+1","Thunderclap+1","Armaments+1"],"picked":"SKIP","floor":47},{"not_picked":["Evolve+1","Pommel Strike+1","Wild Strike+1"],"picked":"Shrug It Off+1","floor":48}],"player_experience":561387,"relics_obtained":[{"floor":5.0,"key":"Letter Opener"},{"floor":6.0,"key":"Mango"},{"floor":9.0,"key":"Bird Faced Urn"},{"floor":12.0,"key":"Nunchaku"},{"floor":24.0,"key":"Strawberry"},{"floor":26.0,"key":"Incense Burner"},{"floor":28,"key":"Bottled Lightning"},{"floor":41,"key":"Bottled Tornado"},{"floor":43,"key":"Question Card"}],"event_choices":[{"damage_healed":0.0,"max_hp_gain":0.0,"max_hp_loss":0.0,"gold_gain":0.0,"event_name":"The Woman in Blue","player_choice":"Bought 0 Potions","floor":3.0,"gold_loss":0.0,"damage_taken":0.0},{"damage_healed":0.0,"max_hp_gain":0.0,"max_hp_loss":0.0,"gold_gain":0.0,"event_name":"Shining Light","player_choice":"Entered Light","floor":8.0,"gold_loss":0.0,"damage_taken":19.0,"cards_upgraded":["Strike_R","Inflame"]},{"damage_healed":23.0,"max_hp_gain":0.0,"max_hp_loss":0.0,"gold_gain":0.0,"event_name":"The Cleric","player_choice":"Healed","floor":13.0,"gold_loss":35.0,"damage_taken":0.0},{"damage_healed":0.0,"max_hp_gain":0.0,"max_hp_loss":0.0,"gold_gain":200.0,"event_name":"Wheel of Change","player_choice":"Gold","floor":21.0,"gold_loss":0.0,"damage_taken":0.0},{"damage_healed":0,"gold_gain":99,"player_choice":"Stole From Cult","damage_taken":0,"max_hp_gain":0,"max_hp_loss":0,"event_name":"Nest","floor":30,"gold_loss":0},{"damage_healed":0,"gold_gain":0,"player_choice":"Ignored","damage_taken":0,"max_hp_gain":0,"max_hp_loss":0,"event_name":"Tomb of Lord Red Mask","floor":36,"gold_loss":0},{"damage_healed":0,"gold_gain":0,"player_choice":"Forge","damage_taken":0,"max_hp_gain":0,"max_hp_loss":0,"event_name":"Accursed Blacksmith","floor":44,"gold_loss":0,"cards_upgraded":["Sword Boomerang"]}],"is_beta":false,"boss_relics":[{"not_picked":["Cursed Key","Astrolabe"],"picked":"Philosopher\u0027s Stone"},{"not_picked":["Runic Dome","Velvet Choker","Mark of Pain"]}],"items_purged_floors":[10,19,31,39],"is_endless":false,"potions_floor_spawned":[16,27,28,33,45,48],"ascension_level":1}