{"gold_per_floor":[113,113,113,29,46,46,80,92,116,150,150,170,170,180,180,255,255,275,294,308,323,199,199,528,528,551,584,584,584,584,604,604,604],"floor_reached":33,"playtime":1093,"items_purged":["Defend_R"],"score":560,"play_id":"acf83bbc-ec90-439e-91a9-370b08b9055b","local_time":"20180825192028","is_ascension_mode":true,"campfire_choices":[{"data":"Body Slam","floor":6.0,"key":"SMITH"},{"floor":11.0,"key":"REST"},{"data":"Metallicize","floor":13.0,"key":"SMITH"},{"data":"Flame Barrier","floor":15.0,"key":"SMITH"},{"data":"Ghostly Armor","floor":23.0,"key":"SMITH"},{"data":"Flame Barrier","floor":25.0,"key":"SMITH"},{"floor":28.0,"key":"REST"},{"floor":32,"key":"REST"}],"neow_cost":"NONE","seed_source_timestamp":11924489376206,"circlet_count":0,"master_deck":["Strike_R","Strike_R","Strike_R","Strike_R","Defend_R","Defend_R+1","Defend_R","Bash+1","AscendersBane","Shockwave","Metallicize+1","Body Slam+1","Ghostly Armor+1","Flame Barrier+1","Battle Trance","Offering","Clothesline","Shrug It Off+1","Flex","Flame Barrier+1"],"special_seed":0,"relics":["Burning Blood","NeowsBlessing","Potion Belt","Omamori","Bottled Flame","Sozu","Old Coin","Blood Vial","Gremlin Horn","MutagenicStrength","Enchiridion"],"potions_floor_usage":[33,33,33],"damage_taken":[{"damage":0.0,"enemies":"Cultist","floor":1.0,"turns":1.0},{"damage":0.0,"enemies":"Small Slimes","floor":5.0,"turns":1.0},{"damage":0.0,"enemies":"Lagavulin","floor":7.0,"turns":1.0},{"damage":7.0,"enemies":"Jaw Worm","floor":8.0,"turns":4.0},{"damage":35.0,"enemies":"Gremlin Nob","floor":10.0,"turns":5.0},{"damage":0.0,"enemies":"Looter","floor":12.0,"turns":4.0},{"damage":0.0,"enemies":"2 Fungi Beasts","floor":14.0,"turns":4.0},{"damage":16.0,"enemies":"Hexaghost","floor":16.0,"turns":9.0},{"damage":9.0,"enemies":"3 Byrds","floor":18.0,"turns":5.0},{"damage":11.0,"enemies":"Chosen","floor":19.0,"turns":5.0},{"damage":11.0,"enemies":"Snecko","floor":20.0,"turns":6.0},{"damage":6.0,"enemies":"3 Cultists","floor":21.0,"turns":6.0},{"damage":12.0,"enemies":"Book of Stabbing","floor":24.0,"turns":5.0},{"damage":28.0,"enemies":"Slavers","floor":27.0,"turns":7.0},{"damage":10,"enemies":"Centurion and Healer","floor":31,"turns":6},{"damage":68,"enemies":"Automaton","floor":33,"turns":14}],"seed_played":"-3018963956102389989","potions_obtained":[{"floor":1.0,"key":"Regen Potion"},{"floor":5.0,"key":"SpeedPotion"},{"floor":10.0,"key":"PowerPotion"},{"floor":14.0,"key":"SneckoOil"},{"floor":16.0,"key":"Energy Potion"}],"is_trial":false,"path_per_floor":["M","?","?","$","M","R","E","M","T","E","R","M","R","M","R","B",null,"M","M","M","M","$","R","E","R","T","E","R","?","?","M","R"],"character_chosen":"IRONCLAD","items_purchased":["Metallicize","Body Slam","Flex"],"campfire_rested":3,"item_purchase_floors":[4,4,22],"current_hp_per_floor":[74,67,44,44,50,50,56,55,55,26,48,54,54,60,60,50,69,66,61,56,56,56,56,50,50,50,30,52,52,31,29,51,0],"gold":604,"neow_bonus":"THREE_ENEMY_KILL","is_prod":false,"is_daily":false,"chose_seed":false,"campfire_upgraded":5,"win_rate":0,"timestamp":1535214028,"path_taken":["M","?","?","$","M","R","E","M","T","E","R","M","R","M","R","BOSS","M","M","M","M","$","R","E","R","T","E","R","?","?","?","R","BOSS"],"build_version":"2018-08-23v2","purchased_purges":1,"victory":false,"max_hp_per_floor":[75,75,75,75,75,75,75,75,75,75,75,75,75,75,75,75,75,75,75,75,75,75,75,75,75,75,75,75,75,75,75,75,75],"card_choices":[{"not_picked":["Body Slam","Sever Soul"],"picked":"Shockwave","floor":1.0},{"not_picked":["Thunderclap","Iron Wave","Warcry"],"picked":"SKIP","floor":5.0},{"not_picked":["Twin Strike","Second Wind"],"picked":"Ghostly Armor","floor":7.0},{"not_picked":["Iron Wave","Clothesline"],"picked":"Flame Barrier","floor":8.0},{"not_picked":["Inflame","Pummel"],"picked":"Battle Trance","floor":10.0},{"not_picked":["Intimidate","Blood for Blood","Sword Boomerang"],"picked":"SKIP","floor":12.0},{"not_picked":["Fire Breathing","Wild Strike","True Grit"],"picked":"SKIP","floor":14.0},{"not_picked":["Bludgeon","Double Tap"],"picked":"Offering","floor":16.0},{"not_picked":["Pummel","Rampage"],"picked":"Clothesline","floor":18.0},{"not_picked":["Body Slam","True Grit"],"picked":"Shrug It Off+1","floor":19.0},{"not_picked":["Thunderclap","Pummel+1","Twin Strike"],"picked":"SKIP","floor":20.0},{"not_picked":["Pommel Strike","Anger","Warcry+1"],"picked":"SKIP","floor":21.0},{"not_picked":["Berserk","Reckless Charge"],"picked":"Flame Barrier","floor":24.0},{"not_picked":["Headbutt","Clothesline+1","Sword Boomerang"],"picked":"SKIP","floor":27.0},{"not_picked":["Flex","Thunderclap+1","Sever Soul"],"picked":"SKIP","floor":31}],"player_experience":441856,"relics_obtained":[{"floor":7.0,"key":"Potion Belt"},{"floor":9.0,"key":"Omamori"},{"floor":10.0,"key":"Bottled Flame"},{"floor":24.0,"key":"Old Coin"},{"floor":26.0,"key":"Blood Vial"},{"floor":27.0,"key":"Gremlin Horn"},{"floor":30,"key":"Enchiridion"}],"event_choices":[{"event_name":"Golden Wing","player_choice":"Card Removal","floor":2.0,"damage_taken":0.0},{"event_name":"Shining Light","player_choice":"Entered Light","floor":3.0,"damage_taken":0.0},{"event_name":"Drug Dealer","player_choice":"Inject Mutagens","floor":29,"damage_taken":0},{"event_name":"Cursed Tome","player_choice":"Obtained Book","floor":30,"damage_taken":0}],"is_beta":false,"boss_relics":[{"not_picked":["Busted Crown","Orrery"],"picked":"Sozu"}],"items_purged_floors":[22],"is_endless":false,"potions_floor_spawned":[1,5,10,14,16,19,21],"killed_by":"Automaton","ascension_level":15}