{"gold_per_floor":[112,127,302,302,25,84,84,111,111,126,126,154,154,167,167,267,267,284,10,0,0,10,10,10,10,62,62,62,77,106,36,36,36],"floor_reached":33,"playtime":889,"items_purged":["Doubt"],"score":456,"play_id":"ec9cc7ce-4719-4938-acd9-c52c8f402462","local_time":"20181209133804","is_ascension_mode":true,"campfire_choices":[{"data":"Shrug It Off","floor":7,"key":"SMITH"},{"data":"Disarm","floor":11,"key":"SMITH"},{"data":"Sword Boomerang","floor":13,"key":"SMITH"},{"data":"Shockwave","floor":15,"key":"SMITH"},{"data":"Flex","floor":23,"key":"SMITH"},{"data":"Shrug It Off","floor":24,"key":"SMITH"},{"data":"Clothesline","floor":27,"key":"SMITH"},{"floor":32,"key":"REST"}],"neow_cost":"NONE","seed_source_timestamp":4530372131771,"circlet_count":0,"master_deck":["AscendersBane","Strike_R","Strike_R","Strike_R","Strike_R","Strike_R","Defend_R+1","Defend_R","Defend_R","Defend_R+1","Bash","Headbutt","Shrug It Off+1","Disarm+1","Sword Boomerang+1","Shockwave+1","Reaper","Pommel Strike","Flex+1","Shrug It Off+1","Clothesline+1","Writhe","Whirlwind","Inflame+1","Fiend Fire"],"special_seed":0,"relics":["Burning Blood","NeowsBlessing","Calipers","Lantern","Tiny Chest","WingedGreaves","Bird Faced Urn","Bag of Preparation","Mark of Pain","Vajra","Anchor","War Paint","Red Skull"],"potions_floor_usage":[8,12,16,16,30],"damage_taken":[{"damage":0.0,"enemies":"2 Louse","floor":1.0,"turns":1.0},{"damage":0.0,"enemies":"Jaw Worm","floor":2.0,"turns":1.0},{"damage":0,"enemies":"Gremlin Nob","floor":6,"turns":1},{"damage":18,"enemies":"3 Sentries","floor":8,"turns":13},{"damage":0,"enemies":"Small Slimes","floor":10,"turns":3},{"damage":16,"enemies":"Gremlin Nob","floor":12,"turns":3},{"damage":5,"enemies":"2 Fungi Beasts","floor":14,"turns":3},{"damage":47,"enemies":"Hexaghost","floor":16,"turns":14},{"damage":18,"enemies":"2 Thieves","floor":18,"turns":5},{"damage":0,"enemies":"Chosen","floor":22,"turns":4},{"damage":0,"enemies":"Snake Plant","floor":29,"turns":3},{"damage":62,"enemies":"Gremlin Leader","floor":30,"turns":8},{"damage":75,"enemies":"Champ","floor":33,"turns":8}],"seed_played":"2360119782254762116","potions_obtained":[{"floor":2.0,"key":"Poison Potion"},{"floor":6,"key":"SteroidPotion"},{"floor":10,"key":"FearPotion"},{"floor":16,"key":"Swift Potion"}],"is_trial":false,"path_per_floor":["M","M","?","?","$","E","R","E","T","M","R","E","R","M","R","B",null,"M","$","?","?","M","R","R","$","T","R","$","M","E","$","R","B"],"character_chosen":"IRONCLAD","items_purchased":["Lantern","Dexterity Potion","Flex","Vajra","Shrug It Off","Clothesline","Fiend Fire"],"campfire_rested":1,"item_purchase_floors":[5,5,19,19,19,19,31],"current_hp_per_floor":[78,80,80,62,62,68,68,56,56,62,62,52,52,53,53,12,63,63,63,63,63,69,69,69,69,69,69,69,75,33,33,57,0],"gold":36,"neow_bonus":"THREE_ENEMY_KILL","is_prod":false,"is_daily":false,"chose_seed":false,"campfire_upgraded":7,"win_rate":0,"timestamp":1544351884,"path_taken":["M","M","?","?","$","E","R","E","T","M","R","E","R","M","R","BOSS","M","$","?","?","M","R","R","$","T","R","$","M","E","?","R","BOSS"],"build_version":"2018-12-06","purchased_purges":1,"victory":false,"max_hp_per_floor":[80,80,80,80,80,80,80,80,80,80,80,80,80,80,80,80,80,80,80,80,80,80,80,80,80,80,80,80,80,80,80,80,80],"card_choices":[{"not_picked":["Headbutt","Havoc","Perfected Strike"],"picked":"SKIP","floor":1.0},{"not_picked":["Havoc","Perfected Strike"],"picked":"Headbutt","floor":1.0},{"not_picked":["Sever Soul","Perfected Strike","Headbutt"],"picked":"SKIP","floor":2.0},{"not_picked":["Wild Strike","Warcry"],"picked":"Shrug It Off","floor":6},{"not_picked":["Body Slam","Havoc"],"picked":"Disarm","floor":8},{"not_picked":["Twin Strike","Thunderclap"],"picked":"Sword Boomerang","floor":10},{"not_picked":["Evolve","Fiend Fire","Perfected Strike"],"picked":"SKIP","floor":12},{"not_picked":["Feel No Pain","Thunderclap"],"picked":"Shockwave","floor":14},{"not_picked":["Impervious","Berserk"],"picked":"Reaper","floor":16},{"not_picked":["Thunderclap","Twin Strike"],"picked":"Pommel Strike","floor":18},{"not_picked":["Wild Strike","Combust","Perfected Strike+1"],"picked":"SKIP","floor":22},{"not_picked":["Headbutt+1","Thunderclap"],"picked":"Whirlwind","floor":29},{"not_picked":["Twin Strike+1","Shockwave+1"],"picked":"Inflame+1","floor":30}],"player_experience":578446,"relics_obtained":[{"floor":6,"key":"Tiny Chest"},{"floor":8,"key":"WingedGreaves"},{"floor":9,"key":"Bird Faced Urn"},{"floor":12,"key":"Bag of Preparation"},{"floor":26,"key":"War Paint"},{"floor":30,"key":"Red Skull"}],"event_choices":[{"damage_healed":0.0,"max_hp_gain":0.0,"max_hp_loss":0.0,"gold_gain":175.0,"event_name":"Liars Game","player_choice":"AGREE","floor":3.0,"gold_loss":0.0,"damage_taken":0.0,"cards_obtained":["Doubt"]},{"damage_healed":0.0,"max_hp_gain":0.0,"max_hp_loss":0.0,"gold_gain":0.0,"event_name":"Scrap Ooze","player_choice":"Success","floor":4.0,"gold_loss":0.0,"damage_taken":18.0,"relics_obtained":["Calipers"]},{"damage_healed":0,"gold_gain":0,"player_choice":"Paid Fearfully","damage_taken":0,"max_hp_gain":0,"max_hp_loss":0,"event_name":"Masked Bandits","floor":20,"gold_loss":10},{"damage_healed":0,"gold_gain":0,"player_choice":"Opened","damage_taken":0,"relics_obtained":["Anchor"],"max_hp_gain":0,"max_hp_loss":0,"event_name":"The Mausoleum","floor":21,"gold_loss":0,"cards_obtained":["Writhe"]}],"is_beta":false,"boss_relics":[{"not_picked":["Runic Cube","Lizard Tail"],"picked":"Mark of Pain"}],"items_purged_floors":[5],"is_endless":false,"potions_floor_spawned":[2,6,10,16],"killed_by":"Champ","ascension_level":10}