{"gold_per_floor":[110,36,36,52,64,64,84,84,110,110,10,10,26,39,39,138,138,154,154,173,188,188,188,201,201,201,212,212,212,227,227,227,227],"floor_reached":33,"playtime":739,"items_purged":["Strike_B"],"score":239,"play_id":"5c1abbca-759b-4a4d-90aa-6124fb9e6c3f","local_time":"20181205225254","is_ascension_mode":false,"campfire_choices":[{"data":"Sunder","floor":6,"key":"SMITH"},{"data":"Zap","floor":8,"key":"SMITH"},{"data":"Ball Lightning","floor":12,"key":"SMITH"},{"data":"Conserve Battery","floor":15,"key":"SMITH"},{"floor":23,"key":"REST"},{"floor":25,"key":"REST"},{"floor":28,"key":"REST"},{"data":"Conserve Battery","floor":32,"key":"SMITH"}],"neow_cost":"NONE","seed_source_timestamp":40189859353633,"circlet_count":0,"master_deck":["Strike_B","Strike_B","Defend_B","Defend_B","Defend_B","Defend_B","Zap+1","Dualcast","Conserve Battery+1","Fusion+1","Melter","Sunder+1","Ball Lightning+1","Ball Lightning","Conserve Battery+1","RitualDagger","Reinforced Body","Glacier"],"relics":["Busted Crown"],"potions_floor_usage":[18,33,33,33],"damage_taken":[{"damage":0,"enemies":"Small Slimes","floor":1,"turns":3},{"damage":1,"enemies":"Cultist","floor":4,"turns":4},{"damage":5,"enemies":"Jaw Worm","floor":5,"turns":5},{"damage":2,"enemies":"2 Fungi Beasts","floor":7,"turns":2},{"damage":5,"enemies":"3 Louse","floor":13,"turns":2},{"damage":0,"enemies":"Large Slime","floor":14,"turns":3},{"damage":33,"enemies":"Hexaghost","floor":16,"turns":8},{"damage":5,"enemies":"Spheric Guardian","floor":18,"turns":3},{"damage":22,"enemies":"Chosen","floor":20,"turns":6},{"damage":29,"enemies":"Shelled Parasite and Fungi","floor":21,"turns":5},{"damage":0,"enemies":"Sentry and Sphere","floor":24,"turns":3},{"damage":21,"enemies":"Snake Plant","floor":27,"turns":4},{"damage":13,"enemies":"Centurion and Healer","floor":30,"turns":12},{"damage":71,"enemies":"Champ","floor":33,"turns":13}],"seed_played":"4434460467283953982","potions_obtained":[{"floor":4,"key":"SkillPotion"},{"floor":16,"key":"Fruit Juice"},{"floor":20,"key":"Regen Potion"},{"floor":27,"key":"Block Potion"}],"is_trial":false,"path_per_floor":["M","$","?","M","M","R","M","R","T","?","$","R","M","M","R","B",null,"M","?","M","M","?","R","M","R","T","M","R","?","M","?","R","B"],"character_chosen":"DEFECT","items_purchased":["Fusion","Ball Lightning"],"campfire_rested":3,"item_purchase_floors":[2,11],"current_hp_per_floor":[75,75,75,74,69,69,67,67,67,67,67,67,62,62,62,29,75,75,69,47,18,18,42,42,66,66,45,69,69,56,56,56,0],"gold":227,"neow_bonus":"BOSS_RELIC","is_prod":false,"is_daily":false,"chose_seed":false,"campfire_upgraded":5,"win_rate":0,"timestamp":1544039574,"path_taken":["M","$","?","?","M","R","M","R","T","?","$","R","M","M","R","BOSS","M","?","M","M","?","R","M","R","T","M","R","?","M","?","R","BOSS"],"build_version":"2018-11-15","purchased_purges":1,"victory":false,"max_hp_per_floor":[75,75,75,75,75,75,75,75,75,75,75,75,75,75,75,75,75,80,80,80,80,80,80,80,80,80,80,80,80,80,80,80,80],"card_choices":[{"not_picked":[],"picked":"Conserve Battery","floor":1},{"not_picked":[],"picked":"Sunder","floor":4},{"not_picked":[],"picked":"Ball Lightning","floor":5},{"not_picked":["Streamline"],"picked":"SKIP","floor":7},{"not_picked":["Streamline"],"picked":"SKIP","floor":13},{"not_picked":["Cold Snap"],"picked":"SKIP","floor":14},{"not_picked":[],"picked":"Conserve Battery","floor":18},{"not_picked":["Barrage"],"picked":"SKIP","floor":20},{"not_picked":[],"picked":"Reinforced Body","floor":21},{"not_picked":["Rebound+1"],"picked":"SKIP","floor":24},{"not_picked":[],"picked":"Glacier","floor":27},{"not_picked":["Hello World"],"picked":"SKIP","floor":30}],"player_experience":568565,"relics_obtained":[],"event_choices":[{"damage_healed":0,"gold_gain":0,"cards_transformed":["Strike_B"],"player_choice":"Transformed","damage_taken":0,"max_hp_gain":0,"max_hp_loss":0,"event_name":"Transmorgrifier","floor":3,"gold_loss":0,"cards_obtained":["Melter"]},{"damage_healed":0,"gold_gain":0,"player_choice":"Grow","damage_taken":0,"max_hp_gain":0,"max_hp_loss":0,"event_name":"Living Wall","floor":10,"gold_loss":0,"cards_upgraded":["Fusion"]},{"damage_healed":0,"gold_gain":0,"player_choice":"Joined the Cult","damage_taken":6,"max_hp_gain":0,"max_hp_loss":0,"event_name":"Nest","floor":19,"gold_loss":0,"cards_obtained":["RitualDagger"]},{"damage_healed":0,"gold_gain":0,"player_choice":"Ignored","damage_taken":0,"max_hp_gain":0,"max_hp_loss":0,"event_name":"Cursed Tome","floor":22,"gold_loss":0},{"damage_healed":0,"gold_gain":0,"player_choice":"Ignored","damage_taken":0,"max_hp_gain":0,"max_hp_loss":0,"event_name":"Ghosts","floor":29,"gold_loss":0},{"damage_healed":0,"gold_gain":0,"player_choice":"Ignored","damage_taken":0,"max_hp_gain":0,"max_hp_loss":0,"event_name":"Vampires","floor":31,"gold_loss":0}],"is_beta":false,"boss_relics":[{"not_picked":["Snecko Eye","Astrolabe","Inserter"]}],"items_purged_floors":[11],"is_endless":false,"potions_floor_spawned":[4,16,20,27],"killed_by":"Champ","ascension_level":0}