{"gold_per_floor":[119,132,63,76,351,351,366,384,407,407,426,426,63,63],"floor_reached":14,"playtime":234,"items_purged":["Strike_B"],"score":82,"play_id":"6db3c440-e452-4375-9715-ff2b0d68ba77","local_time":"20181205221911","is_ascension_mode":false,"campfire_choices":[{"data":"Hyperbeam","floor":6,"key":"SMITH"},{"data":"Conserve Battery","floor":10,"key":"SMITH"},{"data":"Fission","floor":12,"key":"SMITH"}],"neow_cost":"NONE","seed_source_timestamp":38673746937242,"circlet_count":0,"master_deck":["Strike_B","Strike_B","Strike_B","Defend_B","Defend_B","Defend_B","Defend_B","Zap","Dualcast","Ball Lightning","Consume","Conserve Battery+1","Ball Lightning","Fission+1","Cold Snap","Hyperbeam+1","Sweeping Beam","Regret","Rebound","FTL","Meteor Strike"],"relics":["Orrery","Bag of Marbles"],"potions_floor_usage":[],"damage_taken":[{"damage":0,"enemies":"Cultist","floor":1,"turns":3},{"damage":0,"enemies":"2 Louse","floor":2,"turns":2},{"damage":0,"enemies":"Small Slimes","floor":4,"turns":2},{"damage":9,"enemies":"Gremlin Gang","floor":7,"turns":3},{"damage":5,"enemies":"Blue Slaver","floor":8,"turns":2},{"damage":3,"enemies":"Lots of Slimes","floor":11,"turns":2},{"damage":0,"enemies":"2 Fungi Beasts","floor":14,"turns":1}],"seed_played":"-7731704625614083241","potions_obtained":[{"floor":8,"key":"EntropicBrew"}],"is_trial":false,"path_per_floor":["M","M","$","M","?","R","M","M","T","R","M","R","$","M"],"character_chosen":"DEFECT","items_purchased":["Hyperbeam","Meteor Strike","Bag of Marbles"],"campfire_rested":0,"item_purchase_floors":[3,13,13],"current_hp_per_floor":[75,75,75,75,75,75,66,61,61,61,58,58,58,58],"gold":63,"neow_bonus":"BOSS_RELIC","is_prod":false,"is_daily":false,"chose_seed":false,"campfire_upgraded":3,"win_rate":0,"timestamp":1544037551,"path_taken":["M","M","?","M","?","R","?","M","T","R","?","R","$","M"],"build_version":"2018-11-15","purchased_purges":1,"victory":false,"max_hp_per_floor":[75,75,75,75,75,75,75,75,75,75,75,75,75,75],"card_choices":[{"not_picked":["Steam","Barrage"],"picked":"Ball Lightning","floor":0},{"not_picked":["Streamline","Auto Shields"],"picked":"Consume","floor":0},{"not_picked":["White Noise","Compile Driver"],"picked":"Conserve Battery","floor":0},{"not_picked":["Compile Driver","Heatsinks"],"picked":"Ball Lightning","floor":0},{"not_picked":["Auto Shields","Redo"],"picked":"Fission","floor":1},{"not_picked":["Static Discharge","Steam"],"picked":"Cold Snap","floor":2},{"not_picked":["Double Energy","Stack"],"picked":"Sweeping Beam","floor":4},{"not_picked":["Hologram","Gash","Rebound"],"picked":"SKIP","floor":7},{"not_picked":["Hologram","Gash"],"picked":"Rebound","floor":7},{"not_picked":["Turbo","Darkness","Chaos"],"picked":"SKIP","floor":8},{"not_picked":["Heatsinks","Conserve Battery"],"picked":"FTL","floor":11}],"player_experience":567086,"relics_obtained":[],"event_choices":[{"damage_healed":0,"gold_gain":275,"player_choice":"Desecrate","damage_taken":0,"max_hp_gain":0,"max_hp_loss":0,"event_name":"Golden Shrine","floor":5,"gold_loss":0,"cards_obtained":["Regret"]}],"is_beta":false,"boss_relics":[],"items_purged_floors":[13],"is_endless":false,"potions_floor_spawned":[8],"killed_by":"2 Fungi Beasts","ascension_level":0}