{"gold_per_floor":[111,1,1,1,21,21,38,38,86,99,127,91,91,105,105,105],"floor_reached":16,"playtime":722,"items_purged":["Strike_B"],"score":120,"play_id":"b301efd3-527e-4ebd-985b-c59eebd6cc43","local_time":"20180909182019","is_ascension_mode":true,"campfire_choices":[{"data":"Chaos","floor":6.0,"key":"SMITH"},{"data":"Fusion","floor":15,"key":"SMITH"}],"neow_cost":"","seed_source_timestamp":0,"circlet_count":0,"master_deck":["Strike_B+1","Strike_B+1","Defend_B","Defend_B","Defend_B","Defend_B","Zap","Dualcast","Chaos+1","Chill","Fusion+1","FTL","Undo"],"special_seed":0,"relics":["Cracked Core","Strawberry","Whetstone","Matryoshka"],"potions_floor_usage":[16],"damage_taken":[{"damage":1.0,"enemies":"Cultist","floor":1.0,"turns":3.0},{"damage":7.0,"enemies":"Small Slimes","floor":5.0,"turns":3.0},{"damage":2.0,"enemies":"Jaw Worm","floor":7.0,"turns":3.0},{"damage":2.0,"enemies":"Large Slime","floor":10.0,"turns":6.0},{"damage":29.0,"enemies":"Lagavulin","floor":11.0,"turns":6.0},{"damage":10,"enemies":"Exordium Thugs","floor":14,"turns":4},{"damage":29,"enemies":"Hexaghost","floor":16,"turns":9}],"seed_played":"-131442329330780613","potions_obtained":[{"floor":5.0,"key":"SteroidPotion"},{"floor":7.0,"key":"PowerPotion"},{"floor":10.0,"key":"PowerPotion"}],"is_trial":false,"path_per_floor":["M","$","?","$","M","R","M","?","T","M","E","$","T","M","R"],"character_chosen":"DEFECT","items_purchased":["Chaos","FTL"],"campfire_rested":0,"item_purchase_floors":[2,12],"current_hp_per_floor":[74,74,79,79,72,72,70,63,70,68,39,39,39,29,29,0],"gold":105,"neow_bonus":"","is_prod":false,"is_daily":false,"chose_seed":false,"campfire_upgraded":2,"win_rate":0,"timestamp":1536542419,"path_taken":["M","$","?","?","M","R","M","?","T","?","E","?","?","M","R","BOSS"],"build_version":"2018-09-06","purchased_purges":1,"victory":false,"max_hp_per_floor":[75,75,80,80,80,80,80,80,87,87,87,87,87,87,87,87],"card_choices":[{"not_picked":["Streamline","Redo","Double Energy"],"picked":"SKIP","floor":1.0},{"not_picked":["Coolheaded","Compile Driver","Sunder"],"picked":"SKIP","floor":5.0},{"not_picked":["Scrape","Double Energy"],"picked":"Chill","floor":7.0},{"not_picked":["Doom and Gloom","Rip and Tear","Aggregate"],"picked":"SKIP","floor":10.0},{"not_picked":["Skim","Redo"],"picked":"Fusion","floor":11.0},{"not_picked":["Sweeping Beam","Rebound"],"picked":"Undo","floor":14}],"player_experience":275954,"relics_obtained":[{"floor":9.0,"key":"Strawberry"},{"floor":11.0,"key":"Whetstone"},{"floor":13,"key":"Matryoshka"}],"event_choices":[{"event_name":"Big Fish","player_choice":"Donut","floor":3.0,"damage_taken":0.0},{"event_name":"Golden Wing","player_choice":"Card Removal","floor":8.0,"damage_taken":0.0}],"is_beta":false,"boss_relics":[],"items_purged_floors":[2],"is_endless":false,"potions_floor_spawned":[5,7,10],"killed_by":"Hexaghost","ascension_level":4}