{"gold_per_floor":[147,158,158,158,175,175,193,225,293,322,322,349,361,375,375,375],"floor_reached":16,"playtime":955,"items_purged":[],"score":244,"play_id":"01664709-855c-4177-99e9-dc511d59fe92","local_time":"20190718204033","is_ascension_mode":true,"campfire_choices":[{"data":"Uppercut","floor":6,"key":"SMITH"},{"data":"Rage","floor":11,"key":"SMITH"},{"data":"Armaments","floor":15,"key":"SMITH"}],"neow_cost":"NONE","seed_source_timestamp":4926089982526,"circlet_count":0,"master_deck":["AscendersBane","Strike_R","Strike_R","Strike_R","Strike_R","Strike_R","Defend_R","Defend_R","Defend_R","Defend_R","Bash","Heavy Blade","Wild Strike","Uppercut+1","Anger","Pummel","Rage+1","Immolate","Cleave","Searing Blow","Armaments+1"],"relics":["Burning Blood","Tiny Chest","Prayer Wheel","Ornamental Fan","Centennial Puzzle","Bag of Preparation"],"potions_floor_usage":[8,8,13,16],"damage_taken":[{"damage":0,"enemies":"Small Slimes","floor":1,"turns":3},{"damage":7,"enemies":"Jaw Worm","floor":2,"turns":3},{"damage":1,"enemies":"Cultist","floor":5,"turns":3},{"damage":5,"enemies":"Gremlin Gang","floor":7,"turns":6},{"damage":25,"enemies":"3 Sentries","floor":8,"turns":8},{"damage":26,"enemies":"Lagavulin","floor":10,"turns":5},{"damage":20,"enemies":"Gremlin Nob","floor":12,"turns":4},{"damage":11,"enemies":"Looter","floor":13,"turns":2},{"damage":0,"enemies":"3 Louse","floor":14,"turns":1},{"damage":49,"enemies":"Slime Boss","floor":16,"turns":7}],"seed_played":"4390115821988345989","potions_obtained":[{"floor":1,"key":"Block Potion"},{"floor":2,"key":"LiquidBronze"},{"floor":4,"key":"Fire Potion"},{"floor":12,"key":"BloodPotion"},{"floor":13,"key":"Swift Potion"}],"is_trial":false,"path_per_floor":["M","M","?","?","M","R","M","E","T","E","R","E","M","M","R","B"],"character_chosen":"IRONCLAD","items_purchased":[],"campfire_rested":0,"item_purchase_floors":[],"current_hp_per_floor":[74,73,78,78,80,80,80,61,61,41,41,27,42,48,48,0],"gold":375,"neow_bonus":"RANDOM_COMMON_RELIC","is_prod":false,"is_daily":false,"chose_seed":false,"campfire_upgraded":3,"win_rate":0,"timestamp":1563496833,"path_taken":["M","M","?","?","?","R","?","E","T","E","R","E","M","M","R","BOSS"],"build_version":"2019-07-17","purchased_purges":0,"victory":false,"max_hp_per_floor":[75,75,80,80,80,80,80,80,80,80,80,80,80,80,80,80],"card_choices":[{"not_picked":["Rupture","Corruption"],"picked":"Heavy Blade","floor":1},{"not_picked":["Heavy Blade","Rupture"],"picked":"Wild Strike","floor":2},{"not_picked":["Iron Wave","Clash"],"picked":"Uppercut","floor":5},{"not_picked":["Armaments","Clash"],"picked":"Anger","floor":7},{"not_picked":["Reckless Charge","Clothesline"],"picked":"Pummel","floor":8},{"not_picked":["Anger","Entrench"],"picked":"Rage","floor":10},{"not_picked":["Carnage","Havoc"],"picked":"Immolate","floor":12},{"not_picked":["Shockwave","Iron Wave"],"picked":"Cleave","floor":13},{"not_picked":["Iron Wave","Twin Strike"],"picked":"Searing Blow","floor":13},{"not_picked":["Shrug It Off","Body Slam"],"picked":"Armaments","floor":14},{"not_picked":["Iron Wave","Whirlwind","Metallicize"],"picked":"SKIP","floor":14}],"player_experience":2505673,"relics_obtained":[{"floor":8,"key":"Prayer Wheel"},{"floor":9,"key":"Ornamental Fan"},{"floor":10,"key":"Centennial Puzzle"},{"floor":12,"key":"Bag of Preparation"}],"event_choices":[{"damage_healed":0,"gold_gain":0,"player_choice":"Donut","damage_taken":0,"max_hp_gain":5,"max_hp_loss":0,"event_name":"Big Fish","floor":3,"gold_loss":0},{"damage_healed":0,"gold_gain":0,"player_choice":"Got Potions","damage_taken":0,"max_hp_gain":0,"max_hp_loss":0,"event_name":"Lab","floor":4,"gold_loss":0}],"is_beta":false,"boss_relics":[],"items_purged_floors":[],"is_endless":false,"potions_floor_spawned":[1,2,7,12,13],"killed_by":"Slime Boss","ascension_level":20}