{"gold_per_floor":[118,118,199,199,215,250,263,278,278,278,149,206,224,224,224,224],"floor_reached":16,"playtime":753,"items_purged":["Strike_G"],"score":125,"play_id":"fa8f7e3d-da30-48f5-ba4e-6aadad2a7b21","local_time":"20190805231843","is_ascension_mode":false,"campfire_choices":[{"data":"Neutralize","floor":10,"key":"SMITH"},{"floor":15,"key":"REST"}],"neow_cost":"NONE","seed_source_timestamp":18194875035766,"circlet_count":0,"master_deck":["Strike_G","Strike_G","Strike_G","Strike_G","Defend_G","Defend_G+1","Defend_G","Defend_G","Defend_G+1","Survivor","Neutralize+1","Leg Sweep","Backstab","Catalyst","Catalyst","Infinite Blades","Dagger Throw","Blur"],"relics":["Ring of the Snake","NeowsBlessing","Smiling Mask","Letter Opener","Question Card","Darkstone Periapt","Art of War","War Paint"],"potions_floor_usage":[12,12,16],"damage_taken":[{"damage":0,"enemies":"Small Slimes","floor":1,"turns":1},{"damage":0,"enemies":"Jaw Worm","floor":5,"turns":1},{"damage":0,"enemies":"Gremlin Nob","floor":6,"turns":1},{"damage":0,"enemies":"2 Louse","floor":7,"turns":3},{"damage":0,"enemies":"2 Fungi Beasts","floor":8,"turns":3},{"damage":12,"enemies":"Gremlin Nob","floor":12,"turns":6},{"damage":0,"enemies":"3 Louse","floor":13,"turns":3},{"damage":55,"enemies":"Hexaghost","floor":16,"turns":18}],"seed_played":"90364109731057480","potions_obtained":[{"floor":1,"key":"EssenceOfSteel"},{"floor":7,"key":"Explosive Potion"},{"floor":8,"key":"Block Potion"}],"is_trial":false,"path_per_floor":["M","?","T","?","M","E","M","M","T","R","$","?","M","?","R","B"],"character_chosen":"THE_SILENT","items_purchased":["Infinite Blades"],"campfire_rested":1,"item_purchase_floors":[11],"current_hp_per_floor":[70,70,70,63,63,63,63,63,63,63,63,51,51,33,54,0],"gold":224,"neow_bonus":"THREE_ENEMY_KILL","is_prod":false,"is_daily":false,"chose_seed":false,"campfire_upgraded":1,"win_rate":0,"timestamp":1565065123,"path_taken":["M","?","?","?","M","E","M","M","T","R","$","?","M","?","R","BOSS"],"build_version":"2019-07-17","purchased_purges":1,"victory":false,"max_hp_per_floor":[70,70,70,70,70,70,70,70,70,70,70,70,70,70,70,70],"card_choices":[{"not_picked":["Tactician","Quick Slash"],"picked":"Leg Sweep","floor":1},{"not_picked":["Deadly Poison","Eviscerate"],"picked":"Backstab","floor":5},{"not_picked":["Sucker Punch","Phantasmal Killer","Deflect"],"picked":"SKIP","floor":6},{"not_picked":["Bane","Backflip","Distraction"],"picked":"Catalyst","floor":7},{"not_picked":["Terror","Tactician","Flechettes"],"picked":"Catalyst","floor":8},{"not_picked":["Backflip","Accuracy","Flying Knee"],"picked":"Dagger Throw","floor":12},{"not_picked":["Backstab","A Thousand Cuts","Caltrops"],"picked":"Blur","floor":13}],"player_experience":634249,"relics_obtained":[{"floor":3,"key":"Letter Opener"},{"floor":6,"key":"Question Card"},{"floor":9,"key":"Darkstone Periapt"},{"floor":12,"key":"Art of War"}],"event_choices":[{"damage_healed":0,"gold_gain":0,"player_choice":"Box","damage_taken":0,"relics_obtained":["Smiling Mask"],"max_hp_gain":0,"max_hp_loss":0,"event_name":"Big Fish","floor":2,"gold_loss":0,"cards_obtained":["Regret"]},{"cards_removed":["Regret"],"damage_healed":0,"gold_gain":0,"player_choice":"Card Removal","damage_taken":7,"max_hp_gain":0,"max_hp_loss":0,"event_name":"Golden Wing","floor":4,"gold_loss":0},{"damage_healed":0,"gold_gain":30,"player_choice":"Searched \u00273\u0027 times","damage_taken":0,"max_hp_gain":0,"max_hp_loss":0,"event_name":"Dead Adventurer","floor":12,"gold_loss":0},{"damage_healed":0,"gold_gain":0,"player_choice":"Success","damage_taken":18,"relics_obtained":["War Paint"],"max_hp_gain":0,"max_hp_loss":0,"event_name":"Scrap Ooze","floor":14,"gold_loss":0}],"is_beta":false,"boss_relics":[],"items_purged_floors":[11],"is_endless":false,"potions_floor_spawned":[1,7,8],"killed_by":"Hexaghost","ascension_level":0}