{"gold_per_floor":[114,114,128,30,30,30,49,49,131,150,225,253,265,0,0,102,102,118,118,118,88,99,99,99,125,149,149,166,7,7,17,17,117,117,135,135,35,35,0,0,0],"floor_reached":41,"playtime":4770,"items_purged":["Strike_G","Strike_G","Footwork"],"score":640,"play_id":"a7fd1e0e-63d3-49ba-b59a-1c8ec2dece1f","local_time":"20180918200416","is_ascension_mode":true,"campfire_choices":[{"data":"Infinite Blades","floor":6.0,"key":"SMITH"},{"data":"Footwork","floor":8.0,"key":"SMITH"},{"floor":15.0,"key":"REST"},{"data":"Phantasmal Killer","floor":23.0,"key":"SMITH"},{"floor":27.0,"key":"REST"},{"floor":30.0,"key":"REST"},{"data":"Accuracy","floor":32.0,"key":"SMITH"},{"floor":40,"key":"REST"}],"neow_cost":"TEN_PERCENT_HP_LOSS","seed_source_timestamp":0,"circlet_count":0,"master_deck":["Defend_G","Defend_G","Survivor","Neutralize","Footwork+1","Infinite Blades+1","Blade Dance","Blade Dance","Infinite Blades","Acrobatics","Backflip","Endless Agony","Grand Finale","After Image","Cloak And Dagger","Well Laid Plans+1","Accuracy+1","Phantasmal Killer+1","Infinite Blades","Deep Breath","Tools of the Trade","Echo Form","Bandage Up","Trip"],"special_seed":0,"relics":["Ring of the Snake","Prayer Wheel","Matryoshka","The Courier","WristBlade","MutagenicStrength","Bottled Lightning","Kunai","Regal Pillow","PrismaticShard","Empty Cage","Red Mask"],"potions_floor_usage":[36],"damage_taken":[{"damage":5.0,"enemies":"Cultist","floor":1.0,"turns":4.0},{"damage":0.0,"enemies":"Small Slimes","floor":3.0,"turns":4.0},{"damage":0.0,"enemies":"2 Louse","floor":7.0,"turns":4.0},{"damage":0.0,"enemies":"2 Fungi Beasts","floor":10.0,"turns":5.0},{"damage":21.0,"enemies":"Gremlin Nob","floor":12.0,"turns":4.0},{"damage":10.0,"enemies":"Lots of Slimes","floor":13.0,"turns":8.0},{"damage":0.0,"enemies":"Hexaghost","floor":16.0,"turns":9.0},{"damage":6.0,"enemies":"3 Byrds","floor":18.0,"turns":6.0},{"damage":16.0,"enemies":"Chosen","floor":22.0,"turns":5.0},{"damage":6.0,"enemies":"Gremlin Leader","floor":25.0,"turns":5.0},{"damage":27.0,"enemies":"Snecko","floor":28.0,"turns":5.0},{"damage":11.0,"enemies":"Snecko","floor":31.0,"turns":4.0},{"damage":10.0,"enemies":"Champ","floor":33.0,"turns":9.0},{"damage":45,"enemies":"3 Darklings","floor":35,"turns":7},{"damage":0,"enemies":"3 Shapes","floor":36,"turns":1},{"damage":51,"enemies":"Reptomancer","floor":41,"turns":2}],"seed_played":"-7995406910428198116","potions_obtained":[{"floor":3.0,"key":"Regen Potion"},{"floor":7.0,"key":"AttackPotion"},{"floor":13.0,"key":"Energy Potion"},{"floor":16.0,"key":"Explosive Potion"},{"floor":24.0,"key":"EssenceOfSteel"},{"floor":28.0,"key":"Poison Potion"},{"floor":33.0,"key":"Poison Potion"},{"floor":35,"key":"SmokeBomb"}],"is_trial":false,"path_per_floor":["M","?","M","$","?","R","M","R","T","M","?","E","M","$","R","B",null,"M","?","?","$","M","R","?","E","T","R","?","$","R","M","R","B",null,"M","M","$","?","?","R"],"character_chosen":"THE_SILENT","items_purchased":["Blade Dance","Grand Finale","Footwork","Accuracy","PrismaticShard"],"campfire_rested":4,"item_purchase_floors":[4,14,14,21,29],"current_hp_per_floor":[58,33,33,33,33,33,33,33,33,45,34,13,3,3,21,21,53,47,47,47,47,31,31,31,25,25,58,31,31,63,52,52,42,58,13,13,13,13,13,46,0],"gold":0,"neow_bonus":"REMOVE_TWO","is_prod":false,"is_daily":false,"chose_seed":false,"campfire_upgraded":4,"win_rate":0,"timestamp":1537326256,"path_taken":["M","?","?","$","?","R","M","R","T","?","?","E","M","?","R","BOSS","M","?","?","$","M","R","?","E","T","R","?","?","R","M","R","BOSS","M","M","$","?","?","R","M"],"build_version":"2018-09-06","purchased_purges":3,"victory":false,"max_hp_per_floor":[63,63,63,63,63,63,63,63,63,63,63,63,63,63,63,63,63,63,63,63,63,63,63,63,63,63,63,63,63,63,63,63,63,63,63,63,63,63,63,63,63],"card_choices":[{"not_picked":["Bane","Dagger Spray"],"picked":"Footwork","floor":1.0},{"not_picked":["Quick Slash","Bane"],"picked":"Infinite Blades","floor":3.0},{"not_picked":["Outmaneuver","Catalyst"],"picked":"Blade Dance","floor":3.0},{"not_picked":["Slice","Underhanded Strike"],"picked":"Infinite Blades","floor":7.0},{"not_picked":["Poisoned Stab","Noxious Fumes","Dash"],"picked":"SKIP","floor":7.0},{"not_picked":["Dagger Throw","Flying Knee"],"picked":"Acrobatics","floor":10.0},{"not_picked":["Bouncing Flask","Dagger Spray","Bane"],"picked":"SKIP","floor":10.0},{"not_picked":["Deadly Poison","Sucker Punch","Backflip"],"picked":"SKIP","floor":12.0},{"not_picked":["Deadly Poison","Sucker Punch"],"picked":"Backflip","floor":12.0},{"not_picked":["Bane","Predator"],"picked":"Endless Agony","floor":13.0},{"not_picked":["Dagger Spray","Dodge and Roll","Deflect"],"picked":"SKIP","floor":13.0},{"not_picked":["Tools of the Trade","Glass Knife"],"picked":"After Image","floor":16.0},{"not_picked":["Endless Agony","Slice"],"picked":"Cloak And Dagger","floor":18.0},{"not_picked":["PiercingWail+1","Deflect"],"picked":"Well Laid Plans+1","floor":18.0},{"not_picked":["Bane","Sucker Punch"],"picked":"Phantasmal Killer","floor":22.0},{"not_picked":["Flying Knee+1","Eviscerate","Slice"],"picked":"SKIP","floor":22.0},{"not_picked":["Expertise","Deflect"],"picked":"Infinite Blades","floor":25.0},{"not_picked":["Clash","Bane+1","Underhanded Strike+1"],"picked":"SKIP","floor":31.0},{"not_picked":["Biased Cognition","Ball Lightning","Armaments"],"picked":"SKIP","floor":31.0},{"not_picked":["Fiend Fire","Chrysalis"],"picked":"Echo Form","floor":33.0},{"not_picked":["Ghostly Armor","Shrug It Off+1"],"picked":"Bandage Up","floor":35},{"not_picked":["Heavy Blade","Heavy Blade","Choke+1"],"picked":"SKIP","floor":35},{"not_picked":["Swift Strike","Madness"],"picked":"Trip","floor":38}],"player_experience":314271,"relics_obtained":[{"floor":9.0,"key":"Matryoshka"},{"floor":12.0,"key":"The Courier"},{"floor":25.0,"key":"Bottled Lightning"},{"floor":26.0,"key":"Kunai"},{"floor":26.0,"key":"Regal Pillow"}],"event_choices":[{"event_name":"Scrap Ooze","player_choice":"success","floor":2.0,"damage_taken":25.0},{"event_name":"Living Wall","player_choice":"Forget","floor":5.0,"damage_taken":0.0},{"event_name":"World of Goop","player_choice":"Gather Gold","floor":11.0,"damage_taken":0.0},{"event_name":"Back to Basics","player_choice":"Elegance","floor":19.0,"damage_taken":0.0},{"event_name":"Drug Dealer","player_choice":"Inject Mutagens","floor":20.0,"damage_taken":0.0},{"event_name":"The Lab","player_choice":"Got Potions","floor":24.0,"damage_taken":0.0},{"event_name":"Match and Keep!","player_choice":"2 cards matched","floor":28.0,"damage_taken":0.0},{"event_name":"SensoryStone","player_choice":"Memory 1","floor":38,"damage_taken":0},{"event_name":"Tomb of Lord Red Mask","player_choice":"Paid","floor":39,"damage_taken":0}],"is_beta":false,"boss_relics":[{"not_picked":["Philosopher\u0027s Stone","Lizard Tail"],"picked":"WristBlade"},{"not_picked":["Astrolabe","Calling Bell"],"picked":"Empty Cage"}],"items_purged_floors":[4,14,37],"is_endless":false,"potions_floor_spawned":[3,7,13,16,28,33,35],"killed_by":"Reptomancer","ascension_level":8}