{"gold_per_floor":[114,131,131,131,144,144,175,194,217,217,48,48,48],"floor_reached":13,"playtime":366,"items_purged":[],"score":162,"play_id":"a275df30-6b38-4548-b229-780425ae24df","local_time":"20181128012733","is_ascension_mode":true,"campfire_choices":[{"data":"Bash","floor":6,"key":"SMITH"},{"data":"Flex","floor":10,"key":"SMITH"},{"data":"Fiend Fire","floor":12,"key":"SMITH"}],"neow_cost":"NONE","seed_source_timestamp":49369390728573,"circlet_count":0,"master_deck":["AscendersBane","Strike_R","Strike_R","Strike_R","Strike_R","Defend_R","Defend_R","Defend_R","Defend_R","Bash+1","Purity","Whirlwind+1","Burning Pact","Flex+1","True Grit","Fiend Fire+1"],"relics":["Burning Blood","Anchor","Ancient Tea Set"],"potions_floor_usage":[7],"damage_taken":[{"damage":7,"enemies":"Cultist","floor":1,"turns":4},{"damage":14,"enemies":"2 Louse","floor":2,"turns":3},{"damage":4,"enemies":"Small Slimes","floor":5,"turns":4},{"damage":20,"enemies":"Gremlin Nob","floor":7,"turns":4},{"damage":25,"enemies":"Exordium Thugs","floor":8,"turns":6},{"damage":31,"enemies":"Exordium Wildlife","floor":13,"turns":5}],"seed_played":"-6869595562148770107","potions_obtained":[{"floor":2,"key":"LiquidBronze"},{"floor":5,"key":"Block Potion"}],"is_trial":false,"path_per_floor":["M","M","?","?","M","R","E","M","T","R","$","R","M"],"character_chosen":"IRONCLAD","items_purchased":["Fiend Fire"],"campfire_rested":0,"item_purchase_floors":[11],"current_hp_per_floor":[67,59,59,59,61,61,47,28,28,28,28,28,0],"gold":48,"neow_bonus":"RANDOM_COLORLESS","is_prod":false,"is_daily":false,"chose_seed":false,"campfire_upgraded":3,"win_rate":0,"timestamp":1543357653,"path_taken":["M","?","?","?","M","R","E","M","T","R","$","R","M"],"build_version":"2018-11-15","purchased_purges":0,"victory":false,"max_hp_per_floor":[75,75,75,75,75,75,75,75,75,75,75,75,75],"card_choices":[{"not_picked":["Iron Wave","Heavy Blade"],"picked":"Whirlwind","floor":1},{"not_picked":["Hemokinesis","Warcry"],"picked":"Burning Pact","floor":2},{"not_picked":["Cleave","Hemokinesis","Pummel"],"picked":"SKIP","floor":5},{"not_picked":["Dual Wield","True Grit"],"picked":"Flex","floor":7},{"not_picked":["Clothesline","Iron Wave"],"picked":"True Grit","floor":8}],"player_experience":547115,"relics_obtained":[{"floor":7,"key":"Anchor"},{"floor":9,"key":"Ancient Tea Set"}],"event_choices":[{"cards_removed":["Strike_R"],"damage_healed":0,"gold_gain":0,"player_choice":"Forget","damage_taken":0,"max_hp_gain":0,"max_hp_loss":0,"event_name":"Living Wall","floor":3,"gold_loss":0},{"damage_healed":0,"gold_gain":0,"player_choice":"Upgraded","damage_taken":0,"max_hp_gain":0,"max_hp_loss":0,"event_name":"Upgrade Shrine","floor":4,"gold_loss":0,"cards_upgraded":["Whirlwind"]}],"is_beta":false,"boss_relics":[],"items_purged_floors":[],"is_endless":false,"potions_floor_spawned":[2,5],"killed_by":"Exordium Wildlife","ascension_level":19}