{"gold_per_floor":[117,129,27,27,40,40,83,83,83,83,99,112,135,135,135,261,261,276,301,316,336,69,69,85,60,60,79,79,100,138,138,138,138],"floor_reached":33,"playtime":1124,"items_purged":["Strike_B"],"score":271,"play_id":"1ff0a71a-e59e-4439-ab20-87c99963740f","local_time":"20181120230151","is_ascension_mode":false,"campfire_choices":[{"data":"Defragment","floor":6.0,"key":"SMITH"},{"data":"Zap","floor":8.0,"key":"SMITH"},{"data":"Streamline","floor":10.0,"key":"SMITH"},{"data":"Sweeping Beam","floor":15.0,"key":"SMITH"},{"data":"All For One","floor":23.0,"key":"SMITH"},{"floor":28,"key":"REST"},{"floor":32,"key":"REST"}],"neow_cost":"NONE","seed_source_timestamp":40321930003946,"circlet_count":0,"master_deck":["Strike_B","Strike_B","Strike_B","Defend_B","Defend_B","Defend_B","Defend_B","Zap+1","Dualcast","Streamline+1","Steam","Defragment+1","Hologram","Conserve Battery","Capacitor","Sweeping Beam+1","All For One+1","Fusion+1","Cold Snap","Leap","Go for the Eyes","Ball Lightning","Reinforced Body","Gash+1","Ball Lightning+1"],"special_seed":0,"relics":["Cracked Core","NeowsBlessing","Bloody Idol","Gambling Chip","Sozu","Lee\u0027s Waffle","Pen Nib","The Courier"],"potions_floor_usage":[33],"damage_taken":[{"damage":0.0,"enemies":"Jaw Worm","floor":1.0,"turns":1.0},{"damage":0.0,"enemies":"2 Louse","floor":2.0,"turns":1.0},{"damage":0.0,"enemies":"Cultist","floor":5.0,"turns":1.0},{"damage":27.0,"enemies":"Lagavulin","floor":7.0,"turns":7.0},{"damage":6.0,"enemies":"Red Slaver","floor":11.0,"turns":4.0},{"damage":0.0,"enemies":"3 Louse","floor":12.0,"turns":3.0},{"damage":5.0,"enemies":"Large Slime","floor":13.0,"turns":4.0},{"damage":15.0,"enemies":"Slime Boss","floor":16.0,"turns":7.0},{"damage":22.0,"enemies":"3 Byrds","floor":18.0,"turns":5.0},{"damage":10.0,"enemies":"Chosen","floor":19.0,"turns":4.0},{"damage":18.0,"enemies":"Centurion and Healer","floor":20.0,"turns":9.0},{"damage":1.0,"enemies":"Snecko","floor":21.0,"turns":5.0},{"damage":31.0,"enemies":"Shelled Parasite and Fungi","floor":24.0,"turns":7.0},{"damage":14,"enemies":"3 Cultists","floor":27,"turns":5},{"damage":1,"enemies":"Centurion and Healer","floor":29,"turns":5},{"damage":17,"enemies":"Book of Stabbing","floor":30,"turns":5},{"damage":60,"enemies":"Automaton","floor":33,"turns":6}],"seed_played":"7988812857919286510","potions_obtained":[{"floor":2.0,"key":"SneckoOil"},{"floor":11.0,"key":"EssenceOfSteel"},{"floor":13.0,"key":"EssenceOfSteel"},{"floor":16.0,"key":"Dexterity Potion"}],"is_trial":false,"path_per_floor":["M","M","$","?","M","R","E","R","T","R","M","M","M","?","R","B",null,"M","M","M","M","$","R","M","$","T","M","R","M","E","?","R","B"],"character_chosen":"DEFECT","items_purchased":["Defragment","Hologram","Lee\u0027s Waffle","Ball Lightning"],"campfire_rested":2,"item_purchase_floors":[3,3,22,25],"current_hp_per_floor":[75,75,75,69,69,69,42,42,42,42,36,36,31,31,31,16,69,47,37,19,18,76,76,45,45,45,31,53,52,35,35,57,0],"gold":138,"neow_bonus":"THREE_ENEMY_KILL","is_prod":false,"is_daily":false,"chose_seed":false,"campfire_upgraded":5,"win_rate":0,"timestamp":1542744111,"path_taken":["M","M","$","?","M","R","E","R","T","R","M","M","M","?","R","BOSS","M","?","M","M","?","R","M","$","T","M","R","M","E","?","R","BOSS"],"build_version":"2018-11-15","purchased_purges":1,"victory":false,"max_hp_per_floor":[75,75,75,69,69,69,69,69,69,69,69,69,69,69,69,69,69,69,69,69,69,76,76,76,76,76,76,76,76,76,76,76,76],"card_choices":[{"not_picked":["Beam Cell","Redo"],"picked":"Streamline","floor":1.0},{"not_picked":["Darkness","Gash"],"picked":"Steam","floor":2.0},{"not_picked":["Barrage","Streamline","Aggregate"],"picked":"SKIP","floor":5.0},{"not_picked":["Amplify","Beam Cell"],"picked":"Conserve Battery","floor":7.0},{"not_picked":["Barrage","Cold Snap"],"picked":"Capacitor","floor":11.0},{"not_picked":["Hologram","Compile Driver","Turbo"],"picked":"SKIP","floor":12.0},{"not_picked":["Chaos","Conserve Battery"],"picked":"Sweeping Beam","floor":13.0},{"not_picked":["Multi-Cast","Biased Cognition"],"picked":"All For One","floor":16.0},{"not_picked":["Conserve Battery","Barrage"],"picked":"Fusion+1","floor":18.0},{"not_picked":["Beam Cell+1","Fission"],"picked":"Cold Snap","floor":19.0},{"not_picked":["Turbo","Steam"],"picked":"Leap","floor":20.0},{"not_picked":["Fusion+1","Turbo","Scrape"],"picked":"SKIP","floor":21.0},{"not_picked":["Hologram","Streamline"],"picked":"Go for the Eyes","floor":24.0},{"not_picked":["Chaos","Coolheaded"],"picked":"Reinforced Body","floor":27},{"not_picked":["Sweeping Beam","Streamline"],"picked":"Gash+1","floor":29},{"not_picked":["Reprogram","Hello World+1"],"picked":"Ball Lightning+1","floor":30}],"player_experience":531962,"relics_obtained":[{"floor":7.0,"key":"Gambling Chip"},{"floor":26.0,"key":"Pen Nib"},{"floor":30,"key":"The Courier"}],"event_choices":[{"damage_healed":0.0,"max_hp_gain":0.0,"max_hp_loss":6.0,"gold_gain":0.0,"event_name":"Golden Idol","player_choice":"Lose Max HP","floor":4.0,"gold_loss":0.0,"damage_taken":0.0,"relics_obtained":["Golden Idol"]},{"damage_healed":0.0,"max_hp_gain":0.0,"max_hp_loss":0.0,"gold_gain":0.0,"event_name":"Lab","player_choice":"Got Potions","floor":14.0,"gold_loss":0.0,"damage_taken":0.0},{"damage_healed":0,"gold_gain":0,"player_choice":"Gave Idol","damage_taken":0,"relics_obtained":["Bloody Idol"],"max_hp_gain":0,"max_hp_loss":0,"event_name":"Forgotten Altar","floor":31,"relics_lost":["Golden Idol"],"gold_loss":0}],"is_beta":false,"boss_relics":[{"not_picked":["Calling Bell","Fusion Hammer"],"picked":"Sozu"}],"items_purged_floors":[22],"is_endless":false,"potions_floor_spawned":[2,11,13,16,19,20,21,30],"killed_by":"Automaton","ascension_level":0}