{"gold_per_floor":[118,131,141,160,160,189,189,202,202,202,234,291,171,98,98,194,194,205,65,65,65,50,76,76,76,76,110,110],"floor_reached":28,"playtime":2552,"items_purged":["Strike_B","Strike_B"],"score":368,"play_id":"ab75a0b2-c187-4dd0-bf6a-1210fd34eb16","local_time":"20190709211010","is_ascension_mode":true,"campfire_choices":[{"data":"Consume","floor":7,"key":"SMITH"},{"data":"Glacier","floor":10,"key":"SMITH"},{"floor":15,"key":"REST"},{"data":"Buffer","floor":24,"key":"SMITH"},{"floor":25,"key":"REST"}],"neow_cost":"NONE","seed_source_timestamp":367692612900,"circlet_count":0,"master_deck":["Strike_B+1","Strike_B+1","Defend_B+1","Defend_B+1","Defend_B+1","Defend_B+1","Zap","Dualcast","Glacier+1","Cold Snap","Consume+1","Rip and Tear","Ball Lightning","Seek","Coolheaded","Beam Cell","Sweeping Beam","Cold Snap","Redo","Buffer+1","Reinforced Body+1","Loop","Capacitor","Compile Driver","Ball Lightning+1","Static Discharge+1"],"relics":["FrozenCore","Art of War","Pocketwatch","Pear","Lantern","WingedGreaves","Bottled Flame","Dodecahedron","Cables"],"potions_floor_usage":[23,23],"damage_taken":[{"damage":1,"enemies":"Cultist","floor":1,"turns":3},{"damage":7,"enemies":"Small Slimes","floor":2,"turns":3},{"damage":5,"enemies":"Jaw Worm","floor":3,"turns":3},{"damage":0,"enemies":"Blue Slaver","floor":4,"turns":4},{"damage":15,"enemies":"Lagavulin","floor":6,"turns":8},{"damage":20,"enemies":"Large Slime","floor":8,"turns":5},{"damage":10,"enemies":"3 Sentries","floor":11,"turns":5},{"damage":15,"enemies":"Lagavulin Event","floor":12,"turns":5},{"damage":16,"enemies":"The Guardian","floor":16,"turns":10},{"damage":3,"enemies":"Chosen","floor":18,"turns":5},{"damage":22,"enemies":"2 Thieves","floor":22,"turns":5},{"damage":32,"enemies":"Slavers","floor":23,"turns":7},{"damage":13,"enemies":"Book of Stabbing","floor":27,"turns":8},{"damage":44,"enemies":"Masked Bandits","floor":28,"turns":3}],"seed_played":"-5454888428384268270","potions_obtained":[{"floor":1,"key":"Fire Potion"},{"floor":6,"key":"LiquidBronze"},{"floor":8,"key":"Strength Potion"},{"floor":22,"key":"AttackPotion"}],"is_trial":false,"path_per_floor":["M","M","M","M","?","E","R","M","T","R","E","?","$","$","R","B",null,"M","$","?","?","M","E","R","R","T","E","?"],"character_chosen":"DEFECT","items_purchased":["Sweeping Beam","Cold Snap","Redo","Loop"],"campfire_rested":2,"item_purchase_floors":[13,14,14,19],"current_hp_per_floor":[67,60,55,55,60,45,45,25,35,35,25,10,10,10,37,21,73,70,70,70,70,48,16,16,43,43,30,0],"gold":110,"neow_bonus":"RANDOM_COMMON_RELIC","is_prod":false,"is_daily":false,"chose_seed":false,"campfire_upgraded":3,"win_rate":0,"timestamp":1562721010,"path_taken":["M","?","M","M","?","E","R","M","T","R","E","?","?","$","R","BOSS","M","$","?","?","M","E","R","R","T","E","?"],"build_version":"2019-07-05","purchased_purges":2,"victory":false,"max_hp_per_floor":[75,75,75,75,80,80,80,80,90,90,90,90,90,90,90,90,90,90,90,90,90,90,90,90,90,90,90,90],"card_choices":[{"not_picked":["Storm","Sweeping Beam"],"picked":"Glacier","floor":1},{"not_picked":["Leap","Go for the Eyes"],"picked":"Cold Snap","floor":2},{"not_picked":["Redo","Sweeping Beam"],"picked":"Consume","floor":3},{"not_picked":["Cold Snap","Loop"],"picked":"Rip and Tear","floor":4},{"not_picked":["Skim","Compile Driver"],"picked":"Ball Lightning","floor":6},{"not_picked":["Recycle","Beam Cell"],"picked":"Seek","floor":8},{"not_picked":["Cold Snap","Reinforced Body"],"picked":"Coolheaded","floor":11},{"not_picked":["Rebound","Conserve Battery"],"picked":"Beam Cell","floor":12},{"not_picked":["Biased Cognition","Hyperbeam"],"picked":"Buffer","floor":16},{"not_picked":["Undo+1","Force Field+1"],"picked":"Reinforced Body+1","floor":18},{"not_picked":["Sweeping Beam","Streamline"],"picked":"Compile Driver","floor":22},{"not_picked":["Barrage","Stack+1"],"picked":"Ball Lightning+1","floor":23},{"not_picked":["Barrage","Scrape"],"picked":"Static Discharge+1","floor":27}],"player_experience":464970,"relics_obtained":[{"floor":6,"key":"Pocketwatch"},{"floor":9,"key":"Pear"},{"floor":11,"key":"Lantern"},{"floor":12,"key":"WingedGreaves"},{"floor":23,"key":"Bottled Flame"},{"floor":26,"key":"Dodecahedron"},{"floor":27,"key":"Cables"}],"event_choices":[{"damage_healed":0,"gold_gain":0,"player_choice":"Donut","damage_taken":0,"max_hp_gain":5,"max_hp_loss":0,"event_name":"Big Fish","floor":5,"gold_loss":0},{"damage_healed":0,"gold_gain":30,"player_choice":"Searched \u00273\u0027 times","damage_taken":0,"max_hp_gain":0,"max_hp_loss":0,"event_name":"Dead Adventurer","floor":12,"gold_loss":0},{"damage_healed":0,"gold_gain":0,"player_choice":"Read","damage_taken":0,"max_hp_gain":0,"max_hp_loss":0,"event_name":"The Library","floor":20,"gold_loss":0,"cards_obtained":["Capacitor"]},{"damage_healed":0,"gold_gain":0,"player_choice":"Simplicity","damage_taken":0,"max_hp_gain":0,"max_hp_loss":0,"event_name":"Back to Basics","floor":21,"gold_loss":0,"cards_upgraded":["Strike_B","Strike_B","Defend_B","Defend_B","Defend_B","Defend_B"]},{"damage_healed":0,"gold_gain":0,"player_choice":"Fought Bandits","damage_taken":0,"max_hp_gain":0,"max_hp_loss":0,"event_name":"Masked Bandits","floor":28,"gold_loss":0}],"is_beta":false,"boss_relics":[{"not_picked":["Tiny House","Astrolabe"],"picked":"FrozenCore"}],"items_purged_floors":[13,19],"is_endless":false,"potions_floor_spawned":[1,6,8,11,18,22],"killed_by":"Masked Bandits","ascension_level":6}