{"gold_per_floor":[114,134,209,224,47,47,47,66,66,93,113,113,138,138,138,138],"floor_reached":16,"playtime":610,"items_purged":[],"score":121,"play_id":"5ba6ae1c-b4a0-4000-a941-a5c66a362480","local_time":"20180820133829","is_ascension_mode":true,"campfire_choices":[{"data":"Mind Blast","floor":6.0,"key":"SMITH"},{"floor":12.0,"key":"REST"},{"floor":15.0,"key":"REST"}],"neow_cost":"TEN_PERCENT_HP_LOSS","seed_source_timestamp":0,"circlet_count":0,"master_deck":["Strike_B","Strike_B","Strike_B","Strike_B","Defend_B","Defend_B","Defend_B","Defend_B","Zap","Dualcast","Echo Form","Go for the Eyes","Sunder","Barrage","Capacitor","Mind Blast+1","Regret","Capacitor","Fusion","Gash","Storm","All For One"],"special_seed":0,"relics":["Cracked Core","Smiling Mask","Ice Cream","Strawberry","Mummified Hand"],"potions_floor_usage":[16],"damage_taken":[{"damage":1.0,"enemies":"Cultist","floor":1.0,"turns":3.0},{"damage":7.0,"enemies":"Jaw Worm","floor":2.0,"turns":3.0},{"damage":0.0,"enemies":"Small Slimes","floor":4.0,"turns":2.0},{"damage":9.0,"enemies":"Blue Slaver","floor":8.0,"turns":3.0},{"damage":19.0,"enemies":"Lagavulin","floor":10.0,"turns":5.0},{"damage":11.0,"enemies":"Looter","floor":11.0,"turns":2.0},{"damage":17.0,"enemies":"Gremlin Nob","floor":13.0,"turns":3.0},{"damage":44,"enemies":"The Guardian","floor":16,"turns":7}],"seed_played":"-4435802968380362873","potions_obtained":[{"floor":2.0,"key":"Poison Potion"},{"floor":8.0,"key":"FearPotion"},{"floor":13.0,"key":"EssenceOfSteel"}],"is_trial":false,"path_per_floor":["M","M","?","M","$","R","?","M","T","E","M","R","E","?","R"],"character_chosen":"DEFECT","items_purchased":["Capacitor","Mind Blast"],"campfire_rested":2,"item_purchase_floors":[5,5],"current_hp_per_floor":[67,60,49,49,49,49,49,40,40,28,17,39,22,22,44,0],"gold":138,"neow_bonus":"THREE_RARE_CARDS","is_prod":false,"is_daily":false,"chose_seed":false,"campfire_upgraded":1,"win_rate":0,"timestamp":1534797509,"path_taken":["M","?","?","M","$","R","?","M","T","E","M","R","E","?","R","BOSS"],"build_version":"2018-08-16","purchased_purges":0,"victory":false,"max_hp_per_floor":[68,68,68,68,68,68,68,68,68,75,75,75,75,75,75,75],"card_choices":[{"not_picked":["All For One","Machine Learning"],"picked":"Echo Form","floor":0.0},{"not_picked":["Leap","Compile Driver"],"picked":"Go for the Eyes","floor":1.0},{"not_picked":["Skim","Ball Lightning"],"picked":"Sunder","floor":2.0},{"not_picked":["Turbo","Steam"],"picked":"Barrage","floor":4.0},{"not_picked":["Sweeping Beam","Reboot"],"picked":"Capacitor","floor":8.0},{"not_picked":["Consume","Steam"],"picked":"Fusion","floor":10.0},{"not_picked":["Cold Snap","Coolheaded"],"picked":"Gash","floor":11.0},{"not_picked":["Cold Snap","Stack"],"picked":"Storm","floor":13.0}],"player_experience":135176,"relics_obtained":[{"floor":9.0,"key":"Ice Cream"},{"floor":10.0,"key":"Strawberry"},{"floor":13.0,"key":"Mummified Hand"}],"event_choices":[{"event_name":"World of Goop","player_choice":"Gather Gold","floor":3.0,"damage_taken":0.0},{"event_name":"Big Fish","player_choice":"Box","floor":7.0,"damage_taken":0.0},{"event_name":"Match and Keep!","player_choice":"1 cards matched","floor":14.0,"damage_taken":0.0}],"is_beta":false,"boss_relics":[],"items_purged_floors":[],"is_endless":false,"potions_floor_spawned":[2,8,13],"killed_by":"The Guardian","ascension_level":2}