{"gold_per_floor":[11,286,301,226,246,271,271,301,301,301,331,331,344,56,56,56],"floor_reached":16,"playtime":399,"items_purged":["Regret"],"score":124,"play_id":"74eb8ccd-94c0-49d3-8f11-2209ce00b7fa","local_time":"20190622191530","is_ascension_mode":true,"campfire_choices":[{"data":"Fiend Fire","floor":7,"key":"SMITH"},{"data":"Bash","floor":10,"key":"SMITH"},{"data":"Flame Barrier","floor":15,"key":"SMITH"}],"neow_cost":"NO_GOLD","seed_source_timestamp":32822065251386,"circlet_count":0,"master_deck":["Strike_R","Strike_R","Strike_R","Strike_R","Strike_R","Defend_R","Defend_R","Defend_R","Defend_R","Bash+1","Fiend Fire+1","Shrug It Off","Shrug It Off","Clothesline","Flame Barrier+1","Immolate"],"relics":["Burning Blood","Kunai","Question Card","Anchor","Pen Nib"],"potions_floor_usage":[16],"damage_taken":[{"damage":0,"enemies":"2 Louse","floor":1,"turns":2},{"damage":2,"enemies":"Cultist","floor":3,"turns":3},{"damage":3,"enemies":"Jaw Worm","floor":5,"turns":2},{"damage":14,"enemies":"Gremlin Nob","floor":6,"turns":4},{"damage":24,"enemies":"3 Sentries","floor":8,"turns":8},{"damage":6,"enemies":"Gremlin Nob","floor":11,"turns":3},{"damage":12,"enemies":"Exordium Thugs","floor":13,"turns":7},{"damage":50,"enemies":"Hexaghost","floor":16,"turns":12}],"seed_played":"-4404349575274658845","potions_obtained":[{"floor":6,"key":"Weak Potion"},{"floor":8,"key":"Weak Potion"}],"is_trial":false,"path_per_floor":["M","?","M","$","M","E","R","E","T","R","E","?","M","$","R","B"],"character_chosen":"IRONCLAD","items_purchased":["Immolate","Pen Nib"],"campfire_rested":0,"item_purchase_floors":[14,14],"current_hp_per_floor":[80,80,80,80,80,72,72,54,54,54,54,54,48,48,48,0],"gold":56,"neow_bonus":"THREE_RARE_CARDS","is_prod":false,"is_daily":false,"chose_seed":false,"campfire_upgraded":3,"win_rate":0,"timestamp":1561220130,"path_taken":["M","?","?","$","M","E","R","E","T","R","E","?","M","$","R","BOSS"],"build_version":"2019-01-23","purchased_purges":1,"victory":false,"max_hp_per_floor":[80,80,80,80,80,80,80,80,80,80,80,80,80,80,80,80],"card_choices":[{"not_picked":["Barricade","Offering"],"picked":"Fiend Fire","floor":0},{"not_picked":["Power Through","Anger"],"picked":"Shrug It Off","floor":1},{"not_picked":["Corruption","Cleave","Flex"],"picked":"SKIP","floor":3},{"not_picked":["Twin Strike","Pommel Strike","Cleave"],"picked":"SKIP","floor":5},{"not_picked":["Intimidate","Infernal Blade","Pummel"],"picked":"SKIP","floor":6},{"not_picked":["Whirlwind","Pommel Strike"],"picked":"Shrug It Off","floor":8},{"not_picked":["Clash","Headbutt","True Grit"],"picked":"Clothesline","floor":11},{"not_picked":["Sword Boomerang","Seeing Red","Cleave"],"picked":"Flame Barrier","floor":13}],"player_experience":995230,"relics_obtained":[{"floor":6,"key":"Kunai"},{"floor":8,"key":"Question Card"},{"floor":11,"key":"Anchor"}],"event_choices":[{"damage_healed":0,"gold_gain":275,"player_choice":"Desecrate","damage_taken":0,"max_hp_gain":0,"max_hp_loss":0,"event_name":"Golden Shrine","floor":2,"gold_loss":0,"cards_obtained":["Regret"]},{"damage_healed":0,"gold_gain":0,"player_choice":"Bought 0 Potions","damage_taken":0,"max_hp_gain":0,"max_hp_loss":0,"event_name":"The Woman in Blue","floor":12,"gold_loss":0}],"is_beta":false,"boss_relics":[],"items_purged_floors":[4],"is_endless":false,"potions_floor_spawned":[6,8],"killed_by":"Hexaghost","ascension_level":1}