{"gold_per_floor":[117,133,133,146,146,178,178,278,301,301,321,321,350,360,360,455,455,455,311,311,311,311,311,311,311,311,45,45,45,45,45,45,45],"floor_reached":33,"playtime":2456,"items_purged":["Strike_R"],"score":346,"play_id":"00bc97fd-22b7-478c-b0dd-d0d7ecd17689","local_time":"20190803170812","is_ascension_mode":true,"campfire_choices":[{"data":"Limit Break","floor":7,"key":"SMITH"},{"data":"Spot Weakness","floor":10,"key":"SMITH"},{"floor":12,"key":"REST"},{"floor":15,"key":"REST"},{"floor":23,"key":"REST"},{"floor":25,"key":"REST"},{"floor":30,"key":"REST"},{"floor":32,"key":"REST"}],"neow_cost":"NONE","seed_source_timestamp":1631235576781300,"circlet_count":0,"master_deck":["Strike_R","Strike_R","Strike_R","Defend_R+1","Defend_R","Defend_R","Defend_R+1","Bash","Spot Weakness+1","Headbutt","Limit Break+1","Blood for Blood","Cleave","Wild Strike","Bludgeon","Seeing Red","Armaments+1","Impervious","Power Through+1","Battle Trance","True Grit+1","Feel No Pain","Headbutt+1","Flame Barrier","Feed","Clothesline","Corruption"],"relics":["Burning Blood","War Paint","Dream Catcher","Boot","Bag of Preparation","PreservedInsect","Ectoplasm","Incense Burner","Brimstone","Girya"],"potions_floor_usage":[6,13,14,24],"damage_taken":[{"damage":2,"enemies":"Jaw Worm","floor":1,"turns":3},{"damage":5,"enemies":"Small Slimes","floor":2,"turns":4},{"damage":11,"enemies":"Cultist","floor":4,"turns":4},{"damage":21,"enemies":"Gremlin Nob","floor":6,"turns":4},{"damage":10,"enemies":"Red Slaver","floor":11,"turns":4},{"damage":27,"enemies":"Lagavulin","floor":13,"turns":6},{"damage":6,"enemies":"Lots of Slimes","floor":14,"turns":2},{"damage":31,"enemies":"Hexaghost","floor":16,"turns":7},{"damage":26,"enemies":"3 Byrds","floor":18,"turns":6},{"damage":21,"enemies":"Shell Parasite","floor":21,"turns":3},{"damage":27,"enemies":"Snecko","floor":22,"turns":4},{"damage":24,"enemies":"Centurion and Healer","floor":24,"turns":8},{"damage":14,"enemies":"Slavers","floor":28,"turns":4},{"damage":21,"enemies":"Snake Plant","floor":29,"turns":4},{"damage":33,"enemies":"Sentry and Sphere","floor":31,"turns":4},{"damage":60,"enemies":"Collector","floor":33,"turns":8}],"seed_played":"-1961485364771584757","potions_obtained":[{"floor":1,"key":"EssenceOfSteel"},{"floor":4,"key":"Explosive Potion"},{"floor":11,"key":"SkillPotion"},{"floor":21,"key":"Energy Potion"},{"floor":24,"key":"SpeedPotion"},{"floor":28,"key":"LiquidBronze"}],"is_trial":false,"path_per_floor":["M","M","?","M","?","E","R","?","T","R","M","R","E","M","R","B",null,"M","$","?","M","M","R","M","R","T","$","E","M","R","M","R","B"],"character_chosen":"IRONCLAD","items_purchased":["Battle Trance","Feed","Brimstone"],"campfire_rested":6,"item_purchase_floors":[19,27,27],"current_hp_per_floor":[80,80,47,42,42,27,27,27,27,27,23,47,26,26,50,25,66,46,46,46,31,10,34,16,40,40,40,32,17,41,17,41,0],"gold":45,"neow_bonus":"RANDOM_COMMON_RELIC","is_prod":false,"is_daily":false,"chose_seed":false,"campfire_upgraded":2,"win_rate":0,"timestamp":1564866492,"path_taken":["M","M","?","M","?","E","R","?","T","R","M","R","E","M","R","BOSS","M","$","?","M","?","R","M","R","T","$","E","M","R","M","R","BOSS"],"build_version":"2019-07-17","purchased_purges":1,"victory":false,"max_hp_per_floor":[80,80,80,80,80,80,80,80,80,80,80,80,80,80,80,80,80,80,80,80,80,80,80,80,80,80,80,80,80,80,83,83,83],"card_choices":[{"not_picked":["Whirlwind","True Grit"],"picked":"Spot Weakness","floor":1},{"not_picked":["Warcry","Perfected Strike"],"picked":"Headbutt","floor":2},{"not_picked":["Clothesline","Carnage"],"picked":"Limit Break","floor":4},{"not_picked":["Sword Boomerang","Twin Strike"],"picked":"Cleave","floor":6},{"not_picked":["Blood for Blood","Warcry","Anger"],"picked":"SKIP","floor":11},{"not_picked":["Thunderclap","Headbutt"],"picked":"Wild Strike","floor":12},{"not_picked":["Double Tap","Flex"],"picked":"Bludgeon","floor":13},{"not_picked":["Uppercut","Armaments"],"picked":"Seeing Red","floor":14},{"not_picked":["Thunderclap","Body Slam"],"picked":"Armaments","floor":15},{"not_picked":["Juggernaut","Offering"],"picked":"Impervious","floor":16},{"not_picked":["Combust","Shrug It Off"],"picked":"Power Through+1","floor":18},{"not_picked":["Twin Strike+1","Body Slam+1"],"picked":"True Grit+1","floor":21},{"not_picked":["Sword Boomerang","Perfected Strike"],"picked":"Feel No Pain","floor":22},{"not_picked":["Perfected Strike+1","Dropkick"],"picked":"Headbutt+1","floor":24},{"not_picked":["Perfected Strike+1","Body Slam"],"picked":"Flame Barrier","floor":25},{"not_picked":["Headbutt+1","Second Wind+1"],"picked":"Clothesline","floor":28},{"not_picked":["Sword Boomerang","Armaments+1"],"picked":"Corruption","floor":29},{"not_picked":["Carnage+1","Reckless Charge","Hemokinesis+1"],"picked":"SKIP","floor":31}],"player_experience":519851,"relics_obtained":[{"floor":6,"key":"Boot"},{"floor":9,"key":"Bag of Preparation"},{"floor":13,"key":"PreservedInsect"},{"floor":26,"key":"Incense Burner"},{"floor":28,"key":"Girya"}],"event_choices":[{"damage_healed":0,"gold_gain":0,"player_choice":"Success","damage_taken":33,"relics_obtained":["Dream Catcher"],"max_hp_gain":0,"max_hp_loss":0,"event_name":"Scrap Ooze","floor":3,"gold_loss":0},{"damage_healed":0,"gold_gain":0,"cards_transformed":["Strike_R"],"player_choice":"Change","damage_taken":0,"max_hp_gain":0,"max_hp_loss":0,"event_name":"Living Wall","floor":5,"gold_loss":0,"cards_obtained":["Blood for Blood"]},{"damage_healed":0,"gold_gain":100,"player_choice":"Pray","damage_taken":0,"max_hp_gain":0,"max_hp_loss":0,"event_name":"Golden Shrine","floor":8,"gold_loss":0},{"damage_healed":0,"gold_gain":0,"player_choice":"Forge","damage_taken":0,"max_hp_gain":0,"max_hp_loss":0,"event_name":"Accursed Blacksmith","floor":20,"gold_loss":0,"cards_upgraded":["Armaments"]}],"is_beta":false,"boss_relics":[{"not_picked":["Sozu","Busted Crown"],"picked":"Ectoplasm"}],"items_purged_floors":[19],"is_endless":false,"potions_floor_spawned":[1,4,11,21,24,28],"killed_by":"Collector","ascension_level":5}