{"gold_per_floor":[118,138,138,213,213,242,242,260,260,260,273,273,40,55,55,158,158,169,169,22,34,34,62,62,39,39,39,51,51,64,64,64,160,160,176,51,65,140,150,150,165,165,165,165,165,182,182,214,214,214,214,214,88,115,115],"floor_reached":55,"playtime":6735,"items_purged":["Strike_B","Strike_B","Defend_B"],"score":813,"play_id":"6c341393-5ceb-4400-a7f6-d8dce0366e25","local_time":"20190807202500","is_ascension_mode":false,"campfire_choices":[{"data":"Glacier","floor":7.0,"key":"SMITH"},{"data":"Fusion","floor":10.0,"key":"SMITH"},{"data":"Glacier","floor":12.0,"key":"SMITH"},{"data":"Loop","floor":15.0,"key":"SMITH"},{"floor":24.0,"key":"REST"},{"data":"Echo Form","floor":27.0,"key":"SMITH"},{"floor":32.0,"key":"REST"},{"floor":40.0,"key":"RECALL"},{"data":"Glacier","floor":44.0,"key":"SMITH"},{"floor":47.0,"key":"REST"},{"data":"Echo Form","floor":49.0,"key":"SMITH"},{"data":"Glacier","floor":52.0,"key":"SMITH"}],"neow_cost":"TEN_PERCENT_HP_LOSS","seed_source_timestamp":0,"circlet_count":0,"master_deck":["Zap","Dualcast+1","Fusion+1","Glacier+1","Beam Cell","Glacier+1","Loop+1","Hologram","Echo Form+1","Hologram","Chill","Gash","Gash","Sweeping Beam","Gash","Reinforced Body+1","Glacier+1","Electrodynamics","Melter+1","Glacier+1","Compile Driver+1","Glacier+1","BootSequence","Gash","Coolheaded+1","Echo Form+1","Stack+1"],"special_seed":0,"relics":["Cracked Core","Pocketwatch","Ornamental Fan","Bottled Lightning","Tiny Chest","Lizard Tail","Lantern","Gambling Chip","Astrolabe","Turnip","Centennial Puzzle"],"potions_floor_usage":[55],"damage_taken":[{"damage":0.0,"enemies":"Cultist","floor":1.0,"turns":4.0},{"damage":2.0,"enemies":"Small Slimes","floor":2.0,"turns":3.0},{"damage":3.0,"enemies":"Lagavulin","floor":6.0,"turns":10.0},{"damage":0.0,"enemies":"2 Louse","floor":8.0,"turns":1.0},{"damage":6.0,"enemies":"2 Fungi Beasts","floor":11.0,"turns":4.0},{"damage":0.0,"enemies":"Looter","floor":14.0,"turns":3.0},{"damage":17.0,"enemies":"The Guardian","floor":16.0,"turns":16.0},{"damage":0.0,"enemies":"Chosen","floor":18.0,"turns":8.0},{"damage":1.0,"enemies":"2 Thieves","floor":21.0,"turns":5.0},{"damage":55.0,"enemies":"Slavers","floor":23.0,"turns":10.0},{"damage":0.0,"enemies":"Centurion and Healer","floor":28.0,"turns":7.0},{"damage":2.0,"enemies":"Snake Plant","floor":30.0,"turns":6.0},{"damage":0.0,"enemies":"Champ","floor":33.0,"turns":12.0},{"damage":2.0,"enemies":"3 Darklings","floor":35.0,"turns":4.0},{"damage":12.0,"enemies":"3 Shapes","floor":37.0,"turns":5.0},{"damage":0.0,"enemies":"Jaw Worm Horde","floor":39.0,"turns":3.0},{"damage":2.0,"enemies":"3 Darklings","floor":41.0,"turns":7.0},{"damage":18.0,"enemies":"Transient","floor":46.0,"turns":5.0},{"damage":0.0,"enemies":"Giant Head","floor":48.0,"turns":8.0},{"damage":45.0,"enemies":"Donu and Deca","floor":50.0,"turns":14.0},{"damage":58.0,"enemies":"Shield and Spear","floor":54.0,"turns":10.0},{"damage":93,"enemies":"The Heart","floor":55,"turns":9}],"seed_played":"-5852281561698688865","potions_obtained":[{"floor":1.0,"key":"FearPotion"},{"floor":11.0,"key":"GamblersBrew"},{"floor":14.0,"key":"SneckoOil"},{"floor":16.0,"key":"Ancient Potion"},{"floor":28.0,"key":"Explosive Potion"},{"floor":33.0,"key":"Swift Potion"},{"floor":48.0,"key":"AttackPotion"}],"is_trial":false,"path_per_floor":["M","M","?","?","?","E","R","M","T","R","M","R","$","M","R","B",null,"M","?","$","M","?","E","R","$","T","R","M","?","M","?","R","B",null,"M","$","M","?","M","R","M","?","T","R","?","M","R","E","R","B",null,"R","$","E","B"],"character_chosen":"DEFECT","items_purchased":["Loop","Tiny Chest","Gash","Gash","Energy Potion","FocusPotion"],"campfire_rested":3,"item_purchase_floors":[13,13,20,25,53,53],"current_hp_per_floor":[68,66,71,60,45,42,42,42,42,42,36,36,36,36,36,19,73,73,73,73,72,72,17,38,38,38,38,38,38,36,36,57,57,73,71,71,59,52,52,52,50,50,50,50,50,32,52,52,52,7,69,69,69,11,0],"gold":115,"neow_bonus":"ONE_RARE_RELIC","is_prod":false,"is_daily":false,"chose_seed":false,"campfire_upgraded":8,"win_rate":0,"timestamp":1565202300,"path_taken":["M","M","?","?","?","E","R","M","T","R","M","R","$","M","R","BOSS","M","?","$","M","?","E","R","?","T","R","?","?","?","?","R","BOSS","M","$","M","?","?","R","M","?","T","R","?","?","R","E","R","BOSS","R","$","E","BOSS"],"build_version":"2019-07-17","purchased_purges":3,"victory":false,"max_hp_per_floor":[68,68,73,73,73,73,73,73,73,73,73,73,73,73,73,73,73,73,73,73,73,73,73,73,73,73,73,73,73,73,73,73,73,73,73,73,73,73,73,73,73,69,69,69,69,69,69,69,69,69,69,69,69,69,69],"card_choices":[{"not_picked":["Sweeping Beam","Leap"],"picked":"Fusion","floor":1.0},{"not_picked":["Go for the Eyes","Sweeping Beam"],"picked":"Glacier","floor":2.0},{"not_picked":["Sweeping Beam","Amplify"],"picked":"Beam Cell","floor":6.0},{"not_picked":["Turbo","Steam","Storm"],"picked":"SKIP","floor":8.0},{"not_picked":["Reinforced Body","Beam Cell"],"picked":"Glacier","floor":11.0},{"not_picked":["Chaos","Sweeping Beam"],"picked":"Hologram","floor":14.0},{"not_picked":["Hyperbeam","Reboot"],"picked":"Echo Form","floor":16.0},{"not_picked":["Rebound","Conserve Battery"],"picked":"Hologram","floor":18.0},{"not_picked":["Skim+1","Beam Cell+1"],"picked":"Gash","floor":21.0},{"not_picked":["Barrage","Steam"],"picked":"Sweeping Beam","floor":23.0},{"not_picked":["Sweeping Beam","Tempest"],"picked":"Reinforced Body+1","floor":28.0},{"not_picked":["Leap","Fission","Steam"],"picked":"SKIP","floor":30.0},{"not_picked":["Machine Learning","Meteor Strike"],"picked":"Electrodynamics","floor":33.0},{"not_picked":["Ball Lightning","Streamline"],"picked":"Glacier","floor":35.0},{"not_picked":["Stack+1","Go for the Eyes"],"picked":"BootSequence","floor":37.0},{"not_picked":["Barrage","Auto Shields+1"],"picked":"Gash","floor":39.0},{"not_picked":["Sweeping Beam+1","Cold Snap"],"picked":"Coolheaded+1","floor":41.0},{"not_picked":["Coolheaded+1","Redo"],"picked":"Echo Form","floor":46.0},{"not_picked":["Cold Snap+1","Gash+1"],"picked":"Stack+1","floor":48.0},{"not_picked":["Rip and Tear","Melter","Scrape"],"picked":"SKIP","floor":54.0}],"player_experience":172130,"relics_obtained":[{"floor":6.0,"key":"Ornamental Fan"},{"floor":9.0,"key":"Bottled Lightning"},{"floor":23.0,"key":"Lantern"},{"floor":26.0,"key":"Gambling Chip"},{"floor":48.0,"key":"Turnip"},{"floor":54.0,"key":"Centennial Puzzle"}],"event_choices":[{"damage_healed":0.0,"max_hp_gain":5.0,"max_hp_loss":0.0,"gold_gain":0.0,"event_name":"Big Fish","player_choice":"Donut","floor":3.0,"gold_loss":0.0,"damage_taken":0.0},{"damage_healed":0.0,"max_hp_gain":0.0,"max_hp_loss":0.0,"gold_gain":75.0,"event_name":"World of Goop","player_choice":"Gather Gold","floor":4.0,"gold_loss":0.0,"damage_taken":11.0},{"damage_healed":0.0,"max_hp_gain":0.0,"max_hp_loss":0.0,"gold_gain":0.0,"event_name":"Shining Light","player_choice":"Entered Light","floor":5.0,"gold_loss":0.0,"damage_taken":15.0,"cards_upgraded":["Dualcast","Strike_B"]},{"damage_healed":0.0,"max_hp_gain":0.0,"max_hp_loss":0.0,"gold_gain":0.0,"event_name":"The Library","player_choice":"Read","floor":19.0,"gold_loss":0.0,"damage_taken":0.0,"cards_obtained":["Chill"]},{"cards_removed":["Defend_B"],"damage_healed":0.0,"max_hp_gain":0.0,"max_hp_loss":0.0,"gold_gain":0.0,"event_name":"Back to Basics","player_choice":"Elegance","floor":22.0,"gold_loss":0.0,"damage_taken":0.0},{"damage_healed":0.0,"max_hp_gain":0.0,"max_hp_loss":0.0,"gold_gain":0.0,"event_name":"Match and Keep!","player_choice":"1 cards matched","floor":29.0,"gold_loss":0.0,"damage_taken":0.0,"cards_obtained":["Glacier"]},{"damage_healed":0.0,"max_hp_gain":0.0,"max_hp_loss":0.0,"gold_gain":0.0,"event_name":"Vampires","player_choice":"Ignored","floor":31.0,"gold_loss":0.0,"damage_taken":0.0},{"damage_healed":0.0,"max_hp_gain":0.0,"max_hp_loss":0.0,"gold_gain":75.0,"event_name":"FaceTrader","player_choice":"Touch","floor":38.0,"gold_loss":0.0,"damage_taken":7.0},{"damage_healed":0.0,"max_hp_gain":0.0,"max_hp_loss":4.0,"gold_gain":0.0,"event_name":"Winding Halls","player_choice":"Max HP","floor":42.0,"gold_loss":0.0,"damage_taken":0.0},{"cards_removed":["Strike_B"],"damage_healed":0.0,"max_hp_gain":0.0,"max_hp_loss":0.0,"gold_gain":0.0,"event_name":"Falling","player_choice":"Removed Attack","floor":45.0,"gold_loss":0.0,"damage_taken":0.0}],"is_beta":false,"boss_relics":[{"not_picked":["Velvet Choker","Coffee Dripper"],"picked":"Lizard Tail"},{"not_picked":["Philosopher\u0027s Stone","Snecko Eye"],"picked":"Astrolabe"}],"items_purged_floors":[13,20,36],"is_endless":false,"potions_floor_spawned":[1,11,14,16,28,33,37,39,48],"killed_by":"The Heart","ascension_level":0}