{"gold_per_floor":[116,136,149,149,160,160,176,202,229,229,240,275,48,62,62,140,140,152,164,164,184,184],"floor_reached":22,"playtime":1340,"items_purged":["Strike_R"],"score":450,"play_id":"43c4ec04-839f-428f-b7c6-518e580e6ff4","local_time":"20190730222729","is_ascension_mode":true,"campfire_choices":[{"data":"Wild Strike","floor":6,"key":"SMITH"},{"data":"Bash","floor":10,"key":"SMITH"},{"data":"Disarm","floor":15,"key":"SMITH"}],"neow_cost":"NONE","seed_source_timestamp":101799944554395,"circlet_count":0,"master_deck":["AscendersBane","Strike_R","Strike_R","Defend_R","Defend_R","Defend_R","Defend_R","Bash+1","Thunderclap","Twin Strike","Wild Strike+1","Iron Wave","Offering","Shrug It Off","Offering","Disarm+1","Immolate","Clothesline","True Grit"],"relics":["Burning Blood","Pen Nib","Blood Vial","PreservedInsect","MawBank","Orichalcum","Cursed Key"],"potions_floor_usage":[12,16],"damage_taken":[{"damage":7,"enemies":"Cultist","floor":1,"turns":4},{"damage":7,"enemies":"Small Slimes","floor":2,"turns":4},{"damage":7,"enemies":"Jaw Worm","floor":3,"turns":3},{"damage":12,"enemies":"Looter","floor":5,"turns":3},{"damage":0,"enemies":"2 Fungi Beasts","floor":7,"turns":2},{"damage":35,"enemies":"3 Sentries","floor":8,"turns":7},{"damage":14,"enemies":"3 Louse","floor":11,"turns":3},{"damage":0,"enemies":"Gremlin Nob","floor":12,"turns":2},{"damage":6,"enemies":"Blue Slaver","floor":14,"turns":3},{"damage":18,"enemies":"Hexaghost","floor":16,"turns":8},{"damage":28,"enemies":"Shell Parasite","floor":18,"turns":3},{"damage":12,"enemies":"2 Thieves","floor":19,"turns":1},{"damage":29,"enemies":"Snake Plant","floor":21,"turns":4},{"damage":30,"enemies":"Masked Bandits","floor":22,"turns":3}],"seed_played":"983172908036397857","potions_obtained":[{"floor":1,"key":"GamblersBrew"},{"floor":3,"key":"AttackPotion"},{"floor":7,"key":"Swift Potion"},{"floor":18,"key":"SpeedPotion"},{"floor":21,"key":"AttackPotion"}],"is_trial":false,"path_per_floor":["M","M","M","?","M","R","M","E","T","R","M","E","$","M","R","B",null,"M","M","?","M","?"],"character_chosen":"IRONCLAD","items_purchased":["Orichalcum"],"campfire_rested":0,"item_purchase_floors":[13],"current_hp_per_floor":[67,66,65,65,59,59,65,36,36,36,30,38,38,40,40,30,64,44,40,40,19,0],"gold":184,"neow_bonus":"REMOVE_CARD","is_prod":false,"is_daily":false,"chose_seed":false,"campfire_upgraded":3,"win_rate":0,"timestamp":1564540049,"path_taken":["M","M","M","?","M","R","?","E","T","R","M","E","$","M","R","BOSS","M","M","?","?","?"],"build_version":"2019-07-17","purchased_purges":1,"victory":false,"max_hp_per_floor":[75,75,75,75,75,75,75,75,75,75,75,75,75,75,75,75,75,75,75,75,75,75],"card_choices":[{"not_picked":["Armaments","True Grit"],"picked":"Thunderclap","floor":1},{"not_picked":["Fire Breathing","Offering"],"picked":"Twin Strike","floor":2},{"not_picked":["True Grit","Battle Trance"],"picked":"Wild Strike","floor":3},{"not_picked":["Wild Strike","Pummel"],"picked":"Iron Wave","floor":5},{"not_picked":["Heavy Blade","Armaments","Bloodletting"],"picked":"SKIP","floor":7},{"not_picked":["Bloodletting","Perfected Strike"],"picked":"Offering","floor":8},{"not_picked":["Entrench","Flex"],"picked":"Shrug It Off","floor":11},{"not_picked":["Clothesline","Intimidate"],"picked":"Offering","floor":12},{"not_picked":["Blood for Blood","Iron Wave"],"picked":"Disarm","floor":14},{"not_picked":["Impervious","Bludgeon"],"picked":"Immolate","floor":16},{"not_picked":["Wild Strike","Headbutt","Clothesline"],"picked":"SKIP","floor":18},{"not_picked":["Wild Strike","Headbutt"],"picked":"Clothesline","floor":18},{"not_picked":["Sentinel","Havoc"],"picked":"True Grit","floor":19},{"not_picked":["Warcry","Sentinel","Hemokinesis"],"picked":"SKIP","floor":21}],"player_experience":2531711,"relics_obtained":[{"floor":8,"key":"Blood Vial"},{"floor":9,"key":"PreservedInsect"},{"floor":12,"key":"MawBank"}],"event_choices":[{"damage_healed":0,"gold_gain":0,"player_choice":"Gave Potion","damage_taken":0,"relics_obtained":["Pen Nib"],"max_hp_gain":0,"max_hp_loss":0,"event_name":"WeMeetAgain","floor":4,"gold_loss":0},{"cards_removed":["Strike_R"],"damage_healed":0,"gold_gain":0,"player_choice":"Purged","damage_taken":0,"max_hp_gain":0,"max_hp_loss":0,"event_name":"Purifier","floor":20,"gold_loss":0},{"damage_healed":0,"gold_gain":0,"player_choice":"Fought Bandits","damage_taken":0,"max_hp_gain":0,"max_hp_loss":0,"event_name":"Masked Bandits","floor":22,"gold_loss":0}],"is_beta":false,"boss_relics":[{"not_picked":["Tiny House","Runic Cube"],"picked":"Cursed Key"}],"items_purged_floors":[13],"is_endless":false,"potions_floor_spawned":[1,3,7,11,18,21],"killed_by":"Masked Bandits","ascension_level":20}