{"gold_per_floor":[115,115,89,89,44,78,78,112,164,164,195,195,214,242,242,347,347,358,358,457,382,394,394,394,408,408,408,425,437,462,462,462,567,567,580,580,596,375,375,375,385,385,385,397,397,423,423,439,439,439],"floor_reached":51,"playtime":1861,"items_purged":["Strike_R"],"score":1239,"play_id":"466366bd-dae9-4451-bb20-98d912aae0f2","local_time":"20181211134424","is_ascension_mode":true,"campfire_choices":[{"data":"Armaments","floor":7.0,"key":"SMITH"},{"data":"Thunderclap","floor":12.0,"key":"SMITH"},{"data":"Iron Wave","floor":15.0,"key":"SMITH"},{"data":"Inflame","floor":23.0,"key":"SMITH"},{"data":"Demon Form","floor":27.0,"key":"SMITH"},{"floor":32.0,"key":"REST"},{"data":"Whirlwind","floor":40.0,"key":"SMITH"},{"data":"Flame Barrier","floor":42.0,"key":"SMITH"},{"floor":45,"key":"REST"},{"data":"Shockwave","floor":47,"key":"SMITH"},{"floor":49,"key":"REST"}],"neow_cost":"NONE","seed_source_timestamp":0,"circlet_count":0,"master_deck":["AscendersBane","Strike_R+1","Strike_R+1","Defend_R+1","Defend_R","Defend_R","Defend_R","Bash","Flex+1","Thunderclap+1","Armaments+1","Iron Wave+1","Demon Form+1","Inflame+1","Shockwave+1","True Grit+1","Whirlwind+1","Offering","Flame Barrier+1","Sword Boomerang"],"special_seed":0,"relics":["Burning Blood","NeowsBlessing","Blood Vial","Potion Belt","Bronze Scales","War Paint","Odd Mushroom","Sozu","Bottled Lightning","Pocketwatch","Question Card","Mango","Black Star","Bag of Marbles","Singing Bowl","Shuriken","Vajra"],"potions_floor_usage":[],"damage_taken":[{"damage":0.0,"enemies":"Small Slimes","floor":1.0,"turns":1.0},{"damage":0.0,"enemies":"3 Sentries","floor":6.0,"turns":2.0},{"damage":0.0,"enemies":"Lagavulin","floor":8.0,"turns":1.0},{"damage":26.0,"enemies":"Gremlin Nob","floor":11.0,"turns":4.0},{"damage":3.0,"enemies":"Cultist","floor":13.0,"turns":3.0},{"damage":19.0,"enemies":"The Mushroom Lair","floor":14.0,"turns":3.0},{"damage":48.0,"enemies":"The Guardian","floor":16.0,"turns":12.0},{"damage":11.0,"enemies":"Shell Parasite","floor":18.0,"turns":5.0},{"damage":13.0,"enemies":"Spheric Guardian","floor":22.0,"turns":4.0},{"damage":13.0,"enemies":"Snake Plant","floor":25.0,"turns":4.0},{"damage":0.0,"enemies":"Cultist and Chosen","floor":28.0,"turns":5.0},{"damage":22.0,"enemies":"Centurion and Healer","floor":29.0,"turns":5.0},{"damage":33.0,"enemies":"Gremlin Leader","floor":30.0,"turns":6.0},{"damage":36.0,"enemies":"Collector","floor":33.0,"turns":7.0},{"damage":15.0,"enemies":"Orb Walker","floor":35.0,"turns":3.0},{"damage":9.0,"enemies":"3 Shapes","floor":37.0,"turns":6.0},{"damage":7.0,"enemies":"Spire Growth","floor":41.0,"turns":6.0},{"damage":32,"enemies":"Sphere and 2 Shapes","floor":44,"turns":5},{"damage":28,"enemies":"Giant Head","floor":46,"turns":6},{"damage":10,"enemies":"Transient","floor":48,"turns":5},{"damage":53,"enemies":"Time Eater","floor":50,"turns":8}],"seed_played":"-2343214231525415391","potions_obtained":[{"floor":13.0,"key":"FearPotion"},{"floor":16.0,"key":"Explosive Potion"}],"is_trial":false,"path_per_floor":["M","?","$","?","$","E","R","E","T","?","E","R","M","?","R","B",null,"M","?","?","?","M","R","T","M","T","R","M","M","E","T","R","B",null,"M","?","M","$","?","R","M","R","T","M","R","E","R","M","R","B",null],"character_chosen":"IRONCLAD","items_purchased":["Thunderclap","Armaments","Bag of Marbles"],"campfire_rested":3,"item_purchase_floors":[3,5,38],"current_hp_per_floor":[78,62,62,67,67,73,73,81,81,81,63,63,68,57,57,17,68,65,65,65,65,60,60,60,55,55,55,63,49,24,38,67,39,84,77,77,76,76,76,76,77,77,77,55,85,67,67,67,98,53],"gold":439,"neow_bonus":"THREE_ENEMY_KILL","is_prod":false,"is_daily":false,"chose_seed":false,"campfire_upgraded":8,"win_rate":0,"timestamp":1544525064,"path_taken":["M","?","$","?","$","E","R","E","T","?","E","R","?","?","R","BOSS","M","?","?","?","M","R","?","M","T","R","M","?","E","?","R","BOSS","M","?","M","$","?","R","?","R","T","M","R","E","R","M","R","BOSS"],"build_version":"2018-12-06","purchased_purges":1,"victory":true,"max_hp_per_floor":[80,80,80,85,85,85,85,85,85,85,85,85,85,85,85,85,85,85,85,85,85,85,85,85,85,85,85,85,85,85,99,99,99,99,99,99,99,99,99,99,99,99,99,101,101,103,103,105,105,105],"card_choices":[{"not_picked":["Wild Strike","Carnage"],"picked":"Flex","floor":1.0},{"not_picked":["Heavy Blade","Armaments","Anger"],"picked":"SKIP","floor":6.0},{"not_picked":["Dark Embrace","Wild Strike","Second Wind"],"picked":"SKIP","floor":8.0},{"not_picked":["Warcry","Bloodletting","Blood for Blood"],"picked":"SKIP","floor":11.0},{"not_picked":["Second Wind","Flex"],"picked":"Iron Wave","floor":13.0},{"not_picked":["Bludgeon","Brutality"],"picked":"Demon Form","floor":16.0},{"not_picked":["Headbutt","Flex+1"],"picked":"Inflame","floor":18.0},{"not_picked":["Warcry","Rupture","Burning Pact"],"picked":"SKIP","floor":22.0},{"not_picked":["Power Through","Wild Strike","Thunderclap+1"],"picked":"SKIP","floor":25.0},{"not_picked":["Armaments","Clash"],"picked":"Shockwave","floor":28.0},{"not_picked":["Heavy Blade","Flex"],"picked":"True Grit+1","floor":29.0},{"not_picked":["Fire Breathing","Infernal Blade"],"picked":"Whirlwind","floor":30.0},{"not_picked":["Immolate","Brutality","Barricade"],"picked":"Offering","floor":33.0},{"not_picked":["Wild Strike","Anger","Feel No Pain+1","Thunderclap+1"],"picked":"SKIP","floor":35.0},{"not_picked":["Dropkick","Uppercut+1","Spot Weakness"],"picked":"Flame Barrier","floor":37.0},{"not_picked":["Heavy Blade+1","Headbutt+1","Warcry"],"picked":"Sword Boomerang","floor":41.0},{"not_picked":["Cleave","Berserk","Flex","Body Slam"],"picked":"Singing Bowl","floor":44},{"not_picked":["Ghostly Armor","Havoc","Headbutt+1","Corruption+1"],"picked":"Singing Bowl","floor":46},{"not_picked":["Wild Strike","Sword Boomerang","Anger","Rage+1"],"picked":"Singing Bowl","floor":48}],"player_experience":580312,"relics_obtained":[{"floor":6.0,"key":"Blood Vial"},{"floor":8.0,"key":"Potion Belt"},{"floor":9.0,"key":"Bronze Scales"},{"floor":11.0,"key":"War Paint"},{"floor":14.0,"key":"Odd Mushroom"},{"floor":24.0,"key":"Bottled Lightning"},{"floor":26.0,"key":"Pocketwatch"},{"floor":30.0,"key":"Question Card"},{"floor":31.0,"key":"Mango"},{"floor":43.0,"key":"Singing Bowl"},{"floor":46,"key":"Shuriken"},{"floor":46,"key":"Vajra"}],"event_choices":[{"damage_healed":0.0,"max_hp_gain":0.0,"max_hp_loss":0.0,"gold_gain":0.0,"event_name":"Shining Light","player_choice":"Entered Light","floor":2.0,"gold_loss":0.0,"damage_taken":16.0,"cards_upgraded":["Strike_R","Strike_R"]},{"damage_healed":0.0,"max_hp_gain":5.0,"max_hp_loss":0.0,"gold_gain":0.0,"event_name":"Big Fish","player_choice":"Donut","floor":4.0,"gold_loss":0.0,"damage_taken":0.0},{"cards_removed":["Strike_R"],"damage_healed":0.0,"max_hp_gain":0.0,"max_hp_loss":0.0,"gold_gain":0.0,"event_name":"Purifier","player_choice":"Purged","floor":10.0,"gold_loss":0.0,"damage_taken":0.0},{"damage_healed":0.0,"max_hp_gain":0.0,"max_hp_loss":0.0,"gold_gain":0.0,"event_name":"Mushrooms","player_choice":"Fought Mushrooms","floor":14.0,"gold_loss":0.0,"damage_taken":0.0},{"damage_healed":0.0,"max_hp_gain":0.0,"max_hp_loss":0.0,"gold_gain":0.0,"event_name":"Ghosts","player_choice":"Ignored","floor":19.0,"gold_loss":0.0,"damage_taken":0.0},{"damage_healed":0.0,"max_hp_gain":0.0,"max_hp_loss":0.0,"gold_gain":99.0,"event_name":"Nest","player_choice":"Stole From Cult","floor":20.0,"gold_loss":0.0,"damage_taken":0.0},{"cards_removed":["Strike_R"],"damage_healed":0.0,"max_hp_gain":0.0,"max_hp_loss":0.0,"gold_gain":0.0,"event_name":"Beggar","player_choice":"Gave Gold","floor":21.0,"gold_loss":75.0,"damage_taken":0.0},{"damage_healed":0.0,"max_hp_gain":0.0,"max_hp_loss":0.0,"gold_gain":0.0,"event_name":"Tomb of Lord Red Mask","player_choice":"Ignored","floor":36.0,"gold_loss":0.0,"damage_taken":0.0},{"damage_healed":0.0,"max_hp_gain":0.0,"max_hp_loss":0.0,"gold_gain":0.0,"event_name":"Lab","player_choice":"Got Potions","floor":39.0,"gold_loss":0.0,"damage_taken":0.0}],"is_beta":false,"boss_relics":[{"not_picked":["White Beast Statue","Coffee Dripper"],"picked":"Sozu"},{"not_picked":["Tiny House","Pandora\u0027s Box"],"picked":"Black Star"}],"items_purged_floors":[38],"is_endless":false,"potions_floor_spawned":[13,16,18,22,37,41],"ascension_level":10}