{"gold_per_floor":[111,127,24,43,56,56,81,94,94,94,108,33,33,49,49,153,153,163,88,13,26,26],"floor_reached":22,"playtime":530,"items_purged":["Strike_B"],"score":188,"play_id":"f9ba7f86-98c1-4f61-8d3d-55b8ef163634","local_time":"20180804060111","is_ascension_mode":false,"campfire_choices":[{"data":"Capacitor","floor":6.0,"key":"SMITH"},{"floor":10,"key":"REST"},{"data":"Ball Lightning","floor":13,"key":"SMITH"},{"data":"Cold Snap","floor":15,"key":"SMITH"}],"neow_cost":"NONE","seed_source_timestamp":51520523917872,"circlet_count":0,"master_deck":["Strike_B","Strike_B","Defend_B","Defend_B","Defend_B","Defend_B","Zap","Dualcast","Doom and Gloom","Go for the Eyes","Capacitor+1","Ball Lightning+1","Cold Snap+1","Ball Lightning","Melter","Biased Cognition","Sunder","Electrodynamics","Self Repair"],"special_seed":0,"relics":["Runic Pyramid"],"potions_floor_usage":[22],"damage_taken":[{"damage":1.0,"enemies":"Cultist","floor":1.0,"turns":3.0},{"damage":3.0,"enemies":"Small Slimes","floor":2.0,"turns":2.0},{"damage":6.0,"enemies":"Jaw Worm","floor":4.0,"turns":3.0},{"damage":0.0,"enemies":"3 Louse","floor":5.0,"turns":2.0},{"damage":17.0,"enemies":"Lagavulin","floor":7.0,"turns":7.0},{"damage":7,"enemies":"Looter","floor":8,"turns":3},{"damage":12,"enemies":"Exordium Wildlife","floor":11,"turns":3},{"damage":15,"enemies":"3 Louse","floor":14,"turns":2},{"damage":17,"enemies":"Hexaghost","floor":16,"turns":7},{"damage":27,"enemies":"Shell Parasite","floor":18,"turns":5},{"damage":20,"enemies":"3 Byrds","floor":21,"turns":3},{"damage":50,"enemies":"Slaver and Parasite","floor":22,"turns":5}],"seed_played":"-329179361377527273","potions_obtained":[{"floor":1.0,"key":"Regen Potion"},{"floor":5.0,"key":"FocusPotion"},{"floor":8,"key":"Explosive Potion"}],"is_trial":false,"path_per_floor":["M","M","$","M","M","R","E","M","T","R","M","$","R","M","R","B",null,"M","?","$","M"],"character_chosen":"DEFECT","items_purchased":["Capacitor","Ball Lightning","Self Repair"],"campfire_rested":1,"item_purchase_floors":[3,3,20],"current_hp_per_floor":[74,71,71,65,65,65,48,41,41,63,51,51,51,36,36,19,75,48,48,48,35,0],"gold":26,"neow_bonus":"BOSS_RELIC","is_prod":false,"is_daily":false,"chose_seed":false,"campfire_upgraded":3,"win_rate":0,"timestamp":1533351671,"path_taken":["M","M","$","M","M","R","E","M","T","R","M","?","R","M","R","BOSS","M","?","$","M","M"],"build_version":"2018-08-02","purchased_purges":1,"victory":false,"max_hp_per_floor":[75,75,75,75,75,75,75,75,75,75,75,75,75,75,75,75,75,75,75,75,75,75],"card_choices":[{"not_picked":["Auto Shields","Stack"],"picked":"Doom and Gloom","floor":1.0},{"not_picked":["Redo","Steam Power"],"picked":"Go for the Eyes","floor":2.0},{"not_picked":["Scrape","Ball Lightning"],"picked":"Cold Snap","floor":4.0},{"not_picked":["Aggregate","Stack"],"picked":"Ball Lightning","floor":5.0},{"not_picked":["Auto Shields","Reprogram"],"picked":"Melter","floor":7},{"not_picked":["Hologram","Go for the Eyes","Redo"],"picked":"SKIP","floor":8},{"not_picked":["Aggregate","Stack"],"picked":"Biased Cognition","floor":11},{"not_picked":["Ball Lightning","Recycle"],"picked":"Sunder","floor":14},{"not_picked":["Rainbow","Creative AI"],"picked":"Electrodynamics","floor":16},{"not_picked":["Turbo","Stack+1","Chaos"],"picked":"SKIP","floor":18},{"not_picked":["Sweeping Beam","Scrape","Redo"],"picked":"SKIP","floor":21}],"player_experience":404128,"relics_obtained":[],"event_choices":[{"event_name":"Beggar","player_choice":"Gave Gold","floor":19,"damage_taken":0}],"is_beta":false,"boss_relics":[{"not_picked":["Snecko Eye","Astrolabe","Velvet Choker"]}],"items_purged_floors":[12],"is_endless":false,"potions_floor_spawned":[1,5,8,11],"killed_by":"Slaver and Parasite","ascension_level":0}