{"path_per_floor":["M","M","$","M","M","E","R","?","T","M","R","$","M","M","R","B",null,"M","?","?","$","?","R","E","R","T","?","M","M","E","M","R"],"character_chosen":"THE_SILENT","items_purchased":["Acrobatics","Cloak And Dagger"],"gold_per_floor":[115,126,27,44,58,86,86,106,157,177,177,23,43,62,62,160,160,180,180,180,55,55,55,86,86,113,113,125,136,162,176,176,176],"floor_reached":33,"campfire_rested":2,"playtime":7572,"current_hp_per_floor":[68,66,66,66,53,47,47,43,43,39,39,39,39,39,60,37,70,68,68,49,49,49,49,34,34,34,34,38,30,20,16,30,0],"items_purged":["Strike_G","Defend_G","Regret"],"gold":176,"score":312,"play_id":"051e48af-4ea8-4cdf-aaf0-fa4ddffc8aa7","local_time":"20180416113722","is_prod":false,"is_daily":false,"chose_seed":false,"is_ascension_mode":false,"campfire_upgraded":4,"timestamp":1523871442,"path_taken":["M","?","$","M","M","E","R","?","T","M","R","$","M","?","R","BOSS","M","?","?","$","?","R","E","R","T","?","?","?","E","M","R","BOSS"],"build_version":"2018-04-12","seed_source_timestamp":711993606846,"purchased_purges":3,"victory":false,"master_deck":["Defend_G","Defend_G","Defend_G","Survivor","Neutralize","Tactician+1","Flying Knee","Malaise","Acrobatics","Malaise","Cloak And Dagger+1","Sucker Punch","Outmaneuver","Dagger Throw","Cloak And Dagger+1","Flying Knee","Choke+1","Adrenaline","Regret","Doubt","Blur+1","Bite","Bite","Bite","Bite","Bite","Night Terror","Acrobatics"],"max_hp_per_floor":[70,70,70,70,70,70,70,70,70,70,70,70,70,70,70,70,70,70,70,49,49,49,49,49,49,49,49,49,49,49,49,49,49],"relics":["Ring of the Snake","Ornamental Fan","Odd Mushroom","Ancient Tea Set","Calling Bell","Omamori","Pen Nib","Darkstone Periapt","Bag of Preparation","Bronze Scales","Happy Flower"],"card_choices":[{"not_picked":["Predator","Acrobatics"],"picked":"Flying Knee","floor":1},{"not_picked":["PiercingWail","Footwork"],"picked":"Malaise","floor":2},{"not_picked":["Footwork","Dodge and Roll"],"picked":"Malaise","floor":4},{"not_picked":["Endless Agony","Deadly Poison"],"picked":"Cloak And Dagger","floor":5},{"not_picked":["Dagger Spray","Expertise"],"picked":"Sucker Punch","floor":6},{"not_picked":["Escape Plan","Prepared"],"picked":"Outmaneuver","floor":8},{"not_picked":["Grand Finale","Outmaneuver"],"picked":"Dagger Throw","floor":10},{"not_picked":["Outmaneuver","Acrobatics"],"picked":"Flying Knee","floor":13},{"not_picked":["Quick Slash","Deflect"],"picked":"Choke","floor":14},{"not_picked":["Envenom","Wraith Form v2"],"picked":"Adrenaline","floor":16},{"not_picked":["Deflect","Eviscerate"],"picked":"Blur","floor":18},{"not_picked":["Catalyst","Dodge and Roll"],"picked":"Acrobatics","floor":28}],"player_experience":185453,"potions_floor_usage":[24,29,30,33,33],"damage_taken":[{"damage":2,"enemies":"Cultist","floor":1,"turns":6},{"damage":2,"enemies":"Small Slimes","floor":2,"turns":3},{"damage":0,"enemies":"Jaw Worm","floor":4,"turns":5},{"damage":13,"enemies":"Blue Slaver","floor":5,"turns":7},{"damage":6,"enemies":"Lagavulin","floor":6,"turns":13},{"damage":4,"enemies":"The Mushroom Lair","floor":8,"turns":6},{"damage":4,"enemies":"Exordium Thugs","floor":10,"turns":6},{"damage":0,"enemies":"2 Fungi Beasts","floor":13,"turns":3},{"damage":0,"enemies":"Looter","floor":14,"turns":3},{"damage":23,"enemies":"Slime Boss","floor":16,"turns":10},{"damage":2,"enemies":"3 Byrds","floor":18,"turns":5},{"damage":22,"enemies":"Gremlin Leader","floor":24,"turns":7},{"damage":0,"enemies":"Chosen","floor":28,"turns":4},{"damage":16,"enemies":"Centurion and Healer","floor":29,"turns":5},{"damage":22,"enemies":"Book of Stabbing","floor":30,"turns":5},{"damage":12,"enemies":"Snake Plant","floor":31,"turns":5},{"damage":50,"enemies":"Automaton","floor":33,"turns":6}],"event_choices":[{"event_name":"Mushrooms","player_choice":"Fought Mushrooms","floor":8,"damage_taken":0},{"event_name":"Drug Dealer","player_choice":"Ignored","floor":19,"damage_taken":0},{"event_name":"Vampires","player_choice":"Became a vampire","floor":20,"damage_taken":0},{"event_name":"Addict","player_choice":"Ignored","floor":22,"damage_taken":0},{"event_name":"Match and Keep!","player_choice":"1 cards matched","floor":27,"damage_taken":0}],"boss_relics":[{"not_picked":["Velvet Choker","Runic Pyramid"],"picked":"Calling Bell"}],"potions_floor_spawned":[2,4,6,8,16,28,31],"seed_played":"-6473828001814091347","killed_by":"Automaton","ascension_level":0,"is_trial":false}