{"gold_per_floor":[111,111,126,21,41,67,96,129,129,129,129,142,170,180,180,253,253,264,189,199,124,137,137],"floor_reached":23,"playtime":993,"items_purged":["Strike_B"],"score":422,"play_id":"33387a44-213b-441a-8a4b-69b5d4532701","local_time":"20190806204812","is_ascension_mode":true,"campfire_choices":[{"floor":10.0,"key":"REST"},{"data":"Zap","floor":15.0,"key":"SMITH"}],"neow_cost":"NONE","seed_source_timestamp":354982260464510,"circlet_count":0,"master_deck":["AscendersBane","Strike_B","Defend_B","Defend_B","Defend_B","Defend_B","Zap+1","Dualcast","Undo","Compile Driver","Ball Lightning","Cold Snap","Sweeping Beam","Reinforced Body","Go for the Eyes","Glacier","Creative AI","Hologram","Doom and Gloom+1"],"special_seed":0,"relics":["Cracked Core","Pantograph","Odd Mushroom","Pear","Sundial","WarpedTongs","Torii","Snecko Eye"],"potions_floor_usage":[23],"damage_taken":[{"damage":7.0,"enemies":"Cultist","floor":1.0,"turns":4.0},{"damage":0.0,"enemies":"Jaw Worm","floor":3.0,"turns":4.0},{"damage":0.0,"enemies":"2 Louse","floor":5.0,"turns":2.0},{"damage":21.0,"enemies":"Gremlin Nob","floor":6.0,"turns":4.0},{"damage":8.0,"enemies":"The Mushroom Lair","floor":7.0,"turns":4.0},{"damage":22.0,"enemies":"3 Sentries","floor":8.0,"turns":7.0},{"damage":9.0,"enemies":"Lots of Slimes","floor":12.0,"turns":3.0},{"damage":12.0,"enemies":"Lagavulin","floor":13.0,"turns":7.0},{"damage":0.0,"enemies":"2 Fungi Beasts","floor":14.0,"turns":3.0},{"damage":7.0,"enemies":"Slime Boss","floor":16.0,"turns":10.0},{"damage":9.0,"enemies":"3 Byrds","floor":18.0,"turns":5.0},{"damage":1,"enemies":"Chosen","floor":20,"turns":5},{"damage":8,"enemies":"Sentry and Sphere","floor":22,"turns":8},{"damage":67,"enemies":"Gremlin Leader","floor":23,"turns":6}],"seed_played":"7560256004304684113","potions_obtained":[{"floor":1.0,"key":"GamblersBrew"},{"floor":6.0,"key":"FocusPotion"},{"floor":14.0,"key":"Explosive Potion"},{"floor":16.0,"key":"SpeedPotion"},{"floor":18.0,"key":"Energy Potion"}],"is_trial":false,"path_per_floor":["M","?","M","$","M","E","?","E","T","R","?","M","E","M","R","B",null,"M","?","M","$","M","E"],"character_chosen":"DEFECT","items_purchased":["Ball Lightning","AttackPotion"],"campfire_rested":1,"item_purchase_floors":[4,4],"current_hp_per_floor":[57,57,57,57,57,36,28,16,16,40,40,31,19,19,19,37,70,61,61,60,60,52,0],"gold":137,"neow_bonus":"TRANSFORM_CARD","is_prod":false,"is_daily":false,"chose_seed":false,"campfire_upgraded":1,"win_rate":0,"timestamp":1565149692,"path_taken":["M","?","M","$","?","E","?","E","T","R","?","?","E","M","R","BOSS","M","?","M","$","M","E"],"build_version":"2019-07-17","purchased_purges":1,"victory":false,"max_hp_per_floor":[71,71,71,71,71,71,71,81,81,81,81,81,81,81,81,81,81,81,81,81,81,81,81],"card_choices":[{"not_picked":["Turbo","Beam Cell","Conserve Battery"],"picked":"SKIP","floor":1.0},{"not_picked":["Double Energy","Barrage"],"picked":"Compile Driver","floor":3.0},{"not_picked":["Storm","Compile Driver"],"picked":"Cold Snap","floor":5.0},{"not_picked":["Beam Cell","Turbo"],"picked":"Sweeping Beam","floor":6.0},{"not_picked":["Hello World","Steam"],"picked":"Reinforced Body","floor":7.0},{"not_picked":["Hello World","All For One","Barrage"],"picked":"SKIP","floor":8.0},{"not_picked":["Undo","Turbo"],"picked":"Go for the Eyes","floor":12.0},{"not_picked":["Leap","Aggregate"],"picked":"Glacier","floor":13.0},{"not_picked":["Beam Cell","Tempest","Heatsinks"],"picked":"SKIP","floor":14.0},{"not_picked":["All For One","Fission"],"picked":"Creative AI","floor":16.0},{"not_picked":["Double Energy","Streamline+1"],"picked":"Hologram","floor":18.0},{"not_picked":["Blizzard","Redo"],"picked":"Doom and Gloom+1","floor":20},{"not_picked":["Cold Snap","Tempest","Redo"],"picked":"SKIP","floor":22}],"player_experience":867904,"relics_obtained":[{"floor":6.0,"key":"Pantograph"},{"floor":7.0,"key":"Odd Mushroom"},{"floor":8.0,"key":"Pear"},{"floor":9.0,"key":"Sundial"},{"floor":13.0,"key":"Torii"}],"event_choices":[{"cards_removed":["Strike_B"],"damage_healed":0.0,"max_hp_gain":0.0,"max_hp_loss":0.0,"gold_gain":0.0,"event_name":"Purifier","player_choice":"Purged","floor":2.0,"gold_loss":0.0,"damage_taken":0.0},{"damage_healed":0.0,"max_hp_gain":0.0,"max_hp_loss":0.0,"gold_gain":0.0,"event_name":"Mushrooms","player_choice":"Fought Mushrooms","floor":7.0,"gold_loss":0.0,"damage_taken":0.0},{"damage_healed":0.0,"max_hp_gain":0.0,"max_hp_loss":0.0,"gold_gain":0.0,"event_name":"Accursed Blacksmith","player_choice":"Rummage","floor":11.0,"gold_loss":0.0,"damage_taken":0.0,"relics_obtained":["WarpedTongs"],"cards_obtained":["Pain"]},{"cards_removed":["Pain"],"damage_healed":0.0,"max_hp_gain":0.0,"max_hp_loss":0.0,"gold_gain":0.0,"event_name":"Designer","player_choice":"Single Remove","floor":19.0,"gold_loss":75.0,"damage_taken":0.0}],"is_beta":false,"boss_relics":[{"not_picked":["Calling Bell","Sozu"],"picked":"Snecko Eye"}],"items_purged_floors":[21],"is_endless":false,"potions_floor_spawned":[1,6,8,14,16,18,22],"killed_by":"Gremlin Leader","ascension_level":20}