{"gold_per_floor":[114,126,51,63,80,108,108,136,136,136,146,146,163,191,191,292,292,307,326,90,103,120,150,166,200,227,227,242,242,268,288,288,391,391,405,29,48,48,63,63,163,163,163,173,198,198,123,136,136,136],"floor_reached":51,"playtime":4230,"items_purged":["Defend_R","Bash"],"score":777,"play_id":"628b6340-76f8-4102-a365-545ddcf07ee2","local_time":"20190515232107","is_ascension_mode":true,"campfire_choices":[{"floor":7.0,"key":"REST"},{"data":"Uppercut","floor":10.0,"key":"SMITH"},{"data":"True Grit","floor":12.0,"key":"SMITH"},{"data":"Flex","floor":15,"key":"SMITH"},{"data":"Armaments","floor":27,"key":"SMITH"},{"data":"Flame Barrier","floor":29,"key":"SMITH"},{"data":"Offering","floor":32,"key":"SMITH"},{"data":"Limit Break","floor":40,"key":"SMITH"},{"data":"Strike_R","floor":42,"key":"PURGE"},{"data":"Strike_R","floor":46,"key":"PURGE"},{"floor":49,"key":"REST"}],"neow_cost":"NONE","seed_source_timestamp":25725586523949,"circlet_count":0,"master_deck":["Strike_R","Strike_R","Defend_R","Defend_R","Battle Trance","Uppercut+1","Corruption","Bludgeon","Carnage","True Grit+1","Power Through","Flex+1","Reaper","Flame Barrier+1","Infernal Blade","Bandage Up","Armaments+1","Shockwave+1","Offering+1","Shockwave+1","Headbutt","Evolve","Limit Break+1","The Bomb","Shrug It Off","Sword Boomerang+1","Dropkick"],"special_seed":0,"relics":["Burning Blood","Bag of Preparation","Magic Flower","Self Forming Clay","Blue Candle","Philosopher\u0027s Stone","Pantograph","Omamori","Potion Belt","Regal Pillow","Empty Cage","Sling","Anchor","Peace Pipe","Dodecahedron","Dream Catcher"],"potions_floor_usage":[14,14,18,25,33,44,50,50,50,50,50],"damage_taken":[{"damage":1.0,"enemies":"Cultist","floor":1.0,"turns":3.0},{"damage":8.0,"enemies":"2 Louse","floor":2.0,"turns":3.0},{"damage":9.0,"enemies":"Jaw Worm","floor":4.0,"turns":4.0},{"damage":21.0,"enemies":"Lots of Slimes","floor":5.0,"turns":5.0},{"damage":31.0,"enemies":"3 Sentries","floor":6.0,"turns":7.0},{"damage":14.0,"enemies":"Gremlin Nob","floor":8.0,"turns":3.0},{"damage":8.0,"enemies":"Large Slime","floor":11.0,"turns":4.0},{"damage":4.0,"enemies":"Blue Slaver","floor":13.0,"turns":2.0},{"damage":4,"enemies":"3 Sentries","floor":14,"turns":3},{"damage":42,"enemies":"The Guardian","floor":16,"turns":14},{"damage":15,"enemies":"3 Byrds","floor":18,"turns":5},{"damage":7,"enemies":"Shell Parasite","floor":19,"turns":3},{"damage":11,"enemies":"Cultist and Chosen","floor":21,"turns":7},{"damage":16,"enemies":"Snake Plant","floor":22,"turns":4},{"damage":17,"enemies":"Book of Stabbing","floor":23,"turns":5},{"damage":6,"enemies":"Snecko","floor":24,"turns":3},{"damage":41,"enemies":"Slavers","floor":25,"turns":5},{"damage":17,"enemies":"Shelled Parasite and Fungi","floor":28,"turns":4},{"damage":53,"enemies":"Gremlin Leader","floor":30,"turns":8},{"damage":10,"enemies":"3 Cultists","floor":31,"turns":5},{"damage":66,"enemies":"Champ","floor":33,"turns":15},{"damage":32,"enemies":"3 Shapes","floor":35,"turns":6},{"damage":23,"enemies":"Orb Walker","floor":37,"turns":4},{"damage":10,"enemies":"4 Shapes","floor":39,"turns":3},{"damage":41,"enemies":"Mind Bloom Boss Battle","floor":41,"turns":9},{"damage":54,"enemies":"Transient","floor":44,"turns":5},{"damage":30,"enemies":"Sphere and 2 Shapes","floor":48,"turns":5},{"damage":78,"enemies":"Donu and Deca","floor":50,"turns":8}],"seed_played":"-2133318020301420164","potions_obtained":[{"floor":4.0,"key":"LiquidBronze"},{"floor":5.0,"key":"Explosive Potion"},{"floor":8.0,"key":"Explosive Potion"},{"floor":11.0,"key":"Regen Potion"},{"floor":13.0,"key":"Explosive Potion"},{"floor":16,"key":"AttackPotion"},{"floor":19,"key":"AttackPotion"},{"floor":21,"key":"GamblersBrew"},{"floor":22,"key":"Explosive Potion"},{"floor":28,"key":"Strength Potion"},{"floor":30,"key":"BloodPotion"},{"floor":33,"key":"BloodPotion"},{"floor":37,"key":"SteroidPotion"},{"floor":44,"key":"LiquidBronze"}],"is_trial":false,"path_per_floor":["M","M","$","M","M","E","R","E","T","R","M","R","M","E","R","B",null,"M","M","$","M","M","E","M","E","T","R","M","R","E","M","R","B",null,"M","$","M","T","M","R","?","R","T","M","T","R","$","M","R","B",null],"character_chosen":"IRONCLAD","items_purchased":["Bandage Up","Armaments","Sling","The Bomb","Dropkick"],"campfire_rested":2,"item_purchase_floors":[20,20,36,36,47],"current_hp_per_floor":[80,78,78,75,60,35,59,51,51,51,52,52,57,62,62,29,80,80,80,80,78,71,69,80,75,75,75,73,73,48,65,65,52,80,80,80,66,66,65,65,66,66,66,39,39,39,39,42,80,80],"gold":136,"neow_bonus":"THREE_CARDS","is_prod":false,"is_daily":false,"chose_seed":false,"campfire_upgraded":7,"win_rate":0,"timestamp":1557955267,"path_taken":["M","M","$","M","M","E","R","E","T","R","?","R","M","E","R","BOSS","M","M","$","?","M","E","M","E","T","R","M","R","E","M","R","BOSS","M","$","M","?","M","R","?","R","T","M","?","R","$","?","R","BOSS"],"build_version":"2019-01-23","purchased_purges":2,"victory":true,"max_hp_per_floor":[80,80,80,80,80,80,80,80,80,80,80,80,80,80,80,80,80,80,80,80,80,80,80,80,80,80,80,80,80,80,80,80,80,80,80,80,80,80,80,80,80,80,80,80,80,80,80,80,80,80],"card_choices":[{"not_picked":["True Grit","Anger"],"picked":"Battle Trance","floor":0.0},{"not_picked":["Sword Boomerang","Havoc","Body Slam"],"picked":"SKIP","floor":1.0},{"not_picked":["Wild Strike","Armaments"],"picked":"Uppercut","floor":2.0},{"not_picked":["Havoc","Reckless Charge"],"picked":"Corruption","floor":4.0},{"not_picked":["Clash","Iron Wave","Body Slam"],"picked":"SKIP","floor":5.0},{"not_picked":["Flex","Sever Soul"],"picked":"Bludgeon","floor":6.0},{"not_picked":["Dual Wield","Heavy Blade"],"picked":"Carnage","floor":8.0},{"not_picked":["Sword Boomerang","Flex"],"picked":"True Grit","floor":11.0},{"not_picked":["Anger","Thunderclap"],"picked":"Power Through","floor":13.0},{"not_picked":["Perfected Strike","Pommel Strike"],"picked":"Flex","floor":14},{"not_picked":["Bludgeon","Immolate"],"picked":"Reaper","floor":16},{"not_picked":["Reckless Charge","Pommel Strike"],"picked":"Flame Barrier","floor":18},{"not_picked":["Flex","Reckless Charge"],"picked":"Infernal Blade","floor":19},{"not_picked":["True Grit+1","Anger","Flex"],"picked":"SKIP","floor":21},{"not_picked":["Seeing Red","Pommel Strike"],"picked":"Shockwave+1","floor":22},{"not_picked":["True Grit","Thunderclap"],"picked":"Offering","floor":23},{"not_picked":["Clothesline","Armaments","Clash"],"picked":"SKIP","floor":24},{"not_picked":["Infernal Blade","Clothesline"],"picked":"Shockwave+1","floor":25},{"not_picked":["Perfected Strike","Iron Wave","Fiend Fire"],"picked":"SKIP","floor":28},{"not_picked":["True Grit+1","Perfected Strike"],"picked":"Headbutt","floor":30},{"not_picked":["Corruption","Thunderclap"],"picked":"Evolve","floor":31},{"not_picked":["Reaper","Immolate"],"picked":"Limit Break","floor":33},{"not_picked":["Warcry+1","True Grit+1","Perfected Strike+1"],"picked":"SKIP","floor":35},{"not_picked":["Infernal Blade+1","Havoc"],"picked":"Shrug It Off","floor":37},{"not_picked":["Havoc","Pommel Strike","Armaments+1"],"picked":"SKIP","floor":39},{"not_picked":["Wild Strike+1","Clash+1"],"picked":"Sword Boomerang+1","floor":44},{"not_picked":["Pommel Strike","Sword Boomerang","Warcry"],"picked":"SKIP","floor":48}],"player_experience":261724,"relics_obtained":[{"floor":6.0,"key":"Bag of Preparation"},{"floor":8.0,"key":"Magic Flower"},{"floor":9.0,"key":"Self Forming Clay"},{"floor":14,"key":"Blue Candle"},{"floor":23,"key":"Pantograph"},{"floor":25,"key":"Omamori"},{"floor":26,"key":"Potion Belt"},{"floor":30,"key":"Regal Pillow"},{"floor":38,"key":"Anchor"},{"floor":41,"key":"Peace Pipe"},{"floor":43,"key":"Dodecahedron"},{"floor":45,"key":"Dream Catcher"}],"event_choices":[{"damage_healed":0,"gold_gain":0,"player_choice":"Fight","damage_taken":0,"max_hp_gain":0,"max_hp_loss":0,"event_name":"MindBloom","floor":41,"gold_loss":0}],"is_beta":false,"boss_relics":[{"not_picked":["Pandora\u0027s Box","Runic Cube"],"picked":"Philosopher\u0027s Stone"},{"not_picked":["Black Blood","Astrolabe"],"picked":"Empty Cage"}],"items_purged_floors":[3,20],"is_endless":false,"potions_floor_spawned":[4,5,8,11,13,16,19,21,22,28,30,33,37,41,44],"ascension_level":2}