{"gold_per_floor":[119,133,144,160,110,142,142,155,155,155,155,169,6,17,17,114,114,132,132,152,164,164,164,164,164,164,164,176,176,193,193],"floor_reached":31,"playtime":4476,"items_purged":["Strike_G"],"score":239,"play_id":"8726b867-c739-4403-8736-8d56da7167b5","local_time":"20190804190923","is_ascension_mode":false,"campfire_choices":[{"data":"Dodge and Roll","floor":7,"key":"SMITH"},{"data":"Strike_G","floor":11,"key":"PURGE"},{"floor":15,"key":"REST"},{"data":"Poisoned Stab","floor":24,"key":"SMITH"},{"data":"Backflip","floor":29,"key":"SMITH"}],"neow_cost":"NONE","seed_source_timestamp":259969151264300,"circlet_count":0,"master_deck":["Strike_G+1","Strike_G+1","Defend_G+1","Defend_G+1","Defend_G+1","Defend_G+1","Defend_G+1","Survivor","Neutralize","Poisoned Stab+1","Outmaneuver","Poisoned Stab","Caltrops","Dodge and Roll+1","Well Laid Plans","Regret","Deflect","Noxious Fumes+1","Backflip","Blade Dance","Tools of the Trade+1","Underhanded Strike","Backflip+1","Acrobatics"],"relics":["Ring of the Snake","Peace Pipe","Shuriken","Frozen Egg 2","Coffee Dripper","Nilry\u0027s Codex","MutagenicStrength","Bird Faced Urn","Letter Opener"],"potions_floor_usage":[16,16,30,31],"damage_taken":[{"damage":0,"enemies":"Jaw Worm","floor":1,"turns":4},{"damage":0,"enemies":"Small Slimes","floor":2,"turns":3},{"damage":2,"enemies":"2 Louse","floor":3,"turns":3},{"damage":0,"enemies":"2 Fungi Beasts","floor":4,"turns":4},{"damage":45,"enemies":"3 Sentries","floor":6,"turns":12},{"damage":0,"enemies":"Large Slime","floor":8,"turns":7},{"damage":7,"enemies":"Blue Slaver","floor":12,"turns":4},{"damage":1,"enemies":"2 Fungi Beasts","floor":14,"turns":4},{"damage":17,"enemies":"Hexaghost","floor":16,"turns":10},{"damage":14,"enemies":"3 Byrds","floor":18,"turns":5},{"damage":20,"enemies":"2 Thieves","floor":20,"turns":4},{"damage":24,"enemies":"Snecko","floor":21,"turns":7},{"damage":3,"enemies":"Snake Plant","floor":28,"turns":4},{"damage":8,"enemies":"3 Cultists","floor":30,"turns":5},{"damage":17,"enemies":"Centurion and Healer","floor":31,"turns":1}],"seed_played":"3735193013476586640","potions_obtained":[{"floor":2,"key":"FearPotion"},{"floor":6,"key":"Energy Potion"},{"floor":12,"key":"Regen Potion"},{"floor":14,"key":"Dexterity Potion"},{"floor":16,"key":"GamblersBrew"},{"floor":28,"key":"SneckoOil"},{"floor":30,"key":"Strength Potion"}],"is_trial":false,"path_per_floor":["M","M","M","M","?","E","R","M","T","?","R","M","$","M","R","B",null,"M","?","M","M","?","?","R","?","T","T","M","R","M","M"],"character_chosen":"THE_SILENT","items_purchased":["Noxious Fumes+1","Backflip"],"campfire_rested":1,"item_purchase_floors":[13,13],"current_hp_per_floor":[77,77,75,75,75,30,30,30,30,30,30,23,23,22,45,43,77,63,63,43,19,3,3,3,3,3,3,6,6,8,0],"gold":193,"neow_bonus":"TEN_PERCENT_HP_BONUS","is_prod":false,"is_daily":false,"chose_seed":false,"campfire_upgraded":3,"win_rate":0.0,"timestamp":1564942163,"path_taken":["M","M","M","M","?","E","R","M","T","?","R","M","$","M","R","BOSS","M","?","M","M","?","?","R","?","T","?","M","R","M","M"],"build_version":"2019-07-17","purchased_purges":1,"victory":false,"max_hp_per_floor":[77,77,77,77,77,77,77,77,77,77,77,77,77,77,77,77,77,77,77,77,77,77,77,77,77,77,77,77,77,77,77],"card_choices":[{"not_picked":["Backflip","PiercingWail"],"picked":"Poisoned Stab","floor":1},{"not_picked":["Acrobatics","Sucker Punch"],"picked":"Outmaneuver","floor":2},{"not_picked":["PiercingWail","Quick Slash"],"picked":"Poisoned Stab","floor":3},{"not_picked":["Endless Agony","Poisoned Stab"],"picked":"Caltrops","floor":4},{"not_picked":["Backstab","Backflip"],"picked":"Dodge and Roll","floor":6},{"not_picked":["Outmaneuver","PiercingWail"],"picked":"Well Laid Plans","floor":8},{"not_picked":["Expertise","Prepared"],"picked":"Deflect","floor":12},{"not_picked":["Backflip","Underhanded Strike"],"picked":"Blade Dance","floor":14},{"not_picked":["Unload","Phantasmal Killer"],"picked":"Tools of the Trade+1","floor":16},{"not_picked":["Prepared","Distraction"],"picked":"Underhanded Strike","floor":18},{"not_picked":["Eviscerate+1","Riddle With Holes"],"picked":"Backflip","floor":20},{"not_picked":["Backflip","Distraction+1","Flying Knee"],"picked":"SKIP","floor":21},{"not_picked":["Dagger Throw","Backflip","Outmaneuver+1"],"picked":"SKIP","floor":28},{"not_picked":["Dagger Spray","Calculated Gamble"],"picked":"Acrobatics","floor":30}],"player_experience":27955,"relics_obtained":[{"floor":6,"key":"Peace Pipe"},{"floor":9,"key":"Shuriken"},{"floor":22,"key":"Nilry\u0027s Codex"},{"floor":26,"key":"Bird Faced Urn"},{"floor":27,"key":"Letter Opener"}],"event_choices":[{"cards_removed":["Strike_G"],"damage_healed":0,"gold_gain":0,"player_choice":"Card Removal","damage_taken":0,"max_hp_gain":0,"max_hp_loss":0,"event_name":"The Cleric","floor":5,"gold_loss":50},{"damage_healed":0,"gold_gain":0,"player_choice":"Box","damage_taken":0,"relics_obtained":["Frozen Egg 2"],"max_hp_gain":0,"max_hp_loss":0,"event_name":"Big Fish","floor":10,"gold_loss":0,"cards_obtained":["Regret"]},{"damage_healed":0,"gold_gain":0,"player_choice":"Ignored","damage_taken":0,"max_hp_gain":0,"max_hp_loss":0,"event_name":"Vampires","floor":19,"gold_loss":0},{"damage_healed":0,"gold_gain":0,"player_choice":"Obtained Book","damage_taken":16,"max_hp_gain":0,"max_hp_loss":0,"event_name":"Cursed Tome","floor":22,"gold_loss":0},{"damage_healed":0,"gold_gain":0,"player_choice":"Simplicity","damage_taken":0,"max_hp_gain":0,"max_hp_loss":0,"event_name":"Back to Basics","floor":23,"gold_loss":0,"cards_upgraded":["Strike_G","Strike_G","Defend_G","Defend_G","Defend_G","Defend_G","Defend_G"]},{"damage_healed":0,"gold_gain":0,"player_choice":"Inject Mutagens","damage_taken":0,"relics_obtained":["MutagenicStrength"],"max_hp_gain":0,"max_hp_loss":0,"event_name":"Drug Dealer","floor":25,"gold_loss":0}],"is_beta":false,"boss_relics":[{"not_picked":["HoveringKite","Calling Bell"],"picked":"Coffee Dripper"}],"items_purged_floors":[13],"is_endless":false,"potions_floor_spawned":[2,6,12,14,16,28,30],"killed_by":"Centurion and Healer","ascension_level":0}