{"gold_per_floor":[117,117,117,133,233,272,46,46,46,13,56,70,136,154,154,275,275,291,34,59,72,90,121,140,179,179,12,30,55,68,68,68,198,498,518,533,177,510,510,535,584,613,613,93,113,128,24,40,40,40],"floor_reached":51,"playtime":4845,"items_purged":["Shame","Injury"],"score":956,"play_id":"b734fa6d-a570-47f8-950d-0a04e7c81f9f","local_time":"20180825184811","is_ascension_mode":true,"campfire_choices":[{"data":"Neutralize","floor":8.0,"key":"SMITH"},{"data":"Cloak And Dagger","floor":15.0,"key":"SMITH"},{"data":"Catalyst","floor":32.0,"key":"SMITH"},{"floor":49,"key":"REST"}],"neow_cost":"","seed_source_timestamp":0,"circlet_count":0,"master_deck":["Survivor","Neutralize+1","Backflip","Dagger Throw","Caltrops","Acrobatics","Footwork","Adrenaline","Distraction","Finisher","Cloak And Dagger+1","Adrenaline","Poisoned Stab","Deflect","Outmaneuver","Acrobatics","Flying Knee","Dagger Spray","Dagger Spray","Cloak And Dagger","Catalyst+1","Reflex","Backstab","PiercingWail+1","Outmaneuver+1","Deadly Poison+1","Adrenaline+1","Prepared+1","Tactician+1","Catalyst+1","Dagger Throw","Crippling Poison+1","Catalyst+1","Bane+1","Ghostly+1","Ghostly+1","Ghostly+1","Ghostly+1","Ghostly+1","Corpse Explosion+1","Escape Plan+1","Choke+1","Well Laid Plans","Cloak And Dagger+1","Metamorphosis+1","Noxious Fumes","Deadly Poison+1","Blade Dance+1","Well Laid Plans","Thinking Ahead+1","Flash of Steel","Deflect+1","Blade Dance+1","Accuracy","Acrobatics+1"],"special_seed":0,"relics":["Ring of the Snake","Orichalcum","Torii","Lee\u0027s Waffle","Dodecahedron","Bird Faced Urn","Tiny Chest","Pandora\u0027s Box","Toxic Egg 2","Kunai","Omamori","Matryoshka","Calling Bell","Ancient Tea Set","Singing Bowl","Old Coin","Smiling Mask","Unceasing Top","Snake Skull","Paper Crane","Bottled Flame"],"potions_floor_usage":[50],"damage_taken":[{"damage":0.0,"enemies":"2 Louse","floor":1.0,"turns":2.0},{"damage":2.0,"enemies":"Jaw Worm","floor":4.0,"turns":3.0},{"damage":29.0,"enemies":"Gremlin Nob","floor":6.0,"turns":5.0},{"damage":24.0,"enemies":"Lagavulin","floor":11.0,"turns":9.0},{"damage":0.0,"enemies":"Small Slimes","floor":12.0,"turns":4.0},{"damage":13.0,"enemies":"3 Sentries","floor":13.0,"turns":10.0},{"damage":1.0,"enemies":"2 Fungi Beasts","floor":14.0,"turns":4.0},{"damage":12.0,"enemies":"Hexaghost","floor":16.0,"turns":12.0},{"damage":0.0,"enemies":"3 Byrds","floor":18.0,"turns":3.0},{"damage":1.0,"enemies":"Chosen","floor":20.0,"turns":4.0},{"damage":0.0,"enemies":"Sentry and Sphere","floor":21.0,"turns":4.0},{"damage":1.0,"enemies":"Snake Plant","floor":22.0,"turns":3.0},{"damage":30.0,"enemies":"Book of Stabbing","floor":23.0,"turns":5.0},{"damage":20.0,"enemies":"3 Cultists","floor":24.0,"turns":6.0},{"damage":11.0,"enemies":"Gremlin Leader","floor":25.0,"turns":4.0},{"damage":7.0,"enemies":"Cultist and Chosen","floor":28.0,"turns":4.0},{"damage":10.0,"enemies":"Centurion and Healer","floor":29.0,"turns":3.0},{"damage":0.0,"enemies":"Snake Plant","floor":30.0,"turns":2.0},{"damage":1.0,"enemies":"Automaton","floor":33.0,"turns":10.0},{"damage":0.0,"enemies":"3 Darklings","floor":35.0,"turns":3.0},{"damage":0.0,"enemies":"Orb Walker","floor":36.0,"turns":4.0},{"damage":8.0,"enemies":"Nemesis","floor":40.0,"turns":5.0},{"damage":9.0,"enemies":"Mysterious Sphere","floor":41.0,"turns":4.0},{"damage":17.0,"enemies":"2 Orb Walkers","floor":42.0,"turns":7.0},{"damage":2.0,"enemies":"Flame Bruiser 2 Orb","floor":45.0,"turns":4.0},{"damage":0.0,"enemies":"Transient","floor":46.0,"turns":5.0},{"damage":13,"enemies":"Spire Growth","floor":48,"turns":3},{"damage":31,"enemies":"Awakened One","floor":50,"turns":10}],"seed_played":"8057888633360239042","potions_obtained":[{"floor":11.0,"key":"Poison Potion"},{"floor":13.0,"key":"Energy Potion"},{"floor":14.0,"key":"SkillPotion"},{"floor":21.0,"key":"Fire Potion"},{"floor":25.0,"key":"EssenceOfSteel"},{"floor":29.0,"key":"AttackPotion"},{"floor":30.0,"key":"AttackPotion"},{"floor":33.0,"key":"EssenceOfSteel"},{"floor":36.0,"key":"SmokeBomb"},{"floor":42.0,"key":"EssenceOfSteel"},{"floor":45.0,"key":"Explosive Potion"}],"is_trial":false,"path_per_floor":["M","?","?","M","?","E","$","R","T","$","E","M","E","M","R","B",null,"M","$","M","M","M","E","M","E","T","$","M","M","M","?","R","B",null,"M","M","$","?","?","E","?","E","T","$","M","M","$","M","R","B"],"character_chosen":"THE_SILENT","items_purchased":["Lee\u0027s Waffle","Acrobatics","Footwork","Toxic Egg 2","Tactician+1","Catalyst+1","Dagger Throw","Well Laid Plans","Cloak And Dagger+1","Metamorphosis+1","Well Laid Plans","Thinking Ahead+1","Flash of Steel","Deflect+1","Blade Dance+1","Accuracy","Acrobatics+1"],"campfire_rested":1,"item_purchase_floors":[7,7,10,19,27,27,27,37,37,37,44,44,44,44,44,47,47],"current_hp_per_floor":[70,52,52,50,50,21,77,77,77,77,53,57,48,51,51,43,77,77,77,77,77,77,49,33,24,24,24,21,15,19,19,19,22,38,38,38,38,38,38,32,25,18,18,18,20,32,32,31,44,19],"gold":40,"neow_bonus":"","is_prod":false,"is_daily":false,"chose_seed":false,"campfire_upgraded":3,"win_rate":0,"timestamp":1535248091,"path_taken":["M","?","?","M","?","E","$","R","T","?","E","M","E","M","R","BOSS","M","?","M","?","M","E","M","E","T","$","M","M","M","?","R","BOSS","M","M","$","?","?","E","?","E","T","$","M","?","$","M","R","BOSS"],"build_version":"2018-08-23v2","purchased_purges":2,"victory":true,"max_hp_per_floor":[70,70,70,70,70,70,77,77,77,77,77,77,77,77,77,77,77,77,77,77,77,77,77,77,77,77,77,77,77,77,38,38,38,38,38,38,38,38,38,38,38,40,40,40,42,44,44,46,46,46],"card_choices":[{"not_picked":["Deflect","Poisoned Stab"],"picked":"Backflip","floor":1.0},{"not_picked":["Backflip","Terror"],"picked":"Dagger Throw","floor":4.0},{"not_picked":["Prepared","Poisoned Stab"],"picked":"Caltrops","floor":6.0},{"not_picked":["Flechettes","Dagger Throw"],"picked":"Adrenaline","floor":11.0},{"not_picked":["Bouncing Flask","Dodge and Roll"],"picked":"Distraction","floor":12.0},{"not_picked":["Dagger Throw","Prepared"],"picked":"Finisher","floor":13.0},{"not_picked":["Blur","Terror"],"picked":"Cloak And Dagger","floor":14.0},{"not_picked":["Doppelganger","Malaise"],"picked":"Adrenaline","floor":16.0},{"not_picked":["Dagger Throw+1","Masterful Stab"],"picked":"Reflex","floor":18.0},{"not_picked":["Sucker Punch+1","Bane"],"picked":"Backstab","floor":20.0},{"not_picked":["Leg Sweep+1","Poisoned Stab"],"picked":"PiercingWail+1","floor":21.0},{"not_picked":["Dagger Throw","Quick Slash+1"],"picked":"Outmaneuver+1","floor":22.0},{"not_picked":["Backflip+1","Poisoned Stab"],"picked":"Deadly Poison+1","floor":23.0},{"not_picked":["Prepared+1","Dagger Spray"],"picked":"Adrenaline+1","floor":24.0},{"not_picked":["Eviscerate","Finisher"],"picked":"Prepared+1","floor":25.0},{"not_picked":["Prepared+1","Heel Hook"],"picked":"Crippling Poison+1","floor":28.0},{"not_picked":["Crippling Poison+1","PiercingWail+1"],"picked":"Catalyst+1","floor":29.0},{"not_picked":["Dagger Spray","Backflip+1"],"picked":"Bane+1","floor":30.0},{"not_picked":["Phantasmal Killer+1","Adrenaline+1"],"picked":"Corpse Explosion+1","floor":33.0},{"not_picked":["Sucker Punch+1","Flechettes+1"],"picked":"Escape Plan+1","floor":35.0},{"not_picked":["Tactician+1","Slice"],"picked":"Choke+1","floor":36.0},{"not_picked":["Cloak And Dagger+1","Dagger Spray"],"picked":"Deadly Poison+1","floor":40.0},{"not_picked":["Sucker Punch+1","Terror+1"],"picked":"Blade Dance+1","floor":41.0},{"not_picked":["Dash+1","Corpse Explosion+1","Quick Slash+1"],"picked":"Singing Bowl","floor":42.0},{"not_picked":["Backflip+1","Poisoned Stab+1","Heel Hook"],"picked":"Singing Bowl","floor":45.0},{"not_picked":["Choke+1","Backflip+1","Expertise+1"],"picked":"Singing Bowl","floor":46.0},{"not_picked":["Flying Knee+1","Bane+1","Backflip+1"],"picked":"Singing Bowl","floor":48}],"player_experience":193219,"relics_obtained":[{"floor":6.0,"key":"Torii"},{"floor":9.0,"key":"Dodecahedron"},{"floor":11.0,"key":"Bird Faced Urn"},{"floor":13.0,"key":"Tiny Chest"},{"floor":23.0,"key":"Kunai"},{"floor":25.0,"key":"Omamori"},{"floor":26.0,"key":"Matryoshka"},{"floor":34.0,"key":"Ancient Tea Set"},{"floor":34.0,"key":"Singing Bowl"},{"floor":34.0,"key":"Old Coin"},{"floor":40.0,"key":"Smiling Mask"},{"floor":41.0,"key":"Unceasing Top"},{"floor":42.0,"key":"Snake Skull"},{"floor":43.0,"key":"Paper Crane"},{"floor":43.0,"key":"Bottled Flame"}],"event_choices":[{"event_name":"Scrap Ooze","player_choice":"success","floor":2.0,"damage_taken":18.0},{"event_name":"Golden Idol","player_choice":"Take Wound","floor":3.0,"damage_taken":0.0},{"event_name":"Wheel of Change","player_choice":"Gold","floor":5.0,"damage_taken":0.0},{"event_name":"Ghosts","player_choice":"Became a Ghost","floor":31.0,"damage_taken":0.0},{"event_name":"The Moai Head","player_choice":"Gave Idol","floor":38.0,"damage_taken":0.0},{"event_name":"Transmorgrifier","player_choice":"Transform","floor":39.0,"damage_taken":0.0},{"event_name":"Mysterious Sphere","player_choice":"Fight","floor":41.0,"damage_taken":0.0}],"is_beta":false,"boss_relics":[{"not_picked":["Astrolabe","Ectoplasm"],"picked":"Pandora\u0027s Box"},{"not_picked":["Empty Cage","Velvet Choker"],"picked":"Calling Bell"}],"items_purged_floors":[37,44],"is_endless":false,"potions_floor_spawned":[11,13,14,18,21,25,29,30,33,36,42,45],"ascension_level":3}