{"gold_per_floor":[113,123,136,136,157,196,196,221,221,24,64,77,102,102,102,228,228,251,267,267,267,357,391,409,409,409,452,50,94,48,48],"floor_reached":31,"playtime":3489,"items_purged":["Injury"],"score":413,"play_id":"51dfefe6-5cab-4028-ad8b-ad6f446cf937","local_time":"20190626223901","is_ascension_mode":true,"campfire_choices":[{"data":"Coolheaded","floor":7,"key":"SMITH"},{"floor":15,"key":"REST"}],"neow_cost":"NONE","seed_source_timestamp":1137457493608900,"circlet_count":0,"master_deck":["Zap+1","Dualcast","Cold Snap","Ball Lightning","Coolheaded+1","Darkness","All For One","Redo","Loop+1","Steam","Hologram","Defragment+1","Beam Cell","Biased Cognition+1","Defragment+1","Doom and Gloom","Echo Form+1","Rebound","Core Surge","Auto Shields","Force Field","Undo","Stack","Go for the Eyes","Gash+1","Rip and Tear","Heatsinks+1","Sunder","Conserve Battery","Go for the Eyes"],"relics":["Lizard Tail","Golden Idol","Potion Belt","Frozen Egg 2","Pantograph","Pandora\u0027s Box","Nilry\u0027s Codex","Kunai","PreservedInsect","Ornamental Fan","Blue Candle","Letter Opener","Du-Vu Doll"],"potions_floor_usage":[6,18,23,29],"damage_taken":[{"damage":2,"enemies":"Jaw Worm","floor":1,"turns":3},{"damage":7,"enemies":"2 Louse","floor":2,"turns":4},{"damage":3,"enemies":"Cultist","floor":3,"turns":4},{"damage":3,"enemies":"Looter","floor":5,"turns":4},{"damage":27,"enemies":"3 Sentries","floor":6,"turns":8},{"damage":7,"enemies":"Exordium Wildlife","floor":8,"turns":5},{"damage":20,"enemies":"Lagavulin","floor":11,"turns":6},{"damage":0,"enemies":"Large Slime","floor":12,"turns":6},{"damage":19,"enemies":"Gremlin Gang","floor":13,"turns":6},{"damage":10,"enemies":"The Guardian","floor":16,"turns":9},{"damage":5,"enemies":"Chosen","floor":18,"turns":4},{"damage":0,"enemies":"Spheric Guardian","floor":19,"turns":4},{"damage":44,"enemies":"Gremlin Leader","floor":23,"turns":8},{"damage":13,"enemies":"Centurion and Healer","floor":24,"turns":7},{"damage":34,"enemies":"Book of Stabbing","floor":27,"turns":7},{"damage":34,"enemies":"Slavers","floor":29,"turns":4},{"damage":7,"enemies":"3 Cultists","floor":31,"turns":2}],"seed_played":"-1212440429166915342","potions_obtained":[{"floor":1,"key":"SteroidPotion"},{"floor":5,"key":"Regen Potion"},{"floor":11,"key":"SteroidPotion"},{"floor":16,"key":"Energy Potion"},{"floor":27,"key":"Swift Potion"},{"floor":29,"key":"GamblersBrew"}],"is_trial":false,"path_per_floor":["M","M","M","?","M","E","R","M","T","$","E","M","M","?","R","B",null,"M","M","?","T","?","E","M","?","T","E","$","E","$","M"],"character_chosen":"DEFECT","items_purchased":["Loop+1","Steam","Heatsinks+1","Sunder","Fire Potion","Letter Opener","Go for the Eyes"],"campfire_rested":1,"item_purchase_floors":[10,10,28,28,28,28,30],"current_hp_per_floor":[73,66,63,63,60,48,48,41,41,41,21,21,2,2,24,39,66,61,61,45,45,31,37,24,75,75,41,41,7,7,0],"gold":48,"neow_bonus":"BOSS_RELIC","is_prod":false,"is_daily":false,"chose_seed":false,"campfire_upgraded":1,"win_rate":0,"timestamp":1561603141,"path_taken":["M","M","M","?","M","E","R","M","T","$","E","M","M","?","R","BOSS","M","?","?","?","?","E","?","?","T","E","?","E","$","M"],"build_version":"2019-01-23","purchased_purges":1,"victory":false,"max_hp_per_floor":[75,75,75,75,75,75,75,75,75,75,75,75,75,75,75,75,75,75,75,75,75,75,75,75,75,75,75,75,75,75,75],"card_choices":[{"not_picked":["Rip and Tear","Coolheaded"],"picked":"Cold Snap","floor":1},{"not_picked":["Cold Snap","Beam Cell"],"picked":"Ball Lightning","floor":2},{"not_picked":["Undo","Conserve Battery"],"picked":"Coolheaded","floor":3},{"not_picked":["Streamline","Stack"],"picked":"Darkness","floor":5},{"not_picked":["Turbo","Sweeping Beam"],"picked":"All For One","floor":6},{"not_picked":["Conserve Battery","Force Field"],"picked":"Redo","floor":8},{"not_picked":["Reprogram","Conserve Battery"],"picked":"Hologram","floor":11},{"not_picked":["Beam Cell","Go for the Eyes"],"picked":"Defragment+1","floor":12},{"not_picked":["Heatsinks+1","Redo"],"picked":"Beam Cell","floor":13},{"not_picked":["All For One","Meteor Strike"],"picked":"Biased Cognition+1","floor":16},{"not_picked":["Reinforced Body","Coolheaded"],"picked":"Undo","floor":18},{"not_picked":["Coolheaded","Force Field"],"picked":"Stack","floor":19},{"not_picked":["Redo","Loop+1"],"picked":"Go for the Eyes","floor":23},{"not_picked":["Hologram","Hello World+1"],"picked":"Gash+1","floor":24},{"not_picked":["Ball Lightning","Leap"],"picked":"Rip and Tear","floor":27},{"not_picked":["Chaos","Scrape"],"picked":"Conserve Battery","floor":29}],"player_experience":429829,"relics_obtained":[{"floor":6,"key":"Potion Belt"},{"floor":9,"key":"Frozen Egg 2"},{"floor":11,"key":"Pantograph"},{"floor":20,"key":"Nilry\u0027s Codex"},{"floor":21,"key":"Kunai"},{"floor":23,"key":"PreservedInsect"},{"floor":26,"key":"Ornamental Fan"},{"floor":27,"key":"Blue Candle"},{"floor":29,"key":"Du-Vu Doll"}],"event_choices":[{"damage_healed":0,"gold_gain":0,"player_choice":"Take Wound","damage_taken":0,"relics_obtained":["Golden Idol"],"max_hp_gain":0,"max_hp_loss":0,"event_name":"Golden Idol","floor":4,"gold_loss":0,"cards_obtained":["Injury"]},{"damage_healed":0,"gold_gain":0,"player_choice":"Upgraded","damage_taken":0,"max_hp_gain":0,"max_hp_loss":0,"event_name":"Upgrade Shrine","floor":14,"gold_loss":0,"cards_upgraded":["Zap"]},{"damage_healed":0,"gold_gain":0,"player_choice":"Obtained Book","damage_taken":16,"max_hp_gain":0,"max_hp_loss":0,"event_name":"Cursed Tome","floor":20,"gold_loss":0},{"damage_healed":0,"gold_gain":90,"player_choice":"GOLD ","damage_taken":14,"max_hp_gain":0,"max_hp_loss":0,"event_name":"Knowing Skull","floor":22,"potions_obtained":[],"gold_loss":0,"cards_obtained":[]},{"cards_removed":["Aggregate"],"damage_healed":51,"gold_gain":0,"player_choice":"Offered Uncommon","damage_taken":0,"max_hp_gain":0,"max_hp_loss":0,"event_name":"Bonfire Elementals","floor":25,"gold_loss":0}],"is_beta":false,"boss_relics":[{"not_picked":["Empty Cage","Astrolabe"],"picked":"Pandora\u0027s Box"}],"items_purged_floors":[10],"is_endless":false,"potions_floor_spawned":[1,5,11,16,27,29],"killed_by":"3 Cultists","ascension_level":5}