{"gold_per_floor":[119,133,133,133,143,143,68,85,131,143,155,197,209,221,233,374,386,417,429,436,348,362,362,375,50,73,117,133,133,133,151,151,274,274,288,312,387,387,237,237,252,352,404,439,457,471,471,296,296,296],"floor_reached":50,"playtime":2225,"items_purged":["Strike_G","Terror+1","Defend_G","Defend_G","Defend_G"],"score":640,"play_id":"5222ccdd-55f3-4910-b1b7-787f70d0746e","local_time":"20181013000802","is_ascension_mode":false,"campfire_choices":[{"data":"Noxious Fumes","floor":6.0,"key":"SMITH"},{"data":"Neutralize","floor":11.0,"key":"SMITH"},{"data":"Bouncing Flask","floor":15.0,"key":"SMITH"},{"data":"Survivor","floor":23,"key":"SMITH"},{"data":"Catalyst","floor":32,"key":"SMITH"},{"data":"Corpse Explosion","floor":40,"key":"SMITH"},{"floor":47,"key":"REST"},{"floor":49,"key":"REST"}],"neow_cost":"NONE","seed_source_timestamp":0,"circlet_count":0,"master_deck":["Defend_G+1","Survivor+1","Neutralize+1","Noxious Fumes+1","Blur+1","Bouncing Flask+1","Choke+1","Bouncing Flask+1","Catalyst+1","Corpse Explosion+1","Decay"],"special_seed":0,"relics":["Eternal Feather","Bronze Scales","MawBank","Blue Candle","Golden Idol","Astrolabe","ClockworkSouvenir","Boot","Bottled Lightning","Cursed Key","Bag of Preparation","Incense Burner"],"potions_floor_usage":[20,20,29,29,36,36,50,50,50],"damage_taken":[{"damage":6.0,"enemies":"Jaw Worm","floor":1.0,"turns":4.0},{"damage":2.0,"enemies":"Cultist","floor":2.0,"turns":4.0},{"damage":0.0,"enemies":"2 Louse","floor":5.0,"turns":3.0},{"damage":3.0,"enemies":"Gremlin Gang","floor":8.0,"turns":3.0},{"damage":20.0,"enemies":"Gremlin Nob","floor":12.0,"turns":6.0},{"damage":0.0,"enemies":"Hexaghost","floor":16.0,"turns":7.0},{"damage":8,"enemies":"3 Byrds","floor":18,"turns":4},{"damage":7,"enemies":"2 Thieves","floor":20,"turns":4},{"damage":14,"enemies":"Snecko","floor":22,"turns":4},{"damage":5,"enemies":"Chosen and Byrds","floor":24,"turns":5},{"damage":0,"enemies":"Book of Stabbing","floor":27,"turns":5},{"damage":0,"enemies":"Cultist and Chosen","floor":28,"turns":5},{"damage":3,"enemies":"Colosseum Slavers","floor":29,"turns":4},{"damage":8,"enemies":"Shelled Parasite and Fungi","floor":31,"turns":5},{"damage":25,"enemies":"Automaton","floor":33,"turns":10},{"damage":0,"enemies":"3 Shapes","floor":35,"turns":5},{"damage":10,"enemies":"Orb Walker","floor":36,"turns":4},{"damage":0,"enemies":"Maw","floor":41,"turns":5},{"damage":45,"enemies":"Nemesis","floor":44,"turns":5},{"damage":0,"enemies":"Transient","floor":45,"turns":5},{"damage":0,"enemies":"4 Shapes","floor":46,"turns":3},{"damage":61,"enemies":"Donu and Deca","floor":50,"turns":5}],"seed_played":"4355257203453554237","potions_obtained":[{"floor":2.0,"key":"Explosive Potion"},{"floor":5.0,"key":"Energy Potion"},{"floor":16.0,"key":"Dexterity Potion"},{"floor":18,"key":"Weak Potion"},{"floor":27,"key":"Ancient Potion"},{"floor":28,"key":"EssenceOfSteel"},{"floor":31,"key":"Poison Potion"},{"floor":33,"key":"SkillPotion"},{"floor":38,"key":"Fire Potion"},{"floor":38,"key":"Fire Potion"}],"is_trial":false,"path_per_floor":["M","M","?","?","M","R","$","M","T","?","R","E","?","?","R","B",null,"M","?","M","$","M","R","M","$","T","E","M","?","$","M","R","B",null,"M","M","?","?","$","R","M","?","T","E","M","M","R","$","R"],"character_chosen":"THE_SILENT","items_purchased":["ClockworkSouvenir"],"campfire_rested":2,"item_purchase_floors":[25],"current_hp_per_floor":[64,62,62,62,62,68,68,65,65,51,57,37,37,37,43,43,65,57,57,50,50,36,42,37,37,37,37,37,34,34,26,32,7,65,65,55,49,49,49,55,55,55,55,10,10,10,35,35,60,0],"gold":296,"neow_bonus":"BOSS_RELIC","is_prod":false,"is_daily":false,"chose_seed":false,"campfire_upgraded":6,"win_rate":0,"timestamp":1539414482,"path_taken":["M","M","?","?","M","R","$","?","T","?","R","E","?","?","R","BOSS","M","?","?","?","M","R","M","$","T","E","M","?","$","?","R","BOSS","M","M","?","?","$","R","?","?","T","E","M","M","R","$","R","BOSS"],"build_version":"2018-10-11","purchased_purges":5,"victory":false,"max_hp_per_floor":[70,70,70,70,70,70,70,70,70,70,70,70,65,65,65,65,65,65,65,65,65,65,65,65,65,65,65,65,65,65,65,65,65,65,65,65,65,65,65,65,65,65,65,65,65,65,65,65,65,65],"card_choices":[{"not_picked":["Cloak And Dagger","Noxious Fumes","Deflect"],"picked":"SKIP","floor":1.0},{"not_picked":["Cloak And Dagger","Deflect"],"picked":"Noxious Fumes","floor":1.0},{"not_picked":["Prepared","Blade Dance","Crippling Poison"],"picked":"SKIP","floor":2.0},{"not_picked":["Endless Agony","Outmaneuver","Crippling Poison"],"picked":"SKIP","floor":5.0},{"not_picked":["Bane","Concentrate"],"picked":"Blur","floor":8.0},{"not_picked":["Outmaneuver","Quick Slash","Deadly Poison"],"picked":"SKIP","floor":12.0},{"not_picked":["Finisher+1","Poisoned Stab","Slice+1"],"picked":"SKIP","floor":18},{"not_picked":["Poisoned Stab+1","Terror+1","Cloak And Dagger+1"],"picked":"SKIP","floor":20},{"not_picked":["Flying Knee","Dagger Spray+1","Poisoned Stab"],"picked":"SKIP","floor":22},{"not_picked":["Flying Knee","Dagger Spray+1","Poisoned Stab"],"picked":"SKIP","floor":22},{"not_picked":["After Image","Dodge and Roll"],"picked":"Catalyst","floor":24},{"not_picked":["Slice","Skewer+1","Flechettes"],"picked":"SKIP","floor":27},{"not_picked":["Deflect+1","Leg Sweep","Masterful Stab+1"],"picked":"SKIP","floor":28},{"not_picked":["Distraction","Slice","Deflect"],"picked":"SKIP","floor":31},{"not_picked":["Adrenaline","Unload"],"picked":"Corpse Explosion","floor":33},{"not_picked":["Quick Slash+1","Blade Dance+1","Riddle With Holes+1"],"picked":"SKIP","floor":35},{"not_picked":["Deflect","Dagger Throw","Sucker Punch"],"picked":"SKIP","floor":36},{"not_picked":["Deflect+1","Slice+1","Riddle With Holes"],"picked":"SKIP","floor":41},{"not_picked":["Flying Knee","Slice","Sucker Punch+1"],"picked":"SKIP","floor":44},{"not_picked":["Quick Slash+1","Deadly Poison","Dodge and Roll+1"],"picked":"SKIP","floor":45},{"not_picked":["Dagger Throw+1","After Image","Flying Knee+1"],"picked":"SKIP","floor":46}],"player_experience":369720,"relics_obtained":[{"floor":4.0,"key":"Bronze Scales"},{"floor":9.0,"key":"MawBank"},{"floor":12.0,"key":"Blue Candle"},{"floor":26,"key":"Boot"},{"floor":27,"key":"Bottled Lightning"},{"floor":43,"key":"Bag of Preparation"},{"floor":44,"key":"Incense Burner"}],"event_choices":[{"event_name":"Bonfire Elementals","player_choice":"BASIC","floor":3.0,"damage_taken":0.0},{"event_name":"Wheel of Change","player_choice":"Relic","floor":4.0,"damage_taken":0.0},{"event_name":"Shining Light","player_choice":"Entered Light","floor":10.0,"damage_taken":0.0},{"event_name":"Golden Idol","player_choice":"Lose Max HP","floor":13.0,"damage_taken":0.0},{"event_name":"Transmorgrifier","player_choice":"Transform","floor":14.0,"damage_taken":0.0},{"event_name":"Ghosts","player_choice":"Ignored","floor":19,"damage_taken":0},{"event_name":"Colosseum","player_choice":"Fight","floor":29,"damage_taken":0},{"event_name":"Colosseum","player_choice":"Fled From Nobs","floor":29,"damage_taken":0},{"event_name":"FaceTrader","player_choice":"Touch","floor":37,"damage_taken":0},{"event_name":"The Lab","player_choice":"Got Potions","floor":38,"damage_taken":0},{"event_name":"Golden Shrine","player_choice":"Pray","floor":42,"damage_taken":0}],"is_beta":false,"boss_relics":[{"not_picked":["Philosopher\u0027s Stone","Calling Bell"],"picked":"Astrolabe"},{"not_picked":["WristBlade","Orrery"],"picked":"Cursed Key"}],"items_purged_floors":[7,21,25,39,48],"is_endless":false,"potions_floor_spawned":[2,5,16,18,27,28,31,33,41,44,46],"killed_by":"Donu and Deca","ascension_level":0}