{"gold_per_floor":[118,135,135,154,166,166,195,68,68,68,85,85,119,194,194,289,289,279,279,279,134,150,150,165,193,217,229,241,284,325,356,368,477,489,515,380,380,390,403,403],"floor_reached":40,"playtime":1939,"items_purged":["Strike_G","Strike_G"],"score":543,"play_id":"a4939ca8-4809-4f88-9206-e80449da012c","local_time":"20190314153150","is_ascension_mode":true,"campfire_choices":[{"data":"Neutralize","floor":6.0,"key":"SMITH"},{"data":"Blur","floor":10.0,"key":"SMITH"},{"floor":15.0,"key":"REST"},{"floor":23.0,"key":"REST"},{"floor":28,"key":"REST"},{"data":"Caltrops","floor":32,"key":"SMITH"}],"neow_cost":"NONE","seed_source_timestamp":7956094199570,"circlet_count":0,"master_deck":["Defend_G","Defend_G","Defend_G","Defend_G","Defend_G","Strike_G","Strike_G","Survivor","Neutralize+1","Dagger Spray","Flying Knee","Blur+1","Poisoned Stab","Poisoned Stab","PiercingWail","Caltrops+1","Bullet Time","Dodge and Roll","Well Laid Plans","Deadly Poison","Blade Dance","Crippling Poison","Venomology","Deflect+1","Noxious Fumes","Escape Plan","Skewer+1"],"special_seed":0,"relics":["Ring of the Snake","NeowsBlessing","Letter Opener","Incense Burner","Pocketwatch","Cursed Key","Du-Vu Doll","MawBank","Anchor","Red Mask","Thread and Needle","Busted Crown"],"potions_floor_usage":[29,29,30,33,40,40],"damage_taken":[{"damage":0.0,"enemies":"2 Louse","floor":1.0,"turns":1.0},{"damage":0.0,"enemies":"Cultist","floor":2.0,"turns":1.0},{"damage":0.0,"enemies":"Jaw Worm","floor":4.0,"turns":1.0},{"damage":6.0,"enemies":"2 Fungi Beasts","floor":5.0,"turns":4.0},{"damage":31.0,"enemies":"Lagavulin","floor":7.0,"turns":9.0},{"damage":10.0,"enemies":"Large Slime","floor":11.0,"turns":6.0},{"damage":10.0,"enemies":"3 Sentries","floor":13.0,"turns":8.0},{"damage":19.0,"enemies":"The Guardian","floor":16.0,"turns":10.0},{"damage":3.0,"enemies":"2 Thieves","floor":18.0,"turns":4.0},{"damage":19.0,"enemies":"Spheric Guardian","floor":22.0,"turns":6.0},{"damage":10.0,"enemies":"3 Cultists","floor":24.0,"turns":6.0},{"damage":12.0,"enemies":"Slavers","floor":25.0,"turns":5.0},{"damage":9,"enemies":"Masked Bandits","floor":29,"turns":4},{"damage":19,"enemies":"Book of Stabbing","floor":30,"turns":7},{"damage":0,"enemies":"Snake Plant","floor":31,"turns":4},{"damage":28,"enemies":"Collector","floor":33,"turns":10},{"damage":0,"enemies":"3 Shapes","floor":35,"turns":5},{"damage":6,"enemies":"3 Darklings","floor":38,"turns":5},{"damage":5,"enemies":"Sphere and 2 Shapes","floor":39,"turns":5},{"damage":59,"enemies":"Giant Head","floor":40,"turns":8}],"seed_played":"4564224079859698755","potions_obtained":[{"floor":2.0,"key":"SteroidPotion"},{"floor":7.0,"key":"LiquidBronze"},{"floor":11.0,"key":"Poison Potion"},{"floor":13.0,"key":"GhostInAJar"},{"floor":22.0,"key":"Weak Potion"},{"floor":25.0,"key":"Regen Potion"},{"floor":30,"key":"PowerPotion"}],"is_trial":false,"path_per_floor":["M","M","?","M","M","R","E","$","T","R","M","?","E","?","R","B",null,"M","?","?","$","M","R","M","E","T","?","R","?","E","M","R","B",null,"M","$","?","M","M","E"],"character_chosen":"THE_SILENT","items_purchased":["Poisoned Stab","Dodge and Roll","Noxious Fumes","Escape Plan"],"campfire_rested":3,"item_purchase_floors":[8,21,36,36],"current_hp_per_floor":[70,70,70,70,64,64,33,33,33,33,23,23,13,2,23,4,54,51,51,51,51,32,53,43,31,31,31,52,57,38,38,38,10,55,55,55,55,49,44,0],"gold":403,"neow_bonus":"THREE_ENEMY_KILL","is_prod":false,"is_daily":false,"chose_seed":false,"campfire_upgraded":3,"win_rate":0,"timestamp":1552566710,"path_taken":["M","M","?","?","M","R","E","$","T","R","M","?","E","?","R","BOSS","M","?","?","$","M","R","M","E","T","?","R","?","E","M","R","BOSS","M","$","?","?","M","E"],"build_version":"2019-01-23","purchased_purges":2,"victory":false,"max_hp_per_floor":[70,70,70,70,70,70,70,70,70,70,70,70,70,70,70,70,70,70,70,70,70,70,70,70,70,70,70,70,70,70,70,70,70,70,70,70,70,70,70,70],"card_choices":[{"not_picked":["Acrobatics","Flying Knee"],"picked":"Dagger Spray","floor":1.0},{"not_picked":["Slice","Finisher","Flechettes"],"picked":"SKIP","floor":2.0},{"not_picked":["Dodge and Roll","Bane"],"picked":"Flying Knee","floor":4.0},{"not_picked":["Quick Slash","Die Die Die"],"picked":"Blur","floor":5.0},{"not_picked":["Deadly Poison","Bane"],"picked":"Poisoned Stab","floor":7.0},{"not_picked":["Expertise","Blade Dance"],"picked":"PiercingWail","floor":11.0},{"not_picked":["Setup","Storm of Steel"],"picked":"Caltrops","floor":13.0},{"not_picked":["Night Terror","Wraith Form v2"],"picked":"Bullet Time","floor":16.0},{"not_picked":["Underhanded Strike","Tactician","Flechettes"],"picked":"SKIP","floor":18.0},{"not_picked":["Flying Knee","Sucker Punch"],"picked":"Well Laid Plans","floor":22.0},{"not_picked":["Sucker Punch+1","Accuracy","Prepared"],"picked":"SKIP","floor":24.0},{"not_picked":["Storm of Steel","Dagger Spray"],"picked":"Deadly Poison","floor":25.0},{"not_picked":["Dagger Throw","Deflect"],"picked":"Blade Dance","floor":29},{"not_picked":["Storm of Steel","Backstab"],"picked":"Crippling Poison","floor":30},{"not_picked":["Skewer","Quick Slash","Calculated Gamble"],"picked":"SKIP","floor":31},{"not_picked":["Burst","Storm of Steel"],"picked":"Venomology","floor":33},{"not_picked":[],"picked":"Deflect+1","floor":35},{"not_picked":[],"picked":"Skewer+1","floor":38},{"not_picked":["Skewer"],"picked":"SKIP","floor":39}],"player_experience":794130,"relics_obtained":[{"floor":7.0,"key":"Letter Opener"},{"floor":9.0,"key":"Incense Burner"},{"floor":13.0,"key":"Pocketwatch"},{"floor":25.0,"key":"Du-Vu Doll"},{"floor":26,"key":"MawBank"},{"floor":29,"key":"Red Mask"},{"floor":30,"key":"Thread and Needle"}],"event_choices":[{"cards_removed":["Strike_G"],"damage_healed":0.0,"max_hp_gain":0.0,"max_hp_loss":0.0,"gold_gain":0.0,"event_name":"Wheel of Change","player_choice":"Card Removal","floor":3.0,"gold_loss":0.0,"damage_taken":0.0},{"damage_healed":0.0,"max_hp_gain":0.0,"max_hp_loss":0.0,"gold_gain":0.0,"event_name":"Golden Wing","player_choice":"Ignored","floor":12.0,"gold_loss":0.0,"damage_taken":0.0},{"damage_healed":0.0,"max_hp_gain":0.0,"max_hp_loss":0.0,"gold_gain":75.0,"event_name":"World of Goop","player_choice":"Gather Gold","floor":14.0,"gold_loss":0.0,"damage_taken":11.0},{"damage_healed":0.0,"max_hp_gain":0.0,"max_hp_loss":0.0,"gold_gain":0.0,"event_name":"Ghosts","player_choice":"Ignored","floor":20.0,"gold_loss":0.0,"damage_taken":0.0},{"damage_healed":0,"gold_gain":0,"player_choice":"Opened","damage_taken":0,"relics_obtained":["Anchor"],"max_hp_gain":0,"max_hp_loss":0,"event_name":"The Mausoleum","floor":27,"gold_loss":0,"cards_obtained":["Writhe"]},{"damage_healed":0,"gold_gain":0,"player_choice":"Fought Bandits","damage_taken":0,"max_hp_gain":0,"max_hp_loss":0,"event_name":"Masked Bandits","floor":29,"gold_loss":0},{"cards_removed":["Writhe","Shame"],"damage_healed":0,"gold_gain":0,"player_choice":"Removed Curses","damage_taken":0,"max_hp_gain":0,"max_hp_loss":0,"event_name":"Fountain of Cleansing","floor":37,"gold_loss":0}],"is_beta":false,"boss_relics":[{"not_picked":["Snecko Eye","Empty Cage"],"picked":"Cursed Key"},{"not_picked":["Coffee Dripper","Velvet Choker"],"picked":"Busted Crown"}],"items_purged_floors":[8,21],"is_endless":false,"potions_floor_spawned":[2,7,11,13,22,24,25,30],"killed_by":"Giant Head","ascension_level":5}