{"gold_per_floor":[111,17,36,111,81,91,91,102,126,138,156,168,184,3,3,104,104,122,122,122,141,105,139,153,9,63,63,63,80,80,99,99,199,199,214,214,16,30,30,30],"floor_reached":40,"playtime":2553,"items_purged":[],"score":425,"play_id":"62708d39-1e77-492d-9022-b6e99efa4a56","local_time":"20181010122127","is_ascension_mode":false,"campfire_choices":[{"data":"Neutralize","floor":7.0,"key":"SMITH"},{"floor":15.0,"key":"REST"},{"floor":28.0,"key":"REST"},{"floor":30.0,"key":"REST"},{"data":"Accuracy","floor":32.0,"key":"SMITH"}],"neow_cost":"NONE","seed_source_timestamp":0,"circlet_count":0,"master_deck":["Defend_G","Defend_G","Defend_G","Survivor","Neutralize+1","Deflect","Accuracy+1","Caltrops","Caltrops","Blade Dance","Phantasmal Killer","Accuracy","Noxious Fumes+1","Bite","Bite","Bite","Bite","Deflect","Deflect+1","Infinite Blades","Terror+1","Accuracy","Corpse Explosion","Venomology","Adrenaline+1","Heel Hook+1","Metamorphosis+1","Footwork","Dramatic Entrance"],"special_seed":0,"relics":["Ring of the Serpent","Happy Flower","Pen Nib","Oddly Smooth Stone","Sundial","Regal Pillow","Tiny Chest","Question Card","Astrolabe","TheAbacus"],"potions_floor_usage":[40,40,40],"damage_taken":[{"damage":1.0,"enemies":"Small Slimes","floor":1.0,"turns":3.0},{"damage":4.0,"enemies":"Cultist","floor":3.0,"turns":4.0},{"damage":5.0,"enemies":"Jaw Worm","floor":6.0,"turns":5.0},{"damage":20.0,"enemies":"Gremlin Gang","floor":8.0,"turns":8.0},{"damage":0.0,"enemies":"Blue Slaver","floor":10.0,"turns":4.0},{"damage":10.0,"enemies":"Large Slime","floor":11.0,"turns":6.0},{"damage":0.0,"enemies":"Gremlin Gang","floor":12.0,"turns":4.0},{"damage":0.0,"enemies":"2 Fungi Beasts","floor":13.0,"turns":4.0},{"damage":40.0,"enemies":"Slime Boss","floor":16.0,"turns":10.0},{"damage":30.0,"enemies":"Spheric Guardian","floor":18.0,"turns":6.0},{"damage":25.0,"enemies":"Chosen","floor":21.0,"turns":6.0},{"damage":24.0,"enemies":"Slavers","floor":23.0,"turns":6.0},{"damage":9.0,"enemies":"Snake Plant","floor":24.0,"turns":5.0},{"damage":23.0,"enemies":"3 Cultists","floor":29.0,"turns":5.0},{"damage":5.0,"enemies":"Shelled Parasite and Fungi","floor":31.0,"turns":6.0},{"damage":52,"enemies":"Champ","floor":33,"turns":8},{"damage":9,"enemies":"3 Shapes","floor":35,"turns":6},{"damage":15,"enemies":"Orb Walker","floor":38,"turns":4},{"damage":46,"enemies":"2 Orb Walkers","floor":40,"turns":3}],"seed_played":"-6714431075675509936","potions_obtained":[{"floor":3.0,"key":"Dexterity Potion"},{"floor":5.0,"key":"Ancient Potion"},{"floor":5.0,"key":"Strength Potion"},{"floor":12.0,"key":"AttackPotion"},{"floor":13.0,"key":"Strength Potion"},{"floor":16.0,"key":"Swift Potion"},{"floor":18.0,"key":"Block Potion"},{"floor":21.0,"key":"Poison Potion"},{"floor":23.0,"key":"EssenceOfSteel"},{"floor":24.0,"key":"Swift Potion"},{"floor":33,"key":"Ancient Potion"}],"is_trial":false,"path_per_floor":["M","?","M","?","?","M","R","M","T","M","M","M","M","$","R","B",null,"M","?","?","M","$","E","M","$","T","T","R","M","R","M","R","B",null,"M","?","$","M","$"],"character_chosen":"THE_SILENT","items_purchased":["Oddly Smooth Stone","Accuracy","Infinite Blades","Regal Pillow","TheAbacus"],"campfire_rested":3,"item_purchase_floors":[14,14,22,25,37],"current_hp_per_floor":[69,69,65,58,58,53,53,33,33,33,23,23,23,23,44,4,70,40,40,40,25,25,3,4,4,4,4,33,14,43,49,49,7,49,40,40,40,31,31,0],"gold":30,"neow_bonus":"REMOVE_CARD","is_prod":false,"is_daily":false,"chose_seed":false,"campfire_upgraded":2,"win_rate":0,"timestamp":1539199287,"path_taken":["M","?","?","?","?","M","R","?","T","M","M","?","M","?","R","BOSS","M","?","?","M","$","E","M","$","T","?","R","?","R","M","R","BOSS","M","?","?","M","$","E"],"build_version":"2018-10-04v2","purchased_purges":0,"victory":false,"max_hp_per_floor":[70,70,70,70,70,70,70,70,70,70,70,70,70,70,70,70,70,70,49,49,49,49,49,49,49,49,49,49,49,49,49,49,49,49,49,49,49,49,49,49],"card_choices":[{"not_picked":["Deadly Poison","Slice"],"picked":"Deflect","floor":1.0},{"not_picked":["Underhanded Strike","Well Laid Plans"],"picked":"Accuracy","floor":3.0},{"not_picked":["Predator","Quick Slash","Poisoned Stab"],"picked":"SKIP","floor":6.0},{"not_picked":["PiercingWail","Deadly Poison"],"picked":"Caltrops","floor":8.0},{"not_picked":["Bouncing Flask","Bane"],"picked":"Caltrops","floor":10.0},{"not_picked":["Outmaneuver","Poisoned Stab"],"picked":"Blade Dance","floor":11.0},{"not_picked":["Bane","Sucker Punch","Poisoned Stab"],"picked":"SKIP","floor":12.0},{"not_picked":["Catalyst","Crippling Poison"],"picked":"Phantasmal Killer","floor":13.0},{"not_picked":["Footwork","Caltrops"],"picked":"Noxious Fumes+1","floor":18.0},{"not_picked":["Acrobatics","Quick Slash"],"picked":"Deflect+1","floor":21.0},{"not_picked":["Slice","Dodge and Roll"],"picked":"Terror+1","floor":23.0},{"not_picked":["Deadly Poison","Sucker Punch"],"picked":"Accuracy","floor":24.0},{"not_picked":["Poisoned Stab+1","All Out Attack","Masterful Stab","Calculated Gamble"],"picked":"SKIP","floor":29.0},{"not_picked":["Reflex+1","Accuracy","Blade Dance"],"picked":"Corpse Explosion","floor":31.0},{"not_picked":["Malaise","Glass Knife","After Image"],"picked":"Venomology","floor":33},{"not_picked":["All Out Attack","Bane+1","Dagger Throw"],"picked":"Footwork","floor":35},{"not_picked":["Chrysalis","Swift Strike","Magnetism"],"picked":"Dramatic Entrance","floor":36},{"not_picked":["Underhanded Strike+1","Caltrops","Dagger Throw+1","Slice"],"picked":"SKIP","floor":38},{"not_picked":["Underhanded Strike+1","Caltrops","Dagger Throw+1","Slice"],"picked":"SKIP","floor":38}],"player_experience":351426,"relics_obtained":[{"floor":9.0,"key":"Pen Nib"},{"floor":23.0,"key":"Sundial"},{"floor":26.0,"key":"Tiny Chest"},{"floor":27.0,"key":"Question Card"}],"event_choices":[{"event_name":"WeMeetAgain","player_choice":"Gold","floor":2.0,"damage_taken":0.0},{"event_name":"FaceTrader","player_choice":"Touch","floor":4.0,"damage_taken":0.0},{"event_name":"The Woman in Blue","player_choice":"Bought 2 Potions","floor":5.0,"damage_taken":0.0},{"event_name":"Vampires","player_choice":"Became a vampire","floor":19.0,"damage_taken":0.0},{"event_name":"The Library","player_choice":"Read","floor":20.0,"damage_taken":0.0},{"event_name":"SensoryStone","player_choice":"Memory 1","floor":36,"damage_taken":0}],"is_beta":false,"boss_relics":[{"not_picked":["Coffee Dripper","Black Star"],"picked":"Ring of the Serpent"},{"not_picked":["White Beast Statue","Pandora\u0027s Box"],"picked":"Astrolabe"}],"items_purged_floors":[],"is_endless":false,"potions_floor_spawned":[3,10,12,13,16,18,21,23,24,33,38],"killed_by":"2 Orb Walkers","ascension_level":0}