{"gold_per_floor":[217,72,88,88,108,108,137,137,191,204,204,214,224,251,251,356,356,367,383,383,383,383,383,408,408,408,408,66,66,66,86,86,188,188,200,219,619,492,492,547,567,567,567,567,44,44,61,93,93,93],"floor_reached":51,"playtime":2733,"items_purged":["Strike_R","Strike_R"],"score":1069,"play_id":"7ffb33b6-ca86-45ee-8c03-d53dc3935d30","local_time":"20190803030312","is_ascension_mode":true,"campfire_choices":[{"data":"Bash","floor":6,"key":"SMITH"},{"data":"Immolate","floor":8,"key":"SMITH"},{"data":"Iron Wave","floor":11,"key":"SMITH"},{"data":"Clothesline","floor":15,"key":"SMITH"},{"data":"Demon Form","floor":23,"key":"SMITH"},{"floor":25,"key":"REST"},{"data":"Sword Boomerang","floor":30,"key":"SMITH"},{"data":"Uppercut","floor":32,"key":"SMITH"},{"floor":46,"key":"REST"},{"floor":49,"key":"REST"}],"neow_cost":"NONE","seed_source_timestamp":60673707462539,"circlet_count":0,"master_deck":["Defend_R","Defend_R","Defend_R","Defend_R","Bash+1","Anger","Iron Wave+1","Sword Boomerang+1","Dropkick","Immolate+1","Clothesline+1","Demon Form+1","Headbutt","Combust","Thunderclap","Warcry+1","RitualDagger","Disarm","Uppercut+1","Juggernaut","Shrug It Off","Discovery","Rupture","Twin Strike"],"relics":["Burning Blood","Red Skull","Bronze Scales","Sundial","Busted Crown","Enchiridion","PreservedInsect","Mummified Hand","Lee\u0027s Waffle","Fusion Hammer","Old Coin","Tiny Chest","Bird Faced Urn","StoneCalendar","Anchor"],"potions_floor_usage":[5,7,7,13,19,24,33,40,47,48,50,50,50],"damage_taken":[{"damage":6,"enemies":"Cultist","floor":1,"turns":3},{"damage":2,"enemies":"Jaw Worm","floor":3,"turns":3},{"damage":2,"enemies":"2 Louse","floor":5,"turns":3},{"damage":10,"enemies":"Lagavulin","floor":7,"turns":4},{"damage":6,"enemies":"Blue Slaver","floor":10,"turns":3},{"damage":8,"enemies":"Large Slime","floor":12,"turns":4},{"damage":5,"enemies":"3 Louse","floor":13,"turns":2},{"damage":18,"enemies":"3 Sentries","floor":14,"turns":4},{"damage":27,"enemies":"Hexaghost","floor":16,"turns":10},{"damage":12,"enemies":"Shell Parasite","floor":18,"turns":4},{"damage":2,"enemies":"2 Thieves","floor":19,"turns":3},{"damage":30,"enemies":"Slavers","floor":24,"turns":2},{"damage":18,"enemies":"Centurion and Healer","floor":31,"turns":3},{"damage":45,"enemies":"Champ","floor":33,"turns":7},{"damage":7,"enemies":"Orb Walker","floor":35,"turns":2},{"damage":17,"enemies":"3 Darklings","floor":36,"turns":3},{"damage":0,"enemies":"Mind Bloom Boss Battle","floor":37,"turns":5},{"damage":38,"enemies":"Nemesis","floor":40,"turns":5},{"damage":37,"enemies":"Sphere and 2 Shapes","floor":41,"turns":4},{"damage":6,"enemies":"Transient","floor":47,"turns":5},{"damage":28,"enemies":"Giant Head","floor":48,"turns":5},{"damage":45,"enemies":"Awakened One","floor":50,"turns":6}],"seed_played":"-7766224925926994744","potions_obtained":[{"floor":5,"key":"Fruit Juice"},{"floor":7,"key":"Explosive Potion"},{"floor":13,"key":"BloodPotion"},{"floor":16,"key":"Block Potion"},{"floor":19,"key":"Regen Potion"},{"floor":37,"key":"Weak Potion"},{"floor":40,"key":"SteroidPotion"},{"floor":41,"key":"Explosive Potion"},{"floor":47,"key":"Weak Potion"},{"floor":48,"key":"EssenceOfSteel"}],"is_trial":false,"path_per_floor":["M","$","M","?","M","R","E","R","T","M","R","M","M","E","R","B",null,"M","M","?","?","?","R","E","R","T","?","$","?","R","M","R","B",null,"M","M","?","$","?","E","M","?","T","?","$","R","M","E","R","B",null],"character_chosen":"IRONCLAD","items_purchased":["Fire Potion","PowerPotion","Iron Wave","Lee\u0027s Waffle","Disarm","Shrug It Off","BloodPotion","Rupture","Strength Potion","StoneCalendar","Twin Strike"],"campfire_rested":3,"item_purchase_floors":[2,2,2,28,28,38,45,45,45,45,45],"current_hp_per_floor":[72,72,76,76,85,85,81,81,81,81,81,79,80,68,68,47,76,70,74,74,74,58,58,39,64,64,58,92,92,92,80,80,64,85,84,73,79,79,79,47,16,16,16,16,16,43,51,62,89,59],"gold":93,"neow_bonus":"HUNDRED_GOLD","is_prod":false,"is_daily":false,"chose_seed":false,"campfire_upgraded":7,"win_rate":0,"timestamp":1564794192,"path_taken":["M","$","?","?","M","R","E","R","T","M","R","M","M","E","R","BOSS","M","M","?","?","?","R","E","R","T","?","$","?","R","?","R","BOSS","M","M","?","$","?","E","M","?","T","?","$","R","M","E","R","BOSS"],"build_version":"2019-07-17","purchased_purges":2,"victory":true,"max_hp_per_floor":[80,80,80,80,85,85,85,85,85,85,85,85,85,85,85,85,85,85,85,85,85,85,85,85,85,85,85,92,92,92,92,92,92,92,92,92,92,92,92,92,92,92,92,92,92,92,92,92,92,92],"card_choices":[{"not_picked":["Havoc","Ghostly Armor"],"picked":"Anger","floor":1},{"not_picked":["Havoc","Armaments"],"picked":"Sword Boomerang","floor":3},{"not_picked":["Perfected Strike","Seeing Red","Anger"],"picked":"SKIP","floor":5},{"not_picked":["Twin Strike","Cleave"],"picked":"Immolate","floor":7},{"not_picked":["Thunderclap","Sever Soul","Perfected Strike"],"picked":"SKIP","floor":10},{"not_picked":["Sentinel","Havoc","Carnage"],"picked":"SKIP","floor":12},{"not_picked":["Thunderclap","Flex"],"picked":"Clothesline","floor":13},{"not_picked":["Cleave","Clothesline","Seeing Red"],"picked":"SKIP","floor":14},{"not_picked":["Berserk","Brutality"],"picked":"Demon Form","floor":16},{"not_picked":["Clash"],"picked":"SKIP","floor":18},{"not_picked":[],"picked":"Headbutt","floor":19},{"not_picked":[],"picked":"Warcry+1","floor":24},{"not_picked":[],"picked":"Uppercut","floor":31},{"not_picked":[],"picked":"Juggernaut","floor":33},{"not_picked":[],"picked":"Warcry+1","floor":35},{"not_picked":["Rage+1"],"picked":"SKIP","floor":36},{"not_picked":["Intimidate"],"picked":"SKIP","floor":40},{"not_picked":["Clothesline"],"picked":"SKIP","floor":41},{"not_picked":[],"picked":"Discovery","floor":42},{"not_picked":["Anger+1"],"picked":"SKIP","floor":47},{"not_picked":["Body Slam+1"],"picked":"SKIP","floor":48}],"player_experience":704603,"relics_obtained":[{"floor":7,"key":"Red Skull"},{"floor":9,"key":"Bronze Scales"},{"floor":14,"key":"Sundial"},{"floor":22,"key":"Enchiridion"},{"floor":24,"key":"PreservedInsect"},{"floor":26,"key":"Mummified Hand"},{"floor":37,"key":"Old Coin"},{"floor":40,"key":"Tiny Chest"},{"floor":43,"key":"Bird Faced Urn"},{"floor":48,"key":"Anchor"}],"event_choices":[{"damage_healed":0,"gold_gain":0,"cards_transformed":["Strike_R"],"player_choice":"Transformed","damage_taken":0,"max_hp_gain":0,"max_hp_loss":0,"event_name":"Transmorgrifier","floor":4,"gold_loss":0,"cards_obtained":["Dropkick"]},{"damage_healed":0,"gold_gain":0,"cards_transformed":["Strike_R","Strike_R"],"player_choice":"Became Test Subject","damage_taken":0,"max_hp_gain":0,"max_hp_loss":0,"event_name":"Drug Dealer","floor":20,"gold_loss":0,"cards_obtained":["Combust","Thunderclap"]},{"damage_healed":0,"gold_gain":0,"player_choice":"Ignored","damage_taken":0,"max_hp_gain":0,"max_hp_loss":0,"event_name":"Ghosts","floor":21,"gold_loss":0},{"damage_healed":0,"gold_gain":0,"player_choice":"Obtained Book","damage_taken":16,"max_hp_gain":0,"max_hp_loss":0,"event_name":"Cursed Tome","floor":22,"gold_loss":0},{"damage_healed":0,"gold_gain":0,"player_choice":"Joined the Cult","damage_taken":6,"max_hp_gain":0,"max_hp_loss":0,"event_name":"Nest","floor":27,"gold_loss":0,"cards_obtained":["RitualDagger"]},{"damage_healed":0,"gold_gain":0,"player_choice":"Ignored","damage_taken":0,"max_hp_gain":0,"max_hp_loss":0,"event_name":"Vampires","floor":29,"gold_loss":0},{"damage_healed":0,"gold_gain":0,"player_choice":"Fight","damage_taken":0,"max_hp_gain":0,"max_hp_loss":0,"event_name":"MindBloom","floor":37,"gold_loss":0},{"cards_removed":["Warcry"],"damage_healed":0,"gold_gain":0,"player_choice":"Removed Skill","damage_taken":0,"max_hp_gain":0,"max_hp_loss":0,"event_name":"Falling","floor":39,"gold_loss":0},{"damage_healed":0,"gold_gain":0,"player_choice":"Memory 1","damage_taken":0,"max_hp_gain":0,"max_hp_loss":0,"event_name":"SensoryStone","floor":42,"gold_loss":0},{"damage_healed":0,"gold_gain":0,"player_choice":"Ignored","damage_taken":0,"max_hp_gain":0,"max_hp_loss":0,"event_name":"Tomb of Lord Red Mask","floor":44,"gold_loss":0}],"is_beta":false,"boss_relics":[{"not_picked":["Runic Cube","Empty Cage"],"picked":"Busted Crown"},{"not_picked":["Pandora\u0027s Box","Velvet Choker"],"picked":"Fusion Hammer"}],"items_purged_floors":[28,38],"is_endless":false,"potions_floor_spawned":[5,7,13,16,19,37,40,41,47,48],"ascension_level":7}