{"gold_per_floor":[215,290,370,370,225,264,264,300,354,367,385,350,50,66,66,185,185,165,165,165,181,199,238,238,238,263,284,308,76,76,99,99,218,218,231,231,231,256,99,99,132,132,159,184,49,0,63,106,106,106,106,106,2,43,43],"floor_reached":56,"playtime":5179,"items_purged":["Strike_R","Strike_R"],"score":1256,"play_id":"0cbc6155-548b-4b9f-a3fd-d8fd0a032f7f","local_time":"20190804005430","is_ascension_mode":false,"campfire_choices":[{"floor":7,"key":"REST"},{"data":"True Grit","floor":15,"key":"SMITH"},{"floor":24,"key":"REST"},{"data":"Armaments","floor":32,"key":"SMITH"},{"floor":40,"key":"RECALL"},{"floor":42,"key":"REST"},{"floor":49,"key":"REST"},{"floor":52,"key":"REST"}],"neow_cost":"NONE","seed_source_timestamp":175471069049565,"circlet_count":0,"master_deck":["Strike_R","Strike_R","Strike_R","Defend_R","Defend_R","Defend_R","Defend_R","Bash","Feel No Pain","Armaments+1","Clash","Flame Barrier","Seeing Red","True Grit+1","Body Slam","Offering","Carnage+1","Seeing Red","Clothesline","Flame Barrier","Juggernaut","Madness","Madness","Inflame","Feel No Pain","Spot Weakness+1","Shrug It Off"],"relics":["Burning Blood","Letter Opener","Golden Idol","PreservedInsect","Turnip","Blood Vial","Tiny Chest","Paper Frog","Runic Pyramid","Red Skull","Regal Pillow","Nunchaku","Bag of Preparation","Bronze Scales","Fusion Hammer","Art of War","Lantern","Red Mask","Bird Faced Urn","Self Forming Clay","Sundial"],"potions_floor_usage":[16,18,23,28,33,41,50,54,55],"damage_taken":[{"damage":1,"enemies":"Jaw Worm","floor":1,"turns":3},{"damage":31,"enemies":"Lagavulin","floor":6,"turns":6},{"damage":26,"enemies":"3 Sentries","floor":8,"turns":12},{"damage":0,"enemies":"Small Slimes","floor":10,"turns":3},{"damage":0,"enemies":"2 Louse","floor":11,"turns":4},{"damage":2,"enemies":"Blue Slaver","floor":14,"turns":5},{"damage":54,"enemies":"Slime Boss","floor":16,"turns":14},{"damage":19,"enemies":"2 Thieves","floor":18,"turns":5},{"damage":11,"enemies":"Spheric Guardian","floor":21,"turns":3},{"damage":11,"enemies":"Centurion and Healer","floor":22,"turns":8},{"damage":32,"enemies":"Book of Stabbing","floor":23,"turns":5},{"damage":24,"enemies":"3 Cultists","floor":27,"turns":7},{"damage":17,"enemies":"Shelled Parasite and Fungi","floor":28,"turns":4},{"damage":10,"enemies":"Centurion and Healer","floor":31,"turns":7},{"damage":63,"enemies":"Champ","floor":33,"turns":16},{"damage":14,"enemies":"Orb Walker","floor":35,"turns":3},{"damage":12,"enemies":"3 Darklings","floor":38,"turns":3},{"damage":26,"enemies":"Reptomancer","floor":41,"turns":4},{"damage":9,"enemies":"Writhing Mass","floor":44,"turns":3},{"damage":12,"enemies":"2 Orb Walkers","floor":47,"turns":4},{"damage":6,"enemies":"Giant Head","floor":48,"turns":7},{"damage":73,"enemies":"Awakened One","floor":50,"turns":12},{"damage":6,"enemies":"Shield and Spear","floor":54,"turns":5},{"damage":111,"enemies":"The Heart","floor":55,"turns":10}],"seed_played":"-6130589569254228211","potions_obtained":[{"floor":8,"key":"Block Potion"},{"floor":14,"key":"FairyPotion"},{"floor":16,"key":"PowerPotion"},{"floor":18,"key":"EssenceOfSteel"},{"floor":23,"key":"Poison Potion"},{"floor":31,"key":"BloodPotion"},{"floor":35,"key":"PowerPotion"},{"floor":47,"key":"AttackPotion"},{"floor":54,"key":"Ancient Potion"}],"is_trial":false,"path_per_floor":["M","?","T","?","$","E","R","E","T","M","M","?","$","M","R","B",null,"M","?","?","M","M","E","R","T","T","M","M","$","?","M","R","B",null,"M","?","?","M","$","R","E","R","T","M","$","?","?","E","R","B",null,"R","$","E","B",null],"character_chosen":"IRONCLAD","items_purchased":["PreservedInsect","Paper Frog","True Grit","Bronze Scales","Art of War","Feel No Pain","SpeedPotion","Shrug It Off"],"campfire_rested":5,"item_purchase_floors":[5,13,13,29,39,45,53,53],"current_hp_per_floor":[80,69,69,49,49,24,48,28,28,36,44,64,64,70,70,24,80,67,67,67,64,61,37,76,76,76,60,51,51,51,49,49,14,80,72,62,62,58,58,58,40,79,79,77,77,77,73,80,80,19,80,80,80,80,11],"gold":43,"neow_bonus":"HUNDRED_GOLD","is_prod":false,"is_daily":false,"chose_seed":false,"campfire_upgraded":2,"win_rate":0,"timestamp":1564898070,"path_taken":["M","?","?","?","$","E","R","E","T","M","M","?","$","M","R","BOSS","M","?","?","M","M","E","R","?","T","M","?","$","?","?","R","BOSS","M","?","?","M","$","R","E","R","T","?","?","?","?","E","R","BOSS","R","$","E","BOSS"],"build_version":"2019-07-17","purchased_purges":2,"victory":true,"max_hp_per_floor":[80,80,80,80,80,80,80,80,80,80,80,80,80,80,80,80,80,80,80,80,80,80,80,80,80,80,80,80,80,80,80,80,80,80,80,80,80,80,80,80,80,80,80,80,80,80,80,80,80,80,80,80,80,80,80],"card_choices":[{"not_picked":["Thunderclap","Shrug It Off"],"picked":"Feel No Pain","floor":1},{"not_picked":["Wild Strike","Warcry"],"picked":"Armaments","floor":6},{"not_picked":["Cleave","Shockwave"],"picked":"Clash","floor":8},{"not_picked":["Whirlwind","Dual Wield"],"picked":"Flame Barrier","floor":10},{"not_picked":["Clash","Perfected Strike"],"picked":"Seeing Red","floor":11},{"not_picked":["Thunderclap","Cleave"],"picked":"Body Slam","floor":14},{"not_picked":["Brutality","Feed"],"picked":"Offering","floor":16},{"not_picked":["Shockwave","Bloodletting"],"picked":"Carnage+1","floor":18},{"not_picked":["Anger","Cleave","Shockwave"],"picked":"SKIP","floor":21},{"not_picked":["Twin Strike+1","Clash+1"],"picked":"Seeing Red","floor":22},{"not_picked":["Reckless Charge+1","Bloodletting+1"],"picked":"Clothesline","floor":23},{"not_picked":["Second Wind+1","Flex","Fiend Fire"],"picked":"SKIP","floor":27},{"not_picked":["Pummel","Clothesline","Wild Strike+1"],"picked":"SKIP","floor":28},{"not_picked":["Anger","Heavy Blade","Pommel Strike"],"picked":"SKIP","floor":31},{"not_picked":["Bludgeon","Impervious"],"picked":"Juggernaut","floor":33},{"not_picked":["Pommel Strike+1","Clothesline+1"],"picked":"Fire Breathing+1","floor":35},{"not_picked":["Thunderclap+1","Dropkick+1"],"picked":"Inflame","floor":38},{"not_picked":["Flex+1","Bloodletting","Searing Blow"],"picked":"SKIP","floor":41},{"not_picked":["Warcry","Armaments+1","Entrench"],"picked":"SKIP","floor":44},{"not_picked":["Cleave","Headbutt"],"picked":"Spot Weakness+1","floor":47},{"not_picked":["Anger+1","Cleave","Uppercut+1"],"picked":"SKIP","floor":48},{"not_picked":["Twin Strike","Shrug It Off","Havoc+1"],"picked":"SKIP","floor":54}],"player_experience":608361,"relics_obtained":[{"floor":3,"key":"Letter Opener"},{"floor":6,"key":"Turnip"},{"floor":8,"key":"Blood Vial"},{"floor":9,"key":"Tiny Chest"},{"floor":23,"key":"Regal Pillow"},{"floor":25,"key":"Nunchaku"},{"floor":26,"key":"Bag of Preparation"},{"floor":41,"key":"Lantern"},{"floor":47,"key":"Bird Faced Urn"},{"floor":48,"key":"Self Forming Clay"},{"floor":54,"key":"Sundial"}],"event_choices":[{"damage_healed":0,"gold_gain":75,"player_choice":"Gather Gold","damage_taken":11,"max_hp_gain":0,"max_hp_loss":0,"event_name":"World of Goop","floor":2,"gold_loss":0},{"damage_healed":0,"gold_gain":0,"player_choice":"Take Damage","damage_taken":20,"relics_obtained":["Golden Idol"],"max_hp_gain":0,"max_hp_loss":0,"event_name":"Golden Idol","floor":4,"gold_loss":0},{"damage_healed":20,"gold_gain":0,"player_choice":"Healed","damage_taken":0,"max_hp_gain":0,"max_hp_loss":0,"event_name":"The Cleric","floor":12,"gold_loss":35},{"damage_healed":0,"gold_gain":0,"player_choice":"Ignored","damage_taken":0,"max_hp_gain":0,"max_hp_loss":0,"event_name":"Vampires","floor":19,"gold_loss":0},{"damage_healed":0,"gold_gain":0,"player_choice":"Opened","damage_taken":0,"relics_obtained":["Red Skull"],"max_hp_gain":0,"max_hp_loss":0,"event_name":"The Mausoleum","floor":20,"gold_loss":0},{"damage_healed":0,"gold_gain":0,"player_choice":"Copied","damage_taken":0,"max_hp_gain":0,"max_hp_loss":0,"event_name":"Duplicator","floor":30,"gold_loss":0,"cards_obtained":["Flame Barrier"]},{"damage_healed":0,"gold_gain":0,"player_choice":"Embrace Madness","damage_taken":10,"max_hp_gain":0,"max_hp_loss":0,"event_name":"Winding Halls","floor":36,"gold_loss":0,"cards_obtained":["Madness","Madness"]},{"cards_removed":["Fire Breathing"],"damage_healed":0,"gold_gain":0,"player_choice":"Removed Power","damage_taken":0,"max_hp_gain":0,"max_hp_loss":0,"event_name":"Falling","floor":37,"gold_loss":0},{"damage_healed":0,"gold_gain":0,"player_choice":"Paid","damage_taken":0,"relics_obtained":["Red Mask"],"max_hp_gain":0,"max_hp_loss":0,"event_name":"Tomb of Lord Red Mask","floor":46,"gold_loss":49},{"damage_healed":0,"gold_gain":0,"player_choice":"Fight","damage_taken":0,"max_hp_gain":0,"max_hp_loss":0,"event_name":"Mysterious Sphere","floor":47,"gold_loss":0}],"is_beta":false,"boss_relics":[{"not_picked":["Calling Bell","Tiny House"],"picked":"Runic Pyramid"},{"not_picked":["Empty Cage","Pandora\u0027s Box"],"picked":"Fusion Hammer"}],"items_purged_floors":[29,45],"is_endless":false,"potions_floor_spawned":[8,14,16,18,23,31,35,47,54],"ascension_level":0}