{"gold_per_floor":[109,122,179,193,203,203,223,239,239,539,569,569,569,579,579,676,676,692,692,705,719,719,719,735,735,809,823,848,29,29,29,29,126,126,140,140,140],"floor_reached":37,"playtime":1456,"items_purged":["Strike_G"],"score":538,"play_id":"4815103e-6a3a-4d30-9b36-2da3019d7dff","local_time":"20181102143407","is_ascension_mode":true,"campfire_choices":[{"data":"All Out Attack","floor":6.0,"key":"SMITH"},{"floor":13.0,"key":"REST"},{"data":"Sucker Punch","floor":15.0,"key":"SMITH"},{"floor":23,"key":"REST"},{"floor":25,"key":"REST"},{"floor":32,"key":"REST"}],"neow_cost":"NONE","seed_source_timestamp":6671075651174,"circlet_count":0,"master_deck":["Defend_G","Defend_G","Defend_G","Defend_G","Strike_G+1","Strike_G","Strike_G","Strike_G+1","Survivor","Neutralize","Finesse","Sucker Punch+1","All Out Attack+1","Blur","Caltrops","Prepared","Backflip","After Image","Terror","Leg Sweep+1","Well Laid Plans","Caltrops","Footwork","The Bomb+1","Dagger Throw","A Thousand Cuts"],"special_seed":0,"relics":["Ring of the Snake","Blue Candle","Old Coin","Ninja Scroll","Velvet Choker","Toxic Egg 2","MawBank","Bag of Preparation","Happy Flower","PrismaticShard","Whetstone","WristBlade","Matryoshka"],"potions_floor_usage":[22,22,33],"damage_taken":[{"damage":1.0,"enemies":"Small Slimes","floor":1.0,"turns":4.0},{"damage":0.0,"enemies":"Jaw Worm","floor":2.0,"turns":5.0},{"damage":0.0,"enemies":"2 Louse","floor":4.0,"turns":3.0},{"damage":4.0,"enemies":"Red Slaver","floor":5.0,"turns":4.0},{"damage":0.0,"enemies":"3 Louse","floor":7.0,"turns":1.0},{"damage":9.0,"enemies":"Exordium Wildlife","floor":8.0,"turns":3.0},{"damage":13.0,"enemies":"Lagavulin","floor":11.0,"turns":5.0},{"damage":2.0,"enemies":"Blue Slaver","floor":14.0,"turns":3.0},{"damage":27.0,"enemies":"Hexaghost","floor":16.0,"turns":12.0},{"damage":14.0,"enemies":"Chosen","floor":18.0,"turns":6.0},{"damage":16.0,"enemies":"Spheric Guardian","floor":20.0,"turns":4.0},{"damage":10.0,"enemies":"Snake Plant","floor":21.0,"turns":4.0},{"damage":4,"enemies":"Colosseum Slavers","floor":22,"turns":6},{"damage":5,"enemies":"Centurion and Healer","floor":24,"turns":12},{"damage":8,"enemies":"Shelled Parasite and Fungi","floor":27,"turns":7},{"damage":55,"enemies":"Automaton","floor":33,"turns":14},{"damage":42,"enemies":"3 Darklings","floor":35,"turns":4},{"damage":15,"enemies":"3 Shapes","floor":37,"turns":1}],"seed_played":"-535265555362905262","potions_obtained":[{"floor":5.0,"key":"SkillPotion"},{"floor":7.0,"key":"Poison Potion"},{"floor":8.0,"key":"FearPotion"},{"floor":11.0,"key":"Fire Potion"},{"floor":14.0,"key":"FearPotion"},{"floor":21.0,"key":"Block Potion"},{"floor":24,"key":"SkillPotion"},{"floor":33,"key":"Explosive Potion"}],"is_trial":false,"path_per_floor":["M","M","?","M","M","R","M","M","T","?","E","?","R","M","R","B",null,"M","?","M","M","?","R","M","R","T","M","T","$","?","T","R","B",null,"M","T","M"],"character_chosen":"THE_SILENT","items_purchased":["Footwork","Bag of Preparation","The Bomb+1","Happy Flower","PrismaticShard","Dagger Throw"],"campfire_rested":4,"item_purchase_floors":[29,29,29,29,29,29],"current_hp_per_floor":[62,62,62,62,58,58,58,49,49,42,29,29,50,48,48,21,58,44,44,28,18,14,35,30,51,51,43,43,43,43,43,64,9,55,13,13,0],"gold":140,"neow_bonus":"RANDOM_COLORLESS","is_prod":false,"is_daily":false,"chose_seed":false,"campfire_upgraded":2,"win_rate":0,"timestamp":1541158447,"path_taken":["M","M","?","M","M","R","M","M","T","?","E","?","R","M","R","BOSS","M","?","?","M","?","R","M","R","T","M","?","?","?","?","R","BOSS","M","?","M"],"build_version":"2018-11-01","purchased_purges":1,"victory":false,"max_hp_per_floor":[70,70,70,70,70,70,70,70,70,70,70,70,70,70,70,70,70,70,70,70,70,70,70,70,70,70,70,70,70,70,70,70,70,70,70,70,70],"card_choices":[{"not_picked":["Acrobatics","Poisoned Stab"],"picked":"Sucker Punch","floor":1.0},{"not_picked":["Flechettes","Reflex"],"picked":"All Out Attack","floor":2.0},{"not_picked":["Outmaneuver","Slice"],"picked":"Blur","floor":4.0},{"not_picked":["Underhanded Strike","Tools of the Trade"],"picked":"Caltrops","floor":5.0},{"not_picked":["Slice","Quick Slash"],"picked":"Prepared","floor":7.0},{"not_picked":["Cloak And Dagger","Acrobatics"],"picked":"Backflip","floor":8.0},{"not_picked":["Endless Agony","Distraction","Poisoned Stab"],"picked":"SKIP","floor":11.0},{"not_picked":["Cloak And Dagger","Deflect","Slice"],"picked":"SKIP","floor":14.0},{"not_picked":["Storm of Steel","Night Terror"],"picked":"After Image","floor":16.0},{"not_picked":["Bane+1","Acrobatics"],"picked":"Terror","floor":18.0},{"not_picked":["Finisher","Flechettes","Slice"],"picked":"SKIP","floor":20.0},{"not_picked":["Poisoned Stab","Outmaneuver"],"picked":"Leg Sweep+1","floor":21.0},{"not_picked":["Flying Knee+1","Sucker Punch+1"],"picked":"Well Laid Plans","floor":24},{"not_picked":["Dagger Spray","Underhanded Strike"],"picked":"Caltrops","floor":27},{"not_picked":["The Bomb+1","Seek+1"],"picked":"A Thousand Cuts","floor":33},{"not_picked":["Gash","Dagger Throw+1","Backflip+1"],"picked":"SKIP","floor":35}],"player_experience":492920,"relics_obtained":[{"floor":9.0,"key":"Blue Candle"},{"floor":11.0,"key":"Ninja Scroll"},{"floor":26,"key":"Toxic Egg 2"},{"floor":28,"key":"MawBank"},{"floor":31,"key":"Whetstone"},{"floor":36,"key":"Matryoshka"}],"event_choices":[{"damage_healed":0.0,"max_hp_gain":0.0,"max_hp_loss":0.0,"gold_gain":57.0,"event_name":"Golden Wing","player_choice":"Gained Gold","floor":3.0,"gold_loss":0.0,"damage_taken":0.0},{"damage_healed":0.0,"max_hp_gain":0.0,"max_hp_loss":0.0,"gold_gain":0.0,"event_name":"Scrap Ooze","player_choice":"Success","floor":10.0,"gold_loss":0.0,"damage_taken":7.0,"relics_obtained":["Old Coin"]},{"cards_removed":["Defend_G"],"damage_healed":0.0,"max_hp_gain":0.0,"max_hp_loss":0.0,"gold_gain":0.0,"event_name":"Wheel of Change","player_choice":"Card Removal","floor":12.0,"gold_loss":0.0,"damage_taken":0.0},{"damage_healed":0.0,"max_hp_gain":0.0,"max_hp_loss":0.0,"gold_gain":0.0,"event_name":"FaceTrader","player_choice":"Leave","floor":19.0,"gold_loss":0.0,"damage_taken":0.0},{"damage_healed":0,"gold_gain":0,"player_choice":"Fight","damage_taken":0,"max_hp_gain":0,"max_hp_loss":0,"event_name":"Colosseum","floor":22,"gold_loss":0},{"damage_healed":0,"gold_gain":0,"player_choice":"Fled From Nobs","damage_taken":0,"max_hp_gain":0,"max_hp_loss":0,"event_name":"Colosseum","floor":22,"gold_loss":0},{"damage_healed":0,"gold_gain":0,"player_choice":"Ignored","damage_taken":0,"max_hp_gain":0,"max_hp_loss":0,"event_name":"Beggar","floor":30,"gold_loss":0}],"is_beta":false,"boss_relics":[{"not_picked":["Empty Cage","Tiny House"],"picked":"Velvet Choker"},{"not_picked":["Runic Dome","Philosopher\u0027s Stone"],"picked":"WristBlade"}],"items_purged_floors":[29],"is_endless":false,"potions_floor_spawned":[5,7,8,11,14,20,21,22,24,33],"killed_by":"3 Shapes","ascension_level":9}