{"gold_per_floor":[113,16,27,46,62,97,97,109,109,19,194,227,1,13,13,108,108,79,112,127,147,147,176,176,193,264,298,308,338,351,367,367,367],"floor_reached":33,"playtime":2599,"items_purged":[],"score":371,"play_id":"e0df8f52-24bb-4678-9f48-456971bf3361","local_time":"20180729063957","is_ascension_mode":false,"campfire_choices":[{"data":"Static Discharge","floor":7.0,"key":"SMITH"},{"floor":15.0,"key":"REST"},{"floor":24.0,"key":"REST"},{"data":"Redo","floor":32,"key":"SMITH"}],"neow_cost":"NONE","seed_source_timestamp":0,"circlet_count":0,"master_deck":["Strike_B","Strike_B","Strike_B","Strike_B","Defend_B","Defend_B","Defend_B","Zap","Dualcast","Barrage","Steam","Static Discharge+1","Hologram","BootSequence","Chill","Melter","Streamline","Storm","Genetic Algorithm","Beam Cell","Doubt","Self Repair","Heatsinks","Compile Driver","Ball Lightning","Machine Learning","Coolheaded+1","Scrape+1","Beam Cell","Stack","Defragment+1","Stack+1","Fission","Streamline+1","Conserve Battery+1","Biased Cognition","Redo+1"],"special_seed":0,"relics":["FrozenCore","Vajra","Dodecahedron","Pear","Potion Belt","Red Mask","Juzu Bracelet","Mummified Hand","Peace Pipe","Centennial Puzzle"],"potions_floor_usage":[33,33],"damage_taken":[{"damage":1.0,"enemies":"Cultist","floor":1.0,"turns":3.0},{"damage":5.0,"enemies":"Jaw Worm","floor":3.0,"turns":4.0},{"damage":2.0,"enemies":"Small Slimes","floor":4.0,"turns":3.0},{"damage":4.0,"enemies":"3 Louse","floor":5.0,"turns":3.0},{"damage":5.0,"enemies":"3 Sentries","floor":6.0,"turns":9.0},{"damage":0.0,"enemies":"Exordium Wildlife","floor":8.0,"turns":3.0},{"damage":21.0,"enemies":"Lagavulin","floor":12.0,"turns":6.0},{"damage":10.0,"enemies":"Blue Slaver","floor":14.0,"turns":3.0},{"damage":58.0,"enemies":"Hexaghost","floor":16.0,"turns":6.0},{"damage":26.0,"enemies":"2 Thieves","floor":18.0,"turns":5.0},{"damage":39.0,"floor":19.0,"turns":4.0},{"damage":2.0,"enemies":"Chosen","floor":20.0,"turns":5.0},{"damage":0.0,"enemies":"Sentry and Sphere","floor":21.0,"turns":4.0},{"damage":15.0,"enemies":"Book of Stabbing","floor":23.0,"turns":4.0},{"damage":10.0,"enemies":"Slaver and Parasite","floor":25.0,"turns":7.0},{"damage":14.0,"enemies":"Slavers","floor":27.0,"turns":6.0},{"damage":13.0,"enemies":"Snake Plant","floor":28.0,"turns":6.0},{"damage":7.0,"enemies":"Book of Stabbing","floor":29.0,"turns":5.0},{"damage":9,"enemies":"Cultist and Chosen","floor":30,"turns":5},{"damage":14,"enemies":"Snecko","floor":31,"turns":5},{"damage":25,"enemies":"Champ","floor":33,"turns":11}],"seed_played":"1018587479054846799","potions_obtained":[{"floor":3.0,"key":"Regen Potion"},{"floor":5.0,"key":"Swift Potion"},{"floor":6.0,"key":"Regen Potion"},{"floor":16.0,"key":"Poison Potion"},{"floor":18.0,"key":"LiquidBronze"},{"floor":19.0,"key":"EssenceOfSteel"},{"floor":20.0,"key":"FearPotion"},{"floor":23.0,"key":"Explosive Potion"},{"floor":27.0,"key":"SpeedPotion"},{"floor":30,"key":"SneckoOil"}],"is_trial":false,"path_per_floor":["M","$","M","M","M","E","R","M","T","$","?","E","$","M","R","B",null,"M","?","M","M","?","E","R","M","T","E","M","E","M","M","R"],"character_chosen":"DEFECT","items_purchased":["Static Discharge","Hologram","Genetic Algorithm","Beam Cell","Heatsinks","Potion Belt","Compile Driver"],"campfire_rested":2,"item_purchase_floors":[2,2,10,10,13,13,13],"current_hp_per_floor":[74,74,69,67,63,71,71,71,71,71,71,72,72,69,85,34,85,66,34,39,46,30,22,49,39,39,32,26,26,24,17,17,0],"gold":367,"neow_bonus":"TRANSFORM_CARD","is_prod":false,"is_daily":false,"chose_seed":false,"campfire_upgraded":2,"win_rate":0.0,"timestamp":1532839197,"path_taken":["M","$","?","M","M","E","R","M","T","$","?","E","?","M","R","BOSS","M","?","M","M","?","E","R","M","T","E","M","E","M","M","R","BOSS"],"build_version":"2018-07-26","purchased_purges":0,"victory":false,"max_hp_per_floor":[75,75,75,75,75,75,75,75,75,75,75,85,85,85,85,85,85,85,85,85,85,90,90,90,90,90,90,90,90,90,90,90,90],"card_choices":[{"not_picked":["Redo","Go for the Eyes"],"picked":"Steam","floor":1.0},{"not_picked":["Cold Snap","Stack"],"picked":"BootSequence","floor":3.0},{"not_picked":["Compile Driver","Force Field"],"picked":"Chill","floor":4.0},{"not_picked":["Gash","Hologram"],"picked":"Melter","floor":5.0},{"not_picked":["Sweeping Beam","Reboot"],"picked":"Streamline","floor":6.0},{"not_picked":["Cold Snap","Redo"],"picked":"Storm","floor":8.0},{"not_picked":["Sweeping Beam","Consume"],"picked":"Self Repair","floor":12.0},{"not_picked":["Leap","Compile Driver"],"picked":"Ball Lightning","floor":14.0},{"not_picked":["Reboot","Seek"],"picked":"Machine Learning","floor":16.0},{"not_picked":["Reinforced Body","Redo"],"picked":"Coolheaded+1","floor":18.0},{"not_picked":["Go for the Eyes","Cold Snap"],"picked":"Scrape+1","floor":19.0},{"not_picked":["Rip and Tear","Consume"],"picked":"Beam Cell","floor":20.0},{"not_picked":["Storm","Reinforced Body"],"picked":"Stack","floor":21.0},{"not_picked":["Lockon","Streamline"],"picked":"Defragment+1","floor":23.0},{"not_picked":["Storm","Ball Lightning"],"picked":"Stack+1","floor":25.0},{"not_picked":["Steam Power","Streamline"],"picked":"Fission","floor":27.0},{"not_picked":["FTL+1","Loop+1"],"picked":"Streamline+1","floor":28.0},{"not_picked":["Genetic Algorithm","Leap"],"picked":"Conserve Battery+1","floor":29},{"not_picked":["Barrage","Cold Snap"],"picked":"Biased Cognition","floor":30},{"not_picked":["Beam Cell","Double Energy"],"picked":"Redo","floor":31}],"player_experience":81412,"relics_obtained":[{"floor":6.0,"key":"Vajra"},{"floor":9.0,"key":"Dodecahedron"},{"floor":12.0,"key":"Pear"},{"floor":19.0,"key":"Red Mask"},{"floor":23.0,"key":"Juzu Bracelet"},{"floor":26.0,"key":"Mummified Hand"},{"floor":27.0,"key":"Peace Pipe"},{"floor":29,"key":"Centennial Puzzle"}],"event_choices":[{"event_name":"Liars Game","player_choice":"agreed","floor":11.0,"damage_taken":0.0},{"event_name":"Masked Bandits","player_choice":"Fought over 79 gold","floor":19.0,"damage_taken":0.0},{"event_name":"Forgotten Altar","player_choice":"Shed Blood","floor":22.0,"damage_taken":0.0}],"is_beta":false,"boss_relics":[{"not_picked":["Black Star","Tiny House"],"picked":"FrozenCore"}],"items_purged_floors":[],"is_endless":false,"potions_floor_spawned":[3,5,6,16,18,19,20,23,27,30],"killed_by":"Champ","ascension_level":0}