{"gold_per_floor":[118,138,138,88,100,132,132,132,132,149,149],"floor_reached":11,"playtime":813,"items_purged":[],"score":73,"play_id":"d081f298-61c5-4bd4-8eda-e72659f65aa6","local_time":"20180720141325","is_ascension_mode":false,"campfire_choices":[],"neow_cost":"","seed_source_timestamp":742220924999,"circlet_count":0,"master_deck":["Strike_R","Strike_R","Strike_R","Strike_R","Defend_R","Defend_R","Defend_R","Defend_R","Bash","Armaments","Flex","Battle Trance","Flex","Armaments","Spot Weakness","Regret","Bloodletting+1"],"relics":["Burning Blood","Ancient Tea Set","Bag of Preparation","Happy Flower","Toxic Egg 2"],"potions_floor_usage":[6,11],"damage_taken":[{"damage":14,"enemies":"2 Louse","floor":1,"turns":3},{"damage":5,"enemies":"Cultist","floor":2,"turns":4},{"damage":11,"enemies":"Jaw Worm","floor":5,"turns":2},{"damage":29,"enemies":"3 Sentries","floor":6,"turns":11},{"damage":15,"enemies":"Looter","floor":10,"turns":3},{"damage":33,"enemies":"Gremlin Nob","floor":11,"turns":4}],"seed_played":"-5702146685980388554","potions_obtained":[{"floor":1,"key":"Swift Potion"},{"floor":5,"key":"SteroidPotion"}],"is_trial":false,"path_per_floor":["M","M","?","$","M","E","?","?","T","M"],"character_chosen":"IRONCLAD","items_purchased":["Flex"],"campfire_rested":0,"item_purchase_floors":[4],"current_hp_per_floor":[72,73,73,73,68,45,45,42,42,33,0],"gold":149,"neow_bonus":"","is_prod":false,"is_daily":false,"chose_seed":false,"campfire_upgraded":0,"win_rate":0.0,"timestamp":1532076205,"path_taken":["M","M","?","$","M","E","?","?","T","M","E"],"build_version":"2018-07-19","purchased_purges":0,"victory":false,"max_hp_per_floor":[80,80,80,80,80,80,80,80,80,80,80],"card_choices":[{"not_picked":["Hemokinesis","Thunderclap"],"picked":"Armaments","floor":1},{"not_picked":["Flame Barrier","Reckless Charge"],"picked":"Flex","floor":2},{"not_picked":["Hemokinesis","Combust"],"picked":"Armaments","floor":5},{"not_picked":["Headbutt","Warcry"],"picked":"Spot Weakness","floor":6},{"not_picked":["Blood for Blood","Disarm+1"],"picked":"Bloodletting+1","floor":10}],"player_experience":14747,"relics_obtained":[{"floor":6,"key":"Ancient Tea Set"},{"floor":9,"key":"Toxic Egg 2"}],"event_choices":[{"event_name":"Transmorgrifier","player_choice":"Transform","floor":3,"damage_taken":0},{"event_name":"Big Fish","player_choice":"Box","floor":7,"damage_taken":0},{"event_name":"Scrap Ooze","player_choice":"success","floor":8,"damage_taken":3}],"is_beta":false,"boss_relics":[],"items_purged_floors":[],"is_endless":false,"potions_floor_spawned":[1,5],"killed_by":"Gremlin Nob","ascension_level":0}