{"gold_per_floor":[109,126,301,314,264,264,278,278,305,316,316,330,57,73,73,73],"floor_reached":16,"playtime":513,"items_purged":["Strike_B"],"score":94,"play_id":"ae530823-754b-47de-8efb-81480c2fd6a8","local_time":"20181011204807","is_ascension_mode":false,"campfire_choices":[{"data":"Zap","floor":6.0,"key":"SMITH"},{"data":"Conserve Battery","floor":8.0,"key":"SMITH"},{"data":"Go for the Eyes","floor":15.0,"key":"SMITH"}],"neow_cost":"NONE","seed_source_timestamp":0,"circlet_count":0,"master_deck":["Strike_B+1","Defend_B","Defend_B","Defend_B","Defend_B+1","Zap+1","Dualcast","Compile Driver","Doubt","Conserve Battery+1","Go for the Eyes+1","Conserve Battery"],"special_seed":0,"relics":["Cracked Core","Pen Nib","Toy Ornithopter"],"potions_floor_usage":[16],"damage_taken":[{"damage":5.0,"enemies":"Small Slimes","floor":1.0,"turns":3.0},{"damage":1.0,"enemies":"Jaw Worm","floor":2.0,"turns":3.0},{"damage":0.0,"enemies":"2 Louse","floor":4.0,"turns":3.0},{"damage":1.0,"enemies":"2 Fungi Beasts","floor":7.0,"turns":3.0},{"damage":5.0,"enemies":"3 Louse","floor":10.0,"turns":3.0},{"damage":0.0,"enemies":"Blue Slaver","floor":12.0,"turns":3.0},{"damage":0.0,"enemies":"Lots of Slimes","floor":14.0,"turns":2.0},{"damage":63,"enemies":"Hexaghost","floor":16,"turns":16}],"seed_played":"8918717552479193293","potions_obtained":[{"floor":4.0,"key":"GamblersBrew"},{"floor":10.0,"key":"Explosive Potion"},{"floor":12.0,"key":"SteroidPotion"}],"is_trial":false,"path_per_floor":["M","M","?","M","?","R","M","R","T","M","?","M","$","M","R"],"character_chosen":"DEFECT","items_purchased":["Toy Ornithopter"],"campfire_rested":0,"item_purchase_floors":[13],"current_hp_per_floor":[70,69,69,69,69,69,68,68,68,63,48,48,48,58,58,0],"gold":73,"neow_bonus":"REMOVE_CARD","is_prod":false,"is_daily":false,"chose_seed":false,"campfire_upgraded":3,"win_rate":0,"timestamp":1539316087,"path_taken":["M","M","?","M","?","R","M","R","T","M","?","?","?","?","R","BOSS"],"build_version":"2018-10-04v2","purchased_purges":1,"victory":false,"max_hp_per_floor":[75,75,75,75,75,75,75,75,75,75,75,75,75,75,75,75],"card_choices":[{"not_picked":["Compile Driver","Steam","Blizzard"],"picked":"SKIP","floor":1.0},{"not_picked":["Steam","Blizzard"],"picked":"Compile Driver","floor":1.0},{"not_picked":["Turbo","Auto Shields","Compile Driver"],"picked":"SKIP","floor":2.0},{"not_picked":["Cold Snap","Melter","Lockon"],"picked":"SKIP","floor":4.0},{"not_picked":["Stack","Redo"],"picked":"Conserve Battery","floor":7.0},{"not_picked":["Lockon","Skim"],"picked":"Go for the Eyes","floor":10.0},{"not_picked":["Recycle","Leap","Streamline"],"picked":"SKIP","floor":12.0},{"not_picked":["Ball Lightning","Hello World"],"picked":"Conserve Battery","floor":14.0}],"player_experience":357068,"relics_obtained":[{"floor":9.0,"key":"Pen Nib"}],"event_choices":[{"event_name":"Liars Game","player_choice":"agreed","floor":3.0,"damage_taken":0.0},{"event_name":"The Cleric","player_choice":"Card Removal","floor":5.0,"damage_taken":0.0},{"event_name":"Shining Light","player_choice":"Entered Light","floor":11.0,"damage_taken":0.0}],"is_beta":false,"boss_relics":[],"items_purged_floors":[13],"is_endless":false,"potions_floor_spawned":[4,10,12],"killed_by":"Hexaghost","ascension_level":0}