{"gold_per_floor":[116,135,31,42,42,42,56,56,56,81,81,143,243,300,300,375,375,393,22,35,35,51,51,82,98,98,131,141,66,66,80,80,80],"floor_reached":33,"playtime":921,"items_purged":[],"score":516,"play_id":"d5682054-3d25-4f92-98d2-cd6dd0b36e15","local_time":"20190413190645","is_ascension_mode":true,"campfire_choices":[{"data":"Perfected Strike","floor":6,"key":"SMITH"},{"data":"Clothesline","floor":8,"key":"SMITH"},{"data":"Bash","floor":15,"key":"SMITH"},{"floor":23,"key":"REST"},{"floor":32,"key":"REST"}],"neow_cost":"NONE","seed_source_timestamp":24545411909286,"circlet_count":0,"master_deck":["AscendersBane","Strike_R","Strike_R","Strike_R","Defend_R","Defend_R","Defend_R","Defend_R+1","Bash+1","Flex","Shrug It Off+1","Armaments+1","Perfected Strike+1","Clothesline+1","Iron Wave+1","Sword Boomerang+1","Offering","Perfected Strike+1","Immolate+1","Shrug It Off","Uppercut+1","Metallicize"],"relics":["Burning Blood","NeowsBlessing","The Courier","Molten Egg 2","Ancient Tea Set","Tiny Chest","Black Star","Pen Nib","War Paint","Anchor","Mercury Hourglass","Incense Burner","Bottled Flame","Art of War","Boot"],"potions_floor_usage":[16,24,24,27,33],"damage_taken":[{"damage":0,"enemies":"Cultist","floor":1,"turns":1},{"damage":0,"enemies":"2 Louse","floor":2,"turns":1},{"damage":0,"enemies":"Small Slimes","floor":4,"turns":1},{"damage":4,"enemies":"2 Fungi Beasts","floor":7,"turns":4},{"damage":24,"enemies":"Gremlin Nob","floor":10,"turns":4},{"damage":16,"enemies":"3 Sentries","floor":14,"turns":8},{"damage":39,"enemies":"Slime Boss","floor":16,"turns":10},{"damage":16,"enemies":"Chosen","floor":18,"turns":5},{"damage":23,"enemies":"2 Thieves","floor":20,"turns":4},{"damage":11,"enemies":"Shelled Parasite and Fungi","floor":22,"turns":4},{"damage":16,"enemies":"Slavers","floor":24,"turns":5},{"damage":10,"enemies":"Centurion and Healer","floor":25,"turns":5},{"damage":35,"enemies":"Book of Stabbing","floor":27,"turns":5},{"damage":6,"enemies":"Snake Plant","floor":28,"turns":3},{"damage":11,"enemies":"Sentry and Sphere","floor":31,"turns":3},{"damage":49,"enemies":"Champ","floor":33,"turns":11}],"seed_played":"462972263025441223","potions_obtained":[{"floor":4,"key":"Energy Potion"},{"floor":10,"key":"Regen Potion"},{"floor":18,"key":"Dexterity Potion"},{"floor":25,"key":"Weak Potion"},{"floor":31,"key":"Poison Potion"}],"is_trial":false,"path_per_floor":["M","M","$","M","?","R","M","R","T","E","?","?","?","E","R","B",null,"M","$","M","$","M","R","E","M","T","E","M","?","?","M","R","B"],"character_chosen":"IRONCLAD","items_purchased":["Armaments","Perfected Strike","Pen Nib","War Paint","Anchor"],"campfire_rested":2,"item_purchase_floors":[3,3,19,19,19],"current_hp_per_floor":[74,75,75,75,75,75,75,75,75,57,52,52,52,42,42,9,59,49,49,32,32,27,49,53,49,49,20,20,20,20,15,37,0],"gold":80,"neow_bonus":"THREE_ENEMY_KILL","is_prod":false,"is_daily":false,"chose_seed":false,"campfire_upgraded":3,"win_rate":0,"timestamp":1555171605,"path_taken":["M","M","?","M","?","R","M","R","T","E","?","?","?","E","R","BOSS","M","$","M","?","M","R","E","M","T","E","M","?","?","?","R","BOSS"],"build_version":"2019-01-23","purchased_purges":0,"victory":false,"max_hp_per_floor":[75,75,75,75,75,75,75,75,75,75,75,75,75,75,75,75,75,75,75,75,75,75,75,75,75,75,75,75,75,75,75,75,75],"card_choices":[{"not_picked":["Warcry","Clash"],"picked":"Flex","floor":1},{"not_picked":["Perfected Strike","Flex"],"picked":"Shrug It Off","floor":2},{"not_picked":["Seeing Red","Clash"],"picked":"Clothesline","floor":4},{"not_picked":["Thunderclap","Heavy Blade","Hemokinesis"],"picked":"SKIP","floor":7},{"not_picked":["Heavy Blade","Infernal Blade"],"picked":"Iron Wave","floor":10},{"not_picked":["Barricade","True Grit"],"picked":"Sword Boomerang+1","floor":14},{"not_picked":["Berserk","Juggernaut"],"picked":"Offering","floor":16},{"not_picked":["Combust","Clash+1"],"picked":"Perfected Strike+1","floor":18},{"not_picked":["Wild Strike+1","Shrug It Off"],"picked":"Immolate+1","floor":20},{"not_picked":["Cleave+1","Rupture","Clothesline+1"],"picked":"SKIP","floor":22},{"not_picked":["Sword Boomerang+1","Disarm"],"picked":"Shrug It Off","floor":24},{"not_picked":["Thunderclap+1","Combust","Evolve"],"picked":"SKIP","floor":25},{"not_picked":["Entrench","Limit Break","Heavy Blade+1"],"picked":"SKIP","floor":27},{"not_picked":["Perfected Strike+1","Clothesline+1"],"picked":"Uppercut+1","floor":28},{"not_picked":["Body Slam+1","True Grit"],"picked":"Metallicize","floor":31}],"player_experience":846609,"relics_obtained":[{"floor":9,"key":"The Courier"},{"floor":10,"key":"Molten Egg 2"},{"floor":14,"key":"Tiny Chest"},{"floor":24,"key":"Mercury Hourglass"},{"floor":24,"key":"Incense Burner"},{"floor":26,"key":"Bottled Flame"},{"floor":27,"key":"Art of War"},{"floor":27,"key":"Boot"}],"event_choices":[{"damage_healed":0,"gold_gain":0,"player_choice":"Grow","damage_taken":0,"max_hp_gain":0,"max_hp_loss":0,"event_name":"Living Wall","floor":5,"gold_loss":0,"cards_upgraded":["Armaments"]},{"damage_healed":0,"gold_gain":0,"player_choice":"Success","damage_taken":5,"relics_obtained":["Ancient Tea Set"],"max_hp_gain":0,"max_hp_loss":0,"event_name":"Scrap Ooze","floor":11,"gold_loss":0},{"damage_healed":0,"gold_gain":62,"player_choice":"Gained Gold","damage_taken":0,"max_hp_gain":0,"max_hp_loss":0,"event_name":"Golden Wing","floor":12,"gold_loss":0},{"damage_healed":0,"gold_gain":100,"player_choice":"Gold","damage_taken":0,"max_hp_gain":0,"max_hp_loss":0,"event_name":"Wheel of Change","floor":13,"gold_loss":0},{"cards_removed":["Strike_R"],"damage_healed":0,"gold_gain":0,"player_choice":"Gave Gold","damage_taken":0,"max_hp_gain":0,"max_hp_loss":0,"event_name":"Beggar","floor":29,"gold_loss":75},{"cards_removed":["Strike_R"],"damage_healed":0,"gold_gain":0,"player_choice":"Offered Basic","damage_taken":0,"max_hp_gain":0,"max_hp_loss":0,"event_name":"Bonfire Elementals","floor":30,"gold_loss":0}],"is_beta":false,"boss_relics":[{"not_picked":["Runic Cube","Coffee Dripper"],"picked":"Black Star"}],"items_purged_floors":[],"is_endless":false,"potions_floor_spawned":[4,10,14,18,25,31],"killed_by":"Champ","ascension_level":15}