{"gold_per_floor":[110,110,47,59,91,103,156,189,253,292,318,8,8,18,18,108,108,108,108,108,108,34,34,34,34,34,34,34,34,34,34,34,34,34,34,34,34,34,34,34,34,34,34,34,34,34,34,34,34,34],"floor_reached":51,"playtime":2538,"items_purged":[],"score":1197,"play_id":"840a1115-e883-486a-8495-3b3a2c305c1e","local_time":"20190119185930","is_ascension_mode":true,"campfire_choices":[{"data":"Footwork","floor":6.0,"key":"SMITH"},{"floor":13.0,"key":"REST"},{"floor":15.0,"key":"REST"},{"floor":23.0,"key":"REST"},{"floor":29.0,"key":"REST"},{"data":"Backflip","floor":32.0,"key":"SMITH"},{"floor":40.0,"key":"REST"},{"floor":47,"key":"RECALL"},{"floor":49,"key":"REST"}],"neow_cost":"TEN_PERCENT_HP_LOSS","seed_source_timestamp":17954135256076,"circlet_count":0,"master_deck":["AscendersBane","Defend_G+1","Defend_G+1","Defend_G+1","Defend_G+1","Strike_G+1","Strike_G+1","Strike_G+1","Strike_G+1","Survivor+1","Neutralize+1","Quick Slash+1","Footwork+1","Backstab+1","Footwork+1","Well Laid Plans+1","After Image+1","After Image+1","Leg Sweep+1","Backflip+1","Prepared+1","Noxious Fumes+1","Blade Dance+1","Envenom+1","Caltrops+1","Noxious Fumes+1","A Thousand Cuts+1","Dash+1","Blade Dance+1","PiercingWail+1","Cloak And Dagger+1","PiercingWail+1"],"special_seed":0,"relics":["Ring of the Snake","Tingsha","MawBank","Golden Idol","Frozen Egg 2","Orichalcum","Omamori","Shuriken","Ectoplasm","Red Mask","Pen Nib","Bag of Preparation","Centennial Puzzle","Dead Branch","Mark of the Bloom"],"potions_floor_usage":[50,50],"damage_taken":[{"damage":0.0,"enemies":"Cultist","floor":1.0,"turns":4.0},{"damage":4.0,"enemies":"Jaw Worm","floor":5.0,"turns":4.0},{"damage":39.0,"enemies":"Gremlin Nob","floor":7.0,"turns":6.0},{"damage":0.0,"enemies":"Small Slimes","floor":8.0,"turns":3.0},{"damage":0.0,"enemies":"Looter","floor":11.0,"turns":4.0},{"damage":10.0,"enemies":"Exordium Thugs","floor":14.0,"turns":6.0},{"damage":22.0,"enemies":"The Guardian","floor":16.0,"turns":15.0},{"damage":0.0,"enemies":"Chosen","floor":18.0,"turns":7.0},{"damage":24.0,"enemies":"Masked Bandits","floor":20.0,"turns":11.0},{"damage":12.0,"enemies":"Gremlin Leader","floor":24.0,"turns":10.0},{"damage":0.0,"enemies":"Shell Parasite","floor":27.0,"turns":5.0},{"damage":2.0,"enemies":"Book of Stabbing","floor":28.0,"turns":7.0},{"damage":6.0,"enemies":"Snecko","floor":30.0,"turns":8.0},{"damage":4.0,"enemies":"Snake Plant","floor":31.0,"turns":5.0},{"damage":8.0,"enemies":"Automaton","floor":33.0,"turns":9.0},{"damage":3.0,"enemies":"3 Shapes","floor":35.0,"turns":6.0},{"damage":0.0,"enemies":"Orb Walker","floor":36.0,"turns":5.0},{"damage":30.0,"enemies":"4 Shapes","floor":38.0,"turns":7.0},{"damage":0.0,"enemies":"Jaw Worm Horde","floor":41.0,"turns":6.0},{"damage":4.0,"enemies":"Sphere and 2 Shapes","floor":42.0,"turns":5.0},{"damage":1,"enemies":"Writhing Mass","floor":45,"turns":7},{"damage":0,"enemies":"4 Shapes","floor":48,"turns":6},{"damage":18,"enemies":"Donu and Deca","floor":50,"turns":10}],"seed_played":"-2544309312661308638","potions_obtained":[{"floor":1.0,"key":"EssenceOfSteel"},{"floor":7.0,"key":"Dexterity Potion"},{"floor":38.0,"key":"Poison Potion"}],"is_trial":false,"path_per_floor":["M","?","?","?","M","R","E","M","T","T","M","$","R","M","R","B",null,"M","?","?","?","$","R","E","$","T","M","E","R","M","M","R","B",null,"M","M","?","M","$","R","M","M","T","?","M","?","R","M","R","B",null],"character_chosen":"THE_SILENT","items_purchased":["Shuriken","Well Laid Plans+1","Noxious Fumes+1"],"campfire_rested":6,"item_purchase_floors":[12,12,22],"current_hp_per_floor":[59,54,54,54,50,50,11,11,11,11,11,11,27,17,33,11,43,43,43,19,19,19,35,23,23,23,23,21,37,31,27,27,19,45,42,42,42,12,12,28,28,24,24,44,43,43,43,43,43,25],"gold":34,"neow_bonus":"ONE_RARE_RELIC","is_prod":false,"is_daily":false,"chose_seed":false,"campfire_upgraded":2,"win_rate":0,"timestamp":1547913570,"path_taken":["M","?","?","?","M","R","E","M","T","?","M","$","R","M","R","BOSS","M","?","?","?","$","R","E","$","T","?","E","R","M","M","R","BOSS","M","?","?","M","$","R","M","M","T","?","M","?","R","M","R","BOSS"],"build_version":"2019-01-17v2","purchased_purges":0,"victory":true,"max_hp_per_floor":[60,60,60,54,54,54,54,54,54,54,54,54,54,54,54,54,54,54,54,54,54,54,54,54,54,54,54,54,54,54,54,54,54,54,54,54,54,54,54,54,54,54,54,44,44,44,44,44,44,44],"card_choices":[{"not_picked":["Accuracy","Bane"],"picked":"Quick Slash","floor":1.0},{"not_picked":["Backflip","Acrobatics"],"picked":"Footwork","floor":5.0},{"not_picked":["PiercingWail","Deadly Poison"],"picked":"Backstab","floor":7.0},{"not_picked":["Night Terror","Prepared","Quick Slash"],"picked":"SKIP","floor":8.0},{"not_picked":["Dagger Throw","Sucker Punch"],"picked":"Footwork+1","floor":11.0},{"not_picked":["Dodge and Roll","Cloak And Dagger"],"picked":"After Image+1","floor":14.0},{"not_picked":["Tools of the Trade+1","Adrenaline"],"picked":"After Image+1","floor":16.0},{"not_picked":["Skewer","Accuracy+1"],"picked":"Leg Sweep","floor":18.0},{"not_picked":["Slice","Outmaneuver"],"picked":"Prepared","floor":20.0},{"not_picked":["Predator","Backflip"],"picked":"All Out Attack","floor":24.0},{"not_picked":["Flying Knee","Deflect","Blade Dance"],"picked":"SKIP","floor":27.0},{"not_picked":["Flying Knee","Deflect"],"picked":"Blade Dance","floor":27.0},{"not_picked":["Outmaneuver","Dagger Throw+1"],"picked":"Envenom+1","floor":28.0},{"not_picked":["Heel Hook+1","Sucker Punch"],"picked":"Caltrops+1","floor":30.0},{"not_picked":["Dodge and Roll","Expertise+1"],"picked":"Noxious Fumes+1","floor":31.0},{"not_picked":["Venomology","After Image+1"],"picked":"A Thousand Cuts+1","floor":33.0},{"not_picked":["Deflect","Dagger Throw+1"],"picked":"Dash","floor":35.0},{"not_picked":["Prepared","Leg Sweep"],"picked":"Blade Dance","floor":36.0},{"not_picked":["Finisher","Well Laid Plans+1"],"picked":"PiercingWail","floor":38.0},{"not_picked":["Flying Knee","Deadly Poison+1"],"picked":"Cloak And Dagger+1","floor":41.0},{"not_picked":["Heel Hook","Poisoned Stab+1"],"picked":"PiercingWail+1","floor":42.0},{"not_picked":["Deadly Poison","Bane","Outmaneuver+1"],"picked":"SKIP","floor":45},{"not_picked":["Blade Dance","A Thousand Cuts+1","Acrobatics+1"],"picked":"SKIP","floor":48}],"player_experience":702862,"relics_obtained":[{"floor":7.0,"key":"Frozen Egg 2"},{"floor":9.0,"key":"Orichalcum"},{"floor":10.0,"key":"Omamori"},{"floor":20.0,"key":"Red Mask"},{"floor":24.0,"key":"Pen Nib"},{"floor":26.0,"key":"Bag of Preparation"},{"floor":28.0,"key":"Centennial Puzzle"},{"floor":43.0,"key":"Dead Branch"}],"event_choices":[{"damage_healed":0.0,"max_hp_gain":0.0,"max_hp_loss":0.0,"gold_gain":0.0,"event_name":"Scrap Ooze","player_choice":"Success","floor":2.0,"gold_loss":0.0,"damage_taken":5.0,"relics_obtained":["MawBank"]},{"cards_removed":["Strike_G"],"damage_healed":0.0,"max_hp_gain":0.0,"max_hp_loss":0.0,"gold_gain":0.0,"event_name":"The Cleric","player_choice":"Card Removal","floor":3.0,"gold_loss":75.0,"damage_taken":0.0},{"damage_healed":0.0,"max_hp_gain":0.0,"max_hp_loss":6.0,"gold_gain":0.0,"event_name":"Golden Idol","player_choice":"Lose Max HP","floor":4.0,"gold_loss":0.0,"damage_taken":0.0,"relics_obtained":["Golden Idol"]},{"damage_healed":0.0,"max_hp_gain":0.0,"max_hp_loss":0.0,"gold_gain":0.0,"event_name":"The Library","player_choice":"Read","floor":19.0,"gold_loss":0.0,"damage_taken":0.0,"cards_obtained":["Backflip"]},{"damage_healed":0.0,"max_hp_gain":0.0,"max_hp_loss":0.0,"gold_gain":0.0,"event_name":"Masked Bandits","player_choice":"Fought Bandits","floor":20.0,"gold_loss":0.0,"damage_taken":0.0},{"cards_removed":["Defend_G"],"damage_healed":0.0,"max_hp_gain":0.0,"max_hp_loss":0.0,"gold_gain":0.0,"event_name":"Purifier","player_choice":"Purged","floor":21.0,"gold_loss":0.0,"damage_taken":0.0},{"cards_removed":["All Out Attack"],"damage_healed":0.0,"max_hp_gain":0.0,"max_hp_loss":0.0,"gold_gain":0.0,"event_name":"Falling","player_choice":"Removed Attack","floor":37.0,"gold_loss":0.0,"damage_taken":0.0},{"damage_healed":44.0,"max_hp_gain":0.0,"max_hp_loss":10.0,"gold_gain":0.0,"event_name":"The Moai Head","player_choice":"Heal","floor":44.0,"gold_loss":0.0,"damage_taken":0.0},{"damage_healed":0,"gold_gain":0,"player_choice":"Upgrade","damage_taken":0,"relics_obtained":["Mark of the Bloom"],"max_hp_gain":0,"max_hp_loss":0,"event_name":"MindBloom","floor":46,"gold_loss":0,"cards_upgraded":["Defend_G","Defend_G","Defend_G","Defend_G","Strike_G","Strike_G","Strike_G","Strike_G","Survivor","Neutralize","Quick Slash","Backstab","Leg Sweep","Prepared","Blade Dance","Dash","Blade Dance","PiercingWail"]}],"is_beta":false,"boss_relics":[{"not_picked":["Ring of the Serpent","Runic Dome"],"picked":"Ectoplasm"},{"not_picked":["Pandora\u0027s Box","Coffee Dripper","Runic Pyramid"]}],"items_purged_floors":[],"is_endless":false,"potions_floor_spawned":[1,7,14,28,31,38,48],"ascension_level":16}