{"gold_per_floor":[109,109,109,122,137,170,170,182,182,40,5,5,5,19,19,123,123,138,150,150,160,35,66,66,66,66,66],"floor_reached":27,"playtime":2716,"items_purged":["Strike_G","Strike_G"],"score":300,"play_id":"fe1edb18-16ec-46e8-9d47-04b9aaee0e46","local_time":"20180903224302","is_ascension_mode":true,"campfire_choices":[{"floor":15.0,"key":"REST"}],"neow_cost":"","seed_source_timestamp":0,"circlet_count":0,"master_deck":["Defend_G","Defend_G","Defend_G","Defend_G","Defend_G","Strike_G","Strike_G+1","Survivor","Neutralize","Cloak And Dagger+1","Caltrops","Night Terror","Blur+1","Infinite Blades+1","Footwork+1","Adrenaline","Deflect","Backflip","Prepared","Prepared+1","Writhe"],"special_seed":0,"relics":["Ring of the Snake","Orichalcum","Frozen Egg 2","Pear","WristBlade","GremlinMask","Unceasing Top","Blood Vial","Anchor"],"potions_floor_usage":[],"damage_taken":[{"damage":3.0,"enemies":"Jaw Worm","floor":1.0,"turns":4.0},{"damage":0.0,"enemies":"Cultist","floor":4.0,"turns":4.0},{"damage":0.0,"enemies":"2 Louse","floor":5.0,"turns":3.0},{"damage":39.0,"enemies":"3 Sentries","floor":6.0,"turns":7.0},{"damage":12.0,"enemies":"Large Slime","floor":8.0,"turns":11.0},{"damage":21.0,"enemies":"Gremlin Gang","floor":14.0,"turns":6.0},{"damage":15.0,"enemies":"Hexaghost","floor":16.0,"turns":16.0},{"damage":0.0,"enemies":"Chosen","floor":18.0,"turns":6.0},{"damage":3.0,"enemies":"Shell Parasite","floor":19.0,"turns":10.0},{"damage":10.0,"enemies":"Centurion and Healer","floor":21.0,"turns":9.0},{"damage":69.0,"enemies":"Gremlin Leader","floor":23.0,"turns":9.0},{"damage":38,"enemies":"Cultist and Chosen","floor":27,"turns":4}],"seed_played":"6586596607412229662","potions_obtained":[{"floor":2.0,"key":"Poison Potion"},{"floor":2.0,"key":"FairyPotion"},{"floor":2.0,"key":"Energy Potion"},{"floor":4.0,"key":"Energy Potion"},{"floor":8.0,"key":"Regen Potion"},{"floor":14.0,"key":"SpeedPotion"},{"floor":16.0,"key":"Swift Potion"},{"floor":18.0,"key":"Regen Potion"},{"floor":19.0,"key":"Poison Potion"}],"is_trial":false,"path_per_floor":["M","?","?","M","M","E","?","M","T","$","?","?","T","M","R","B",null,"M","M","?","M","$","E","?","?","T"],"character_chosen":"THE_SILENT","items_purchased":["Infinite Blades+1","Prepared"],"campfire_rested":1,"item_purchase_floors":[10,22],"current_hp_per_floor":[60,60,60,60,60,21,14,2,2,2,19,5,15,9,33,18,65,65,62,62,66,66,8,8,8,8,0],"gold":66,"neow_bonus":"","is_prod":false,"is_daily":false,"chose_seed":false,"campfire_upgraded":0,"win_rate":0,"timestamp":1536039782,"path_taken":["M","?","?","?","M","E","?","M","T","?","?","?","?","M","R","BOSS","M","M","?","?","$","E","?","?","T","M"],"build_version":"2018-08-30","purchased_purges":2,"victory":false,"max_hp_per_floor":[70,70,70,70,70,70,70,70,70,70,70,70,80,80,80,80,80,80,80,80,80,80,80,80,80,80,80],"card_choices":[{"not_picked":["Outmaneuver","Dodge and Roll"],"picked":"Cloak And Dagger","floor":1.0},{"not_picked":["Choke","Skewer"],"picked":"Caltrops","floor":4.0},{"not_picked":["Poisoned Stab","Setup"],"picked":"Night Terror","floor":5.0},{"not_picked":["Dodge and Roll","Bane"],"picked":"Blur","floor":6.0},{"not_picked":["Outmaneuver","Sucker Punch","Dagger Throw"],"picked":"SKIP","floor":8.0},{"not_picked":["Blade Dance","Well Laid Plans+1"],"picked":"Footwork+1","floor":14.0},{"not_picked":["Bullet Time","Corpse Explosion"],"picked":"Adrenaline","floor":16.0},{"not_picked":["Calculated Gamble","Finisher+1"],"picked":"Deflect","floor":18.0},{"not_picked":["Deadly Poison","Dagger Spray+1"],"picked":"Backflip","floor":19.0},{"not_picked":["Endless Agony","Terror","Dagger Throw+1"],"picked":"SKIP","floor":21.0},{"not_picked":["Bouncing Flask","Acrobatics"],"picked":"Prepared+1","floor":23.0}],"player_experience":248323,"relics_obtained":[{"floor":6.0,"key":"Orichalcum"},{"floor":9.0,"key":"Frozen Egg 2"},{"floor":13.0,"key":"Pear"},{"floor":23.0,"key":"Unceasing Top"},{"floor":26.0,"key":"Anchor"}],"event_choices":[{"event_name":"The Lab","player_choice":"Got Potions","floor":2.0,"damage_taken":0.0},{"event_name":"Upgrade Shrine","player_choice":"Upgraded","floor":3.0,"damage_taken":0.0},{"event_name":"Golden Wing","player_choice":"Card Removal","floor":7.0,"damage_taken":0.0},{"event_name":"The Cleric","player_choice":"Healed","floor":11.0,"damage_taken":0.0},{"event_name":"Shining Light","player_choice":"Entered Light","floor":12.0,"damage_taken":0.0},{"event_name":"FaceTrader","player_choice":"Trade","floor":20.0,"damage_taken":0.0},{"event_name":"The Mausoleum","player_choice":"Yes","floor":24.0,"damage_taken":0.0},{"event_name":"Ghosts","player_choice":"Ignored","floor":25.0,"damage_taken":0.0}],"is_beta":false,"boss_relics":[{"not_picked":["Cursed Key","Empty Cage"],"picked":"WristBlade"}],"items_purged_floors":[10,22],"is_endless":false,"potions_floor_spawned":[4,8,14,16,18,19],"killed_by":"Cultist and Chosen","ascension_level":6}