{"gold_per_floor":[117,117,129,79,95,107,107,139,191,39,39,64,92,105,105,201,201,215,228,228,239,154,189,66,101,101,101,112,112,140,153,153,251,251,265,265,265,191,191,221,221,246,246,274,274,34,44,63,63,63,63,63,40,65,65],"floor_reached":55,"playtime":6017,"items_purged":[],"score":1270,"play_id":"0392f788-cc41-485a-9fe7-f28445e9e985","local_time":"20190707094425","is_ascension_mode":true,"campfire_choices":[{"data":"Buffer","floor":7,"key":"SMITH"},{"data":"Streamline","floor":11,"key":"SMITH"},{"data":"Defragment","floor":15,"key":"SMITH"},{"data":"Echo Form","floor":27,"key":"SMITH"},{"floor":29,"key":"REST"},{"floor":32,"key":"REST"},{"floor":41,"key":"RECALL"},{"floor":45,"key":"REST"},{"data":"Defragment","floor":49,"key":"SMITH"},{"data":"Storm","floor":52,"key":"SMITH"}],"neow_cost":"NONE","seed_source_timestamp":39013488482000,"circlet_count":0,"master_deck":["Zap+1","Stack","Gash","Streamline+1","Buffer+1","Machine Learning","Ball Lightning","Gash","Defragment+1","Echo Form+1","Skim","Fusion","Sweeping Beam","Fission","Reprogram","Static Discharge","Defragment+1","Coolheaded","Redo","Steam","Auto Shields","Sunder","Storm+1","Conserve Battery","Seek","Cold Snap+1","Blind","Loop","Buffer+1","Rebound+1","Barrage","Steam+1","Rebound+1"],"relics":["Cracked Core","Mummified Hand","Orichalcum","Anchor","Odd Mushroom","Pandora\u0027s Box","Enchiridion","Singing Bowl","Boot","Pear","WingedGreaves","Question Card","Empty Cage","Toxic Egg 2","Bag of Marbles","FossilizedHelix","Kunai","Bottled Lightning"],"potions_floor_usage":[8,12,16,16,23,33,44,44,50,54],"damage_taken":[{"damage":7,"enemies":"Jaw Worm","floor":1,"turns":3},{"damage":0,"enemies":"Small Slimes","floor":3,"turns":3},{"damage":0,"enemies":"2 Louse","floor":5,"turns":3},{"damage":8,"enemies":"Large Slime","floor":6,"turns":5},{"damage":0,"enemies":"Gremlin Nob","floor":8,"turns":4},{"damage":0,"enemies":"Lagavulin","floor":12,"turns":6},{"damage":0,"enemies":"The Mushroom Lair","floor":13,"turns":4},{"damage":0,"enemies":"Blue Slaver","floor":14,"turns":3},{"damage":0,"enemies":"Slime Boss","floor":16,"turns":7},{"damage":2,"enemies":"Chosen","floor":18,"turns":4},{"damage":2,"enemies":"Shell Parasite","floor":19,"turns":5},{"damage":0,"enemies":"Snecko","floor":21,"turns":4},{"damage":14,"enemies":"Book of Stabbing","floor":23,"turns":4},{"damage":26,"enemies":"Gremlin Leader","floor":25,"turns":6},{"damage":14,"enemies":"Snake Plant","floor":28,"turns":2},{"damage":24,"enemies":"Slavers","floor":30,"turns":3},{"damage":0,"enemies":"Cultist and Chosen","floor":31,"turns":5},{"damage":0,"enemies":"Collector","floor":33,"turns":6},{"damage":18,"enemies":"3 Shapes","floor":35,"turns":4},{"damage":0,"enemies":"Reptomancer","floor":40,"turns":6},{"damage":0,"enemies":"Nemesis","floor":42,"turns":5},{"damage":15,"enemies":"Reptomancer","floor":44,"turns":5},{"damage":0,"enemies":"Orb Walker","floor":47,"turns":4},{"damage":0,"enemies":"Sphere and 2 Shapes","floor":48,"turns":5},{"damage":41,"enemies":"Donu and Deca","floor":50,"turns":7},{"damage":35,"enemies":"Shield and Spear","floor":54,"turns":7},{"damage":55,"enemies":"The Heart","floor":55,"turns":2}],"seed_played":"-4260058936908497460","potions_obtained":[{"floor":1,"key":"Poison Potion"},{"floor":8,"key":"EssenceOfSteel"},{"floor":13,"key":"LiquidBronze"},{"floor":14,"key":"Block Potion"},{"floor":18,"key":"Energy Potion"},{"floor":19,"key":"SpeedPotion"},{"floor":23,"key":"FearPotion"},{"floor":30,"key":"Dexterity Potion"},{"floor":40,"key":"SkillPotion"},{"floor":48,"key":"Block Potion"}],"is_trial":false,"path_per_floor":["M","?","M","?","M","M","R","E","T","$","R","E","?","M","R","B",null,"M","M","?","M","?","E","$","E","T","R","M","R","E","M","R","B",null,"M","?","?","$","?","E","R","E","T","E","R","$","M","M","R","B",null,"R","$","E","B"],"character_chosen":"DEFECT","items_purchased":["Machine Learning","FocusPotion","Steam","Auto Shields","Loop","Kunai","Steam+1"],"campfire_rested":3,"item_purchase_floors":[10,10,24,24,38,46,53],"current_hp_per_floor":[68,61,61,61,61,53,53,53,53,53,53,53,53,53,53,53,70,68,66,50,50,50,38,38,22,22,22,8,34,10,12,38,38,76,58,58,58,58,58,58,58,60,60,47,74,74,76,76,76,35,80,80,80,45,0],"gold":65,"neow_bonus":"UPGRADE_CARD","is_prod":false,"is_daily":false,"chose_seed":false,"campfire_upgraded":6,"win_rate":0,"timestamp":1562507065,"path_taken":["M","?","M","?","M","M","R","E","T","$","R","E","?","M","R","BOSS","M","M","?","M","?","E","$","E","T","R","M","R","E","M","R","BOSS","M","?","?","$","?","E","R","E","T","E","R","$","M","?","R","BOSS","R","$","E","BOSS"],"build_version":"2019-07-05","purchased_purges":0,"victory":false,"max_hp_per_floor":[75,75,75,75,75,75,75,75,75,75,75,75,75,75,75,75,75,75,75,75,75,75,77,77,87,87,87,87,87,87,89,89,89,89,89,89,89,89,89,89,89,91,91,93,93,93,95,95,95,95,95,95,95,95,95],"card_choices":[{"not_picked":["Steam","Redo"],"picked":"Stack","floor":1},{"not_picked":["Stack","Redo"],"picked":"Gash","floor":3},{"not_picked":["Beam Cell","Coolheaded"],"picked":"Streamline","floor":5},{"not_picked":["Reprogram","Ball Lightning"],"picked":"Buffer","floor":6},{"not_picked":["Melter","Chaos"],"picked":"Static Discharge","floor":8},{"not_picked":["Steam Power","Go for the Eyes"],"picked":"Ball Lightning","floor":12},{"not_picked":["Barrage","Ball Lightning"],"picked":"Gash","floor":13},{"not_picked":["Scrape","Sweeping Beam"],"picked":"Defragment","floor":14},{"not_picked":["Meteor Strike","Reboot"],"picked":"Echo Form","floor":16},{"not_picked":["Blizzard","Static Discharge+1"],"picked":"Defragment","floor":18},{"not_picked":["Gash","Go for the Eyes+1"],"picked":"Coolheaded","floor":19},{"not_picked":["Rip and Tear","Compile Driver"],"picked":"Redo","floor":21},{"not_picked":["Reinforced Body","Undo","Fission"],"picked":"Singing Bowl","floor":23},{"not_picked":["Turbo+1","Leap"],"picked":"Sunder","floor":25},{"not_picked":["Turbo","Sunder"],"picked":"Storm","floor":28},{"not_picked":["Beam Cell","Tempest"],"picked":"Conserve Battery","floor":30},{"not_picked":["Heatsinks+1","Stack","Turbo","Gash"],"picked":"Singing Bowl","floor":31},{"not_picked":["Reboot","Fission","Meteor Strike"],"picked":"Seek","floor":33},{"not_picked":["Auto Shields","Leap+1","Melter+1"],"picked":"Cold Snap+1","floor":35},{"not_picked":["Trip","Madness","Impatience"],"picked":"Blind","floor":37},{"not_picked":["Storm+1","Hologram","Steam"],"picked":"Rebound+1","floor":40},{"not_picked":["Conserve Battery+1","Leap+1","Coolheaded+1","Stack+1"],"picked":"Singing Bowl","floor":42},{"not_picked":["Compile Driver","Genetic Algorithm+1","Ball Lightning+1","Streamline+1"],"picked":"Singing Bowl","floor":44},{"not_picked":["Machine Learning","Fusion+1","Ball Lightning","Leap+1"],"picked":"Singing Bowl","floor":47},{"not_picked":["Reprogram+1","Lockon+1","Static Discharge"],"picked":"Barrage","floor":48},{"not_picked":["Force Field+1","Chaos+1","Self Repair"],"picked":"Rebound+1","floor":54}],"player_experience":445204,"relics_obtained":[{"floor":8,"key":"Mummified Hand"},{"floor":9,"key":"Orichalcum"},{"floor":12,"key":"Anchor"},{"floor":13,"key":"Odd Mushroom"},{"floor":20,"key":"Enchiridion"},{"floor":23,"key":"Boot"},{"floor":25,"key":"Pear"},{"floor":26,"key":"WingedGreaves"},{"floor":30,"key":"Question Card"},{"floor":40,"key":"Toxic Egg 2"},{"floor":42,"key":"Bag of Marbles"},{"floor":44,"key":"FossilizedHelix"},{"floor":54,"key":"Bottled Lightning"}],"event_choices":[{"cards_removed":["Strike_B"],"damage_healed":0,"gold_gain":0,"player_choice":"Card Removal","damage_taken":7,"max_hp_gain":0,"max_hp_loss":0,"event_name":"Golden Wing","floor":2,"gold_loss":0},{"cards_removed":["Strike_B"],"damage_healed":0,"gold_gain":0,"player_choice":"Card Removal","damage_taken":0,"max_hp_gain":0,"max_hp_loss":0,"event_name":"The Cleric","floor":4,"gold_loss":50},{"damage_healed":0,"gold_gain":0,"player_choice":"Fought Mushrooms","damage_taken":0,"max_hp_gain":0,"max_hp_loss":0,"event_name":"Mushrooms","floor":13,"gold_loss":0},{"damage_healed":0,"gold_gain":0,"player_choice":"Obtained Book","damage_taken":16,"max_hp_gain":0,"max_hp_loss":0,"event_name":"Cursed Tome","floor":20,"gold_loss":0},{"damage_healed":0,"gold_gain":0,"player_choice":"Obtained Relic","damage_taken":0,"relics_obtained":["Singing Bowl"],"max_hp_gain":0,"max_hp_loss":0,"event_name":"Addict","floor":22,"gold_loss":85},{"damage_healed":0,"gold_gain":0,"player_choice":"Ignored","damage_taken":0,"max_hp_gain":0,"max_hp_loss":0,"event_name":"Tomb of Lord Red Mask","floor":36,"gold_loss":0},{"damage_healed":0,"gold_gain":0,"player_choice":"Memory 1","damage_taken":0,"max_hp_gain":0,"max_hp_loss":0,"event_name":"SensoryStone","floor":37,"gold_loss":0},{"damage_healed":0,"gold_gain":0,"player_choice":"Copied","damage_taken":0,"max_hp_gain":0,"max_hp_loss":0,"event_name":"Duplicator","floor":39,"gold_loss":0,"cards_obtained":["Buffer"]}],"is_beta":false,"boss_relics":[{"not_picked":["White Beast Statue","Orrery"],"picked":"Pandora\u0027s Box"},{"not_picked":["Velvet Choker","Sozu"],"picked":"Empty Cage"}],"items_purged_floors":[],"is_endless":false,"potions_floor_spawned":[1,8,13,14,18,19,23,30,40,42,48],"killed_by":"The Heart","ascension_level":5}