{"gold_per_floor":[119,119,133,145,156,181,193,223,261,283,295,319,386,412,424,532,544,569,592,529,552,15,41,41,41],"floor_reached":25,"playtime":2060,"items_purged":["Strike_R"],"score":332,"play_id":"930d4357-7745-45b2-9754-622d1bdccd12","local_time":"20190807022949","is_ascension_mode":true,"campfire_choices":[{"floor":15,"key":"REST"}],"neow_cost":"NONE","seed_source_timestamp":114756165287007,"circlet_count":0,"master_deck":["Strike_R","Strike_R","Strike_R","Defend_R","Defend_R+1","Defend_R","Defend_R","Bash","True Grit+1","Carnage","Demon Form","Clothesline","Ghostly Armor","Offering","Barricade","Cleave","Shrug It Off"],"relics":["Burning Blood","Lantern","War Paint","Art of War","MawBank","Centennial Puzzle","Velvet Choker","PreservedInsect","Red Skull","Strawberry"],"potions_floor_usage":[8,12,12,16,18,21,23,23,23],"damage_taken":[{"damage":2,"enemies":"Small Slimes","floor":1,"turns":4},{"damage":6,"enemies":"Jaw Worm","floor":3,"turns":6},{"damage":0,"enemies":"Cultist","floor":4,"turns":4},{"damage":5,"enemies":"3 Louse","floor":5,"turns":5},{"damage":41,"enemies":"3 Sentries","floor":6,"turns":14},{"damage":21,"enemies":"Large Slime","floor":7,"turns":8},{"damage":12,"enemies":"Lagavulin","floor":8,"turns":5},{"damage":11,"enemies":"Lots of Slimes","floor":10,"turns":7},{"damage":3,"enemies":"3 Louse","floor":12,"turns":3},{"damage":0,"enemies":"2 Fungi Beasts","floor":14,"turns":3},{"damage":9,"enemies":"The Guardian","floor":16,"turns":10},{"damage":11,"enemies":"Shell Parasite","floor":18,"turns":6},{"damage":15,"enemies":"3 Byrds","floor":19,"turns":7},{"damage":52,"enemies":"3 Cultists","floor":21,"turns":7},{"damage":7,"enemies":"Slavers","floor":23,"turns":5},{"damage":23,"enemies":"Gremlin Leader","floor":25,"turns":6}],"seed_played":"-4904539733415895670","potions_obtained":[{"floor":7,"key":"PowerPotion"},{"floor":8,"key":"FearPotion"},{"floor":10,"key":"AttackPotion"},{"floor":11,"key":"Block Potion"},{"floor":11,"key":"AttackPotion"},{"floor":14,"key":"EssenceOfSteel"},{"floor":19,"key":"SneckoOil"}],"is_trial":false,"path_per_floor":["M","?","M","M","M","E","M","E","T","M","?","M","?","M","R","B",null,"M","M","?","M","$","E","?","E"],"character_chosen":"IRONCLAD","items_purchased":["PreservedInsect","Red Skull","Strength Potion","EssenceOfSteel","Dexterity Potion"],"campfire_rested":1,"item_purchase_floors":[22,22,22,22,22],"current_hp_per_floor":[76,73,73,79,80,45,30,24,24,19,19,22,22,28,52,49,72,67,58,58,12,12,18,18,0],"gold":41,"neow_bonus":"RANDOM_COMMON_RELIC","is_prod":false,"is_daily":false,"chose_seed":false,"campfire_upgraded":0,"win_rate":0,"timestamp":1565162989,"path_taken":["M","?","M","M","M","E","M","E","T","M","?","?","?","M","R","BOSS","M","M","?","M","$","E","?","E"],"build_version":"2019-07-17","purchased_purges":1,"victory":false,"max_hp_per_floor":[80,80,80,80,80,80,80,80,80,80,80,80,80,80,80,80,80,80,80,80,80,80,87,87,87],"card_choices":[{"not_picked":["Heavy Blade","Havoc"],"picked":"True Grit","floor":1},{"not_picked":["Rupture","Sword Boomerang","Heavy Blade"],"picked":"SKIP","floor":3},{"not_picked":["Anger","Perfected Strike","Armaments"],"picked":"SKIP","floor":4},{"not_picked":["Sword Boomerang","Rupture"],"picked":"Carnage","floor":5},{"not_picked":["Flex","True Grit"],"picked":"Demon Form","floor":6},{"not_picked":["Perfected Strike","Warcry"],"picked":"Clothesline","floor":7},{"not_picked":["Blood for Blood","Pommel Strike","Rampage"],"picked":"SKIP","floor":8},{"not_picked":["True Grit","Perfected Strike","Headbutt"],"picked":"SKIP","floor":10},{"not_picked":["Sword Boomerang","Headbutt"],"picked":"Ghostly Armor","floor":12},{"not_picked":["Carnage","Headbutt"],"picked":"Offering","floor":14},{"not_picked":["Double Tap","Offering"],"picked":"Barricade","floor":16},{"not_picked":["Ghostly Armor","Bloodletting+1","Anger"],"picked":"SKIP","floor":18},{"not_picked":["Clothesline","Twin Strike"],"picked":"Cleave","floor":19},{"not_picked":["Clothesline","Havoc","Inflame"],"picked":"SKIP","floor":21},{"not_picked":["Pommel Strike","Wild Strike"],"picked":"Shrug It Off","floor":23}],"player_experience":650976,"relics_obtained":[{"floor":6,"key":"Art of War"},{"floor":8,"key":"MawBank"},{"floor":9,"key":"Centennial Puzzle"},{"floor":23,"key":"Strawberry"}],"event_choices":[{"damage_healed":0,"gold_gain":0,"player_choice":"Success","damage_taken":3,"relics_obtained":["War Paint"],"max_hp_gain":0,"max_hp_loss":0,"event_name":"Scrap Ooze","floor":2,"gold_loss":0},{"damage_healed":0,"gold_gain":0,"player_choice":"Got Potions","damage_taken":0,"max_hp_gain":0,"max_hp_loss":0,"event_name":"Lab","floor":11,"gold_loss":0},{"damage_healed":0,"gold_gain":55,"player_choice":"Gained Gold","damage_taken":0,"max_hp_gain":0,"max_hp_loss":0,"event_name":"Golden Wing","floor":13,"gold_loss":0},{"cards_removed":["Strike_R"],"damage_healed":0,"gold_gain":0,"player_choice":"Gave Gold","damage_taken":0,"max_hp_gain":0,"max_hp_loss":0,"event_name":"Beggar","floor":20,"gold_loss":75},{"damage_healed":0,"gold_gain":0,"player_choice":"Ignored","damage_taken":0,"max_hp_gain":0,"max_hp_loss":0,"event_name":"WeMeetAgain","floor":24,"gold_loss":0}],"is_beta":false,"boss_relics":[{"not_picked":["Ectoplasm","White Beast Statue"],"picked":"Velvet Choker"}],"items_purged_floors":[22],"is_endless":false,"potions_floor_spawned":[7,8,10,14,19],"killed_by":"Gremlin Leader","ascension_level":8}