{"gold_per_floor":[115,40,190,200,214,214,233,260,334,5,23,8,8,8,8,80,80,98,38,88,88,100,100,134,134,134,134,147,164,20,74,74,74],"floor_reached":33,"playtime":994,"items_purged":["Doubt"],"score":473,"play_id":"261a0a8e-940b-4c93-8046-c2fffe5ba0fc","local_time":"20190119171203","is_ascension_mode":true,"campfire_choices":[{"data":"Noxious Fumes","floor":6,"key":"SMITH"},{"data":"Bouncing Flask","floor":13,"key":"SMITH"},{"floor":15,"key":"REST"},{"floor":23,"key":"REST"},{"data":"Neutralize","floor":25,"key":"SMITH"},{"floor":27,"key":"REST"},{"floor":32,"key":"REST"}],"neow_cost":"NONE","seed_source_timestamp":13190488314797,"circlet_count":0,"master_deck":["AscendersBane","Defend_G","Defend_G","Defend_G","Defend_G","Defend_G","Strike_G","Strike_G","Strike_G","Survivor","Neutralize+1","PiercingWail","Dagger Spray","Noxious Fumes+1","Escape Plan","Bouncing Flask+1","Deflect","PiercingWail","Quick Slash","Malaise","Dodge and Roll","Sucker Punch","Poisoned Stab","Calculated Gamble","Deadly Poison+1"],"relics":["Ring of the Snake","Torii","Ornamental Fan","Membership Card","Black Star","Juzu Bracelet","Oddly Smooth Stone","Question Card","Mummified Hand","Pen Nib"],"potions_floor_usage":[29,33],"damage_taken":[{"damage":3,"enemies":"Jaw Worm","floor":1,"turns":5},{"damage":0,"enemies":"2 Louse","floor":4,"turns":4},{"damage":2,"enemies":"Small Slimes","floor":5,"turns":3},{"damage":5,"enemies":"3 Louse","floor":7,"turns":4},{"damage":27,"enemies":"3 Sentries","floor":8,"turns":6},{"damage":1,"enemies":"2 Fungi Beasts","floor":11,"turns":4},{"damage":8,"enemies":"The Guardian","floor":16,"turns":8},{"damage":22,"enemies":"Chosen","floor":18,"turns":8},{"damage":2,"enemies":"2 Thieves","floor":19,"turns":4},{"damage":11,"enemies":"Cultist and Chosen","floor":22,"turns":7},{"damage":36,"enemies":"Book of Stabbing","floor":24,"turns":8},{"damage":15,"enemies":"Sentry and Sphere","floor":28,"turns":5},{"damage":2,"enemies":"Chosen and Byrds","floor":29,"turns":7},{"damage":58,"enemies":"Automaton","floor":33,"turns":6}],"seed_played":"-2136371309054214088","potions_obtained":[{"floor":7,"key":"Energy Potion"},{"floor":8,"key":"SteroidPotion"},{"floor":28,"key":"Fire Potion"}],"is_trial":false,"path_per_floor":["M","?","?","M","M","R","M","E","T","$","M","$","R","?","R","B",null,"M","M","?","?","M","R","E","R","T","R","M","M","$","T","R","B"],"character_chosen":"THE_SILENT","items_purchased":["Membership Card","Bouncing Flask","Deflect","Quick Slash","Mummified Hand"],"campfire_rested":4,"item_purchase_floors":[10,10,10,12,30],"current_hp_per_floor":[62,62,62,62,60,60,55,28,28,28,27,27,27,20,41,33,62,40,38,38,38,27,48,12,12,12,33,18,16,16,16,37,0],"gold":74,"neow_bonus":"TEN_PERCENT_HP_BONUS","is_prod":false,"is_daily":false,"chose_seed":false,"campfire_upgraded":3,"win_rate":0,"timestamp":1547907123,"path_taken":["M","?","?","M","M","R","M","E","T","?","M","$","R","?","R","BOSS","M","M","?","?","M","R","E","R","T","R","M","M","?","?","R","BOSS"],"build_version":"2019-01-17v2","purchased_purges":1,"victory":false,"max_hp_per_floor":[72,72,72,72,72,72,72,72,72,72,72,72,72,72,72,72,72,72,72,72,72,72,72,72,72,72,72,72,72,72,72,72,72],"card_choices":[{"not_picked":["Poisoned Stab","Calculated Gamble"],"picked":"PiercingWail","floor":1},{"not_picked":["Backflip","Acrobatics"],"picked":"Dagger Spray","floor":4},{"not_picked":["Cloak And Dagger","Flying Knee"],"picked":"Noxious Fumes","floor":5},{"not_picked":["Masterful Stab","Finisher","Sucker Punch"],"picked":"SKIP","floor":7},{"not_picked":["Bane","Outmaneuver"],"picked":"Escape Plan","floor":8},{"not_picked":["Underhanded Strike","Bane"],"picked":"PiercingWail","floor":11},{"not_picked":["Tools of the Trade","Venomology"],"picked":"Malaise","floor":16},{"not_picked":["Choke","Quick Slash"],"picked":"Dodge and Roll","floor":18},{"not_picked":["Infinite Blades","Dagger Throw"],"picked":"Sucker Punch","floor":19},{"not_picked":["Bane","Dagger Throw"],"picked":"Calculated Gamble","floor":22},{"not_picked":["Quick Slash","Sucker Punch","Flying Knee"],"picked":"SKIP","floor":24},{"not_picked":["Backflip","Poisoned Stab","Deflect"],"picked":"Deadly Poison+1","floor":28},{"not_picked":["Cloak And Dagger","Prepared","Quick Slash","Dagger Throw"],"picked":"SKIP","floor":29}],"player_experience":701868,"relics_obtained":[{"floor":8,"key":"Torii"},{"floor":9,"key":"Ornamental Fan"},{"floor":24,"key":"Juzu Bracelet"},{"floor":24,"key":"Oddly Smooth Stone"},{"floor":26,"key":"Question Card"},{"floor":31,"key":"Pen Nib"}],"event_choices":[{"cards_removed":["Strike_G"],"damage_healed":0,"gold_gain":0,"player_choice":"Card Removal","damage_taken":0,"max_hp_gain":0,"max_hp_loss":0,"event_name":"The Cleric","floor":2,"gold_loss":75},{"damage_healed":0,"gold_gain":150,"player_choice":"AGREE","damage_taken":0,"max_hp_gain":0,"max_hp_loss":0,"event_name":"Liars Game","floor":3,"gold_loss":0,"cards_obtained":["Doubt"]},{"cards_removed":["Strike_G"],"damage_healed":0,"gold_gain":0,"player_choice":"Card Removal","damage_taken":7,"max_hp_gain":0,"max_hp_loss":0,"event_name":"Golden Wing","floor":14,"gold_loss":0},{"damage_healed":0,"gold_gain":50,"player_choice":"Stole From Cult","damage_taken":0,"max_hp_gain":0,"max_hp_loss":0,"event_name":"Nest","floor":20,"gold_loss":0},{"damage_healed":0,"gold_gain":0,"player_choice":"Read","damage_taken":0,"max_hp_gain":0,"max_hp_loss":0,"event_name":"The Library","floor":21,"gold_loss":0,"cards_obtained":["Poisoned Stab"]}],"is_beta":false,"boss_relics":[{"not_picked":["Lizard Tail","Ring of the Serpent"],"picked":"Black Star"}],"items_purged_floors":[10],"is_endless":false,"potions_floor_spawned":[7,8,18,28],"killed_by":"Automaton","ascension_level":16}