{"gold_per_floor":[111,125,50,63,63,63,121,121,168,179,197,10,10,38,38,117,117,133,133,60,71,87,87,87,0,51,51,76,76,89,109,109,185,185,200,213,225,125,125],"floor_reached":39,"playtime":1078,"items_purged":["Strike_R","Strike_R"],"score":684,"play_id":"0f0bf105-c077-4e76-bc85-0c6b917f04fb","local_time":"20180829203950","is_ascension_mode":true,"campfire_choices":[{"data":"Twin Strike","floor":6.0,"key":"SMITH"},{"floor":8.0,"key":"REST"},{"floor":13.0,"key":"REST"},{"data":"Carnage","floor":15.0,"key":"SMITH"},{"floor":23.0,"key":"REST"},{"data":"Whirlwind","floor":27.0,"key":"SMITH"},{"floor":32.0,"key":"REST"}],"neow_cost":"NONE","seed_source_timestamp":18121364811716,"circlet_count":0,"master_deck":["Strike_R","Strike_R","Defend_R","Defend_R","Defend_R","Defend_R","Bash+1","AscendersBane","Body Slam+1","Twin Strike+1","Offering","Inflame","Carnage+1","Body Slam","Barricade","Spot Weakness+1","Uppercut","Whirlwind+1","Ghostly Armor","Double Tap","Reaper"],"special_seed":0,"relics":["Burning Blood","Tiny Chest","Orichalcum","Happy Flower","Velvet Choker","Enchiridion","Omamori","Centennial Puzzle","Eternal Feather"],"potions_floor_usage":[33,33],"damage_taken":[{"damage":8.0,"enemies":"Jaw Worm","floor":1.0,"turns":4.0},{"damage":7.0,"enemies":"Small Slimes","floor":2.0,"turns":4.0},{"damage":8.0,"enemies":"2 Louse","floor":4.0,"turns":3.0},{"damage":29.0,"enemies":"Gremlin Nob","floor":7.0,"turns":4.0},{"damage":7.0,"enemies":"2 Fungi Beasts","floor":10.0,"turns":3.0},{"damage":29.0,"enemies":"Large Slime","floor":11.0,"turns":6.0},{"damage":16.0,"enemies":"Lagavulin","floor":14.0,"turns":3.0},{"damage":43.0,"enemies":"The Guardian","floor":16.0,"turns":9.0},{"damage":20.0,"enemies":"Shell Parasite","floor":18.0,"turns":4.0},{"damage":4.0,"enemies":"Chosen","floor":21.0,"turns":4.0},{"damage":10.0,"enemies":"Snecko","floor":22.0,"turns":3.0},{"damage":6.0,"enemies":"Cultist and Chosen","floor":30.0,"turns":4.0},{"damage":6.0,"enemies":"3 Cultists","floor":31.0,"turns":1.0},{"damage":49,"enemies":"Collector","floor":33,"turns":6},{"damage":9,"enemies":"3 Shapes","floor":35,"turns":10},{"damage":26,"enemies":"Flame Bruiser 1 Orb","floor":36,"turns":6},{"damage":47,"enemies":"Spire Growth","floor":37,"turns":4},{"damage":12,"enemies":"4 Shapes","floor":39,"turns":2}],"seed_played":"8692321210185902516","potions_obtained":[{"floor":1.0,"key":"Swift Potion"},{"floor":2.0,"key":"Dexterity Potion"},{"floor":18.0,"key":"SkillPotion"},{"floor":21.0,"key":"SkillPotion"}],"is_trial":false,"path_per_floor":["M","M","?","M","?","R","E","R","T","M","M","$","R","E","R","B",null,"M","?","$","M","M","R","$","?","T","R","T","$","M","M","R","B",null,"M","M","M","$"],"character_chosen":"IRONCLAD","items_purchased":["Inflame","Carnage","Uppercut"],"campfire_rested":4,"item_purchase_floors":[12,12,20],"current_hp_per_floor":[66,65,65,63,63,63,40,62,62,61,38,38,60,50,50,13,60,46,25,25,27,23,45,45,45,45,45,45,45,45,45,67,24,62,65,51,10,10,0],"gold":125,"neow_bonus":"UPGRADE_CARD","is_prod":false,"is_daily":false,"chose_seed":false,"campfire_upgraded":3,"win_rate":0,"timestamp":1535564390,"path_taken":["M","M","?","M","?","R","E","R","T","M","?","?","R","E","R","BOSS","M","?","$","M","M","R","?","?","T","R","?","$","?","M","R","BOSS","M","M","?","$","M"],"build_version":"2018-08-23v2","purchased_purges":2,"victory":false,"max_hp_per_floor":[75,75,75,75,75,75,75,75,75,75,75,75,75,75,75,75,75,75,75,75,75,75,75,75,75,75,75,75,75,75,75,75,75,75,75,75,75,75,75],"card_choices":[{"not_picked":["Flex","Iron Wave"],"picked":"Body Slam","floor":1.0},{"not_picked":["Power Through","Anger"],"picked":"Twin Strike","floor":2.0},{"not_picked":["Warcry","Corruption","True Grit"],"picked":"SKIP","floor":4.0},{"not_picked":["Combust","Uppercut","Rampage"],"picked":"SKIP","floor":7.0},{"not_picked":["Heavy Blade","Headbutt","Iron Wave"],"picked":"SKIP","floor":10.0},{"not_picked":["Armaments","Battle Trance"],"picked":"Offering","floor":11.0},{"not_picked":["Fire Breathing","Juggernaut"],"picked":"Body Slam","floor":14.0},{"not_picked":["Juggernaut","Demon Form"],"picked":"Barricade","floor":16.0},{"not_picked":["Thunderclap","True Grit"],"picked":"Spot Weakness+1","floor":18.0},{"not_picked":["Body Slam","Anger"],"picked":"Whirlwind","floor":21.0},{"not_picked":["Sever Soul","Flex","Cleave"],"picked":"SKIP","floor":22.0},{"not_picked":["Body Slam","Shrug It Off"],"picked":"Ghostly Armor","floor":30.0},{"not_picked":["Iron Wave","Seeing Red"],"picked":"Double Tap","floor":31.0},{"not_picked":["Double Tap","Impervious"],"picked":"Reaper","floor":33},{"not_picked":["Thunderclap","Cleave","Second Wind"],"picked":"SKIP","floor":35},{"not_picked":["Heavy Blade","Entrench","Iron Wave"],"picked":"SKIP","floor":36},{"not_picked":["Anger","Clothesline+1","Heavy Blade+1"],"picked":"SKIP","floor":37}],"player_experience":446283,"relics_obtained":[{"floor":7.0,"key":"Tiny Chest"},{"floor":9.0,"key":"Orichalcum"},{"floor":14.0,"key":"Happy Flower"},{"floor":19.0,"key":"Enchiridion"},{"floor":26.0,"key":"Omamori"},{"floor":28.0,"key":"Centennial Puzzle"}],"event_choices":[{"event_name":"The Cleric","player_choice":"Card Removal","floor":3.0,"damage_taken":0.0},{"event_name":"Living Wall","player_choice":"Grow","floor":5.0,"damage_taken":0.0},{"event_name":"Cursed Tome","player_choice":"Obtained Book","floor":19.0,"damage_taken":0.0},{"event_name":"Masked Bandits","player_choice":"Paid Fearfully","floor":25.0,"damage_taken":0.0}],"is_beta":false,"boss_relics":[{"not_picked":["Fusion Hammer","Lizard Tail"],"picked":"Velvet Choker"},{"not_picked":["Mark of Pain","Cursed Key"],"picked":"Eternal Feather"}],"items_purged_floors":[12,38],"is_endless":false,"potions_floor_spawned":[1,2,4,11,14,18,21,22,31],"killed_by":"4 Shapes","ascension_level":15}