{"gold_per_floor":[111,61,61,14,25,25,42,59,83,83,98,98,117,133,133,133],"floor_reached":16,"playtime":408,"items_purged":[],"score":160,"play_id":"9bfed52d-8cb2-47a3-887b-14ae0caedfcf","local_time":"20180808002430","is_ascension_mode":true,"campfire_choices":[{"data":"Thunderclap","floor":6,"key":"SMITH"},{"data":"Rampage","floor":10,"key":"SMITH"},{"data":"Immolate","floor":12,"key":"SMITH"},{"floor":15,"key":"REST"}],"neow_cost":"NONE","seed_source_timestamp":32073529952981,"circlet_count":0,"master_deck":["Strike_R","Strike_R","Strike_R","Strike_R","Defend_R","Defend_R","Defend_R","Defend_R","Bash+1","AscendersBane","Thunderclap+1","Shrug It Off","Iron Wave","Rampage+1","Immolate+1","Flame Barrier"],"special_seed":0,"relics":["Burning Blood","Omamori"],"potions_floor_usage":[],"damage_taken":[{"damage":7.0,"enemies":"Small Slimes","floor":1.0,"turns":4.0},{"damage":9,"enemies":"Jaw Worm","floor":5,"turns":4},{"damage":1,"enemies":"Cultist","floor":7,"turns":3},{"damage":17,"enemies":"Gremlin Gang","floor":8,"turns":6},{"damage":6,"enemies":"Exordium Wildlife","floor":11,"turns":4},{"damage":14,"enemies":"3 Louse","floor":13,"turns":2},{"damage":11,"enemies":"Exordium Thugs","floor":14,"turns":4},{"damage":60,"enemies":"The Guardian","floor":16,"turns":11}],"seed_played":"3467977159912890233","potions_obtained":[{"floor":5,"key":"Energy Potion"},{"floor":8,"key":"Strength Potion"}],"is_trial":false,"path_per_floor":["M","?","?","$","M","R","M","M","T","R","M","R","M","M","R"],"character_chosen":"IRONCLAD","items_purchased":["Shrug It Off"],"campfire_rested":1,"item_purchase_floors":[4],"current_hp_per_floor":[67,67,60,60,57,57,62,51,51,51,51,51,43,38,60,0],"gold":133,"neow_bonus":"UPGRADE_CARD","is_prod":false,"is_daily":false,"chose_seed":false,"campfire_upgraded":3,"win_rate":0,"timestamp":1533677070,"path_taken":["M","?","?","$","?","R","M","M","T","R","M","R","M","M","R","BOSS"],"build_version":"2018-08-02","purchased_purges":0,"victory":false,"max_hp_per_floor":[75,75,75,75,75,75,75,75,75,75,75,75,75,75,75,75],"card_choices":[{"not_picked":["Headbutt","Perfected Strike"],"picked":"Thunderclap","floor":1.0},{"not_picked":["Wild Strike","Reckless Charge","Pummel"],"picked":"SKIP","floor":5},{"not_picked":["Bloodletting","Corruption"],"picked":"Iron Wave","floor":7},{"not_picked":["True Grit","Armaments"],"picked":"Rampage","floor":8},{"not_picked":["Power Through","Perfected Strike"],"picked":"Immolate","floor":11},{"not_picked":["Perfected Strike","Dropkick"],"picked":"Flame Barrier","floor":13},{"not_picked":["Thunderclap","Cleave","Feel No Pain"],"picked":"SKIP","floor":14}],"player_experience":413290,"relics_obtained":[{"floor":9,"key":"Omamori"}],"event_choices":[{"event_name":"The Cleric","player_choice":"Card Removal","floor":2.0,"damage_taken":0.0},{"event_name":"Wheel of Change","player_choice":"Damage","floor":3,"damage_taken":0}],"is_beta":false,"boss_relics":[],"items_purged_floors":[],"is_endless":false,"potions_floor_spawned":[5,8],"killed_by":"The Guardian","ascension_level":14}