{"gold_per_floor":[116,135,146,146,165,165,194,194,221,241,241,9,84,110,110,205,205,224,244,73,73,73,73,73,73,73,73,73,106,106,135,135,236,236,247,49,65,165,165,191,191,201,201,220,220,220,235,34,34,34],"floor_reached":51,"playtime":1821,"items_purged":["Strike_G","Defend_G"],"score":907,"play_id":"b7fea15f-b232-45e6-8178-31a8e68d9e20","local_time":"20190102224737","is_ascension_mode":true,"campfire_choices":[{"floor":6,"key":"REST"},{"data":"Crippling Poison","floor":8,"key":"SMITH"},{"data":"Caltrops","floor":11,"key":"SMITH"},{"data":"Dagger Spray","floor":15,"key":"SMITH"},{"data":"Dash","floor":23,"key":"SMITH"},{"data":"Caltrops","floor":27,"key":"SMITH"},{"floor":30,"key":"REST"},{"data":"Leg Sweep","floor":32,"key":"SMITH"},{"floor":41,"key":"REST"},{"data":"Skewer","floor":46,"key":"SMITH"},{"floor":49,"key":"REST"}],"neow_cost":"NONE","seed_source_timestamp":34223135279608,"circlet_count":0,"master_deck":["Survivor","Neutralize+1","Dagger Spray+1","Underhanded Strike","Bullet Time+1","Caltrops+1","Crippling Poison+1","Envenom","Caltrops+1","Dash+1","Leg Sweep+1","Quick Slash","After Image","Blur","Malaise","Bouncing Flask","Malaise","Skewer+1","Flechettes","Riddle With Holes","Eviscerate+1","Bouncing Flask+1","Phantasmal Killer"],"relics":["Snecko Eye","Bag of Marbles","Bronze Scales","War Paint","Odd Mushroom","Cursed Key","Meat on the Bone","Juzu Bracelet","Orichalcum","Pandora\u0027s Box","TwistedFunnel","Tough Bandages","Happy Flower"],"potions_floor_usage":[29,50,50,50],"damage_taken":[{"damage":2,"enemies":"Cultist","floor":1,"turns":5},{"damage":0,"enemies":"Jaw Worm","floor":2,"turns":4},{"damage":2,"enemies":"Small Slimes","floor":3,"turns":5},{"damage":0,"enemies":"2 Fungi Beasts","floor":5,"turns":2},{"damage":7,"enemies":"Lagavulin","floor":7,"turns":8},{"damage":5,"enemies":"3 Louse","floor":10,"turns":3},{"damage":0,"enemies":"The Mushroom Lair","floor":14,"turns":3},{"damage":21,"enemies":"Slime Boss","floor":16,"turns":10},{"damage":5,"enemies":"Shell Parasite","floor":18,"turns":4},{"damage":0,"enemies":"3 Byrds","floor":19,"turns":2},{"damage":7,"enemies":"Slavers","floor":29,"turns":4},{"damage":5,"enemies":"Book of Stabbing","floor":31,"turns":4},{"damage":23,"enemies":"Collector","floor":33,"turns":8},{"damage":2,"enemies":"3 Shapes","floor":35,"turns":3},{"damage":4,"enemies":"Orb Walker","floor":37,"turns":2},{"damage":0,"enemies":"Mind Bloom Boss Battle","floor":38,"turns":5},{"damage":14,"enemies":"Reptomancer","floor":40,"turns":5},{"damage":8,"enemies":"Writhing Mass","floor":42,"turns":6},{"damage":3,"enemies":"3 Darklings","floor":44,"turns":3},{"damage":2,"enemies":"Spire Growth","floor":47,"turns":3},{"damage":50,"enemies":"Donu and Deca","floor":50,"turns":6}],"seed_played":"2770628937905775652","potions_obtained":[{"floor":5,"key":"GhostInAJar"},{"floor":7,"key":"Swift Potion"},{"floor":10,"key":"Ancient Potion"},{"floor":31,"key":"Ancient Potion"},{"floor":38,"key":"LiquidBronze"}],"is_trial":false,"path_per_floor":["M","M","M","?","M","R","E","R","T","M","R","$","?","?","R","B",null,"M","M","$","?","?","R","?","?","T","R","$","E","R","E","R","B",null,"M","$","M","?","?","E","R","M","T","M","?","R","M","$","R","B",null],"character_chosen":"THE_SILENT","items_purchased":["War Paint","Dash","TwistedFunnel","Phantasmal Killer","LiquidBronze","Block Potion"],"campfire_rested":4,"item_purchase_floors":[12,20,36,48,48,48],"current_hp_per_floor":[61,61,59,45,45,66,59,59,59,54,54,54,43,43,43,22,58,53,53,53,53,53,53,53,53,53,53,53,46,67,62,62,39,62,60,60,56,56,56,42,63,55,55,52,52,52,50,50,70,32],"gold":34,"neow_bonus":"BOSS_RELIC","is_prod":false,"is_daily":false,"chose_seed":false,"campfire_upgraded":7,"win_rate":0,"timestamp":1546458457,"path_taken":["M","M","?","?","M","R","E","R","T","M","R","$","?","?","R","BOSS","M","M","$","?","?","R","?","?","T","R","$","E","R","E","R","BOSS","M","$","M","?","?","E","R","M","T","M","?","R","M","$","R","BOSS"],"build_version":"2018-12-20","purchased_purges":2,"victory":true,"max_hp_per_floor":[70,70,70,70,70,70,70,70,70,70,70,70,70,70,70,70,70,70,70,70,70,70,70,70,70,70,70,70,70,70,70,70,70,70,70,70,70,70,70,70,70,70,70,70,70,70,70,70,70,70],"card_choices":[{"not_picked":["Backflip","Deadly Poison"],"picked":"Dagger Spray","floor":1},{"not_picked":["Outmaneuver","Blade Dance"],"picked":"Underhanded Strike","floor":2},{"not_picked":["Flying Knee","Bane"],"picked":"Bullet Time","floor":3},{"not_picked":["Escape Plan","Quick Slash"],"picked":"Caltrops","floor":5},{"not_picked":["Slice","Sucker Punch"],"picked":"Crippling Poison","floor":7},{"not_picked":["Acrobatics","Reflex","Bane"],"picked":"SKIP","floor":10},{"not_picked":["Wraith Form v2","Phantasmal Killer"],"picked":"Envenom","floor":16},{"not_picked":["Outmaneuver","Flying Knee","Tactician"],"picked":"SKIP","floor":18},{"not_picked":["Flying Knee","Deflect+1"],"picked":"Caltrops","floor":19},{"not_picked":["Blur","Reflex","Outmaneuver+1"],"picked":"SKIP","floor":29},{"not_picked":["Quick Slash","Sucker Punch","Finisher"],"picked":"SKIP","floor":31},{"not_picked":["Wraith Form v2","Unload"],"picked":"After Image","floor":33},{"not_picked":["Flying Knee","Dodge and Roll"],"picked":"Choke+1","floor":35},{"not_picked":["Cloak And Dagger+1","Dodge and Roll+1","Deadly Poison"],"picked":"SKIP","floor":37},{"not_picked":["Prepared","Choke+1"],"picked":"Eviscerate+1","floor":40},{"not_picked":["Outmaneuver+1","Backflip+1"],"picked":"Bouncing Flask+1","floor":42},{"not_picked":["PiercingWail+1","Dagger Spray+1","Choke"],"picked":"SKIP","floor":44},{"not_picked":["Tactician","Deadly Poison+1","Distraction+1"],"picked":"SKIP","floor":47}],"player_experience":639278,"relics_obtained":[{"floor":7,"key":"Bag of Marbles"},{"floor":9,"key":"Bronze Scales"},{"floor":14,"key":"Odd Mushroom"},{"floor":26,"key":"Meat on the Bone"},{"floor":29,"key":"Juzu Bracelet"},{"floor":31,"key":"Orichalcum"},{"floor":38,"key":"Tough Bandages"},{"floor":40,"key":"Happy Flower"}],"event_choices":[{"damage_healed":0,"gold_gain":0,"player_choice":"Entered Light","damage_taken":14,"max_hp_gain":0,"max_hp_loss":0,"event_name":"Shining Light","floor":4,"gold_loss":0,"cards_upgraded":["Neutralize","Defend_G"]},{"damage_healed":0,"gold_gain":75,"player_choice":"Gather Gold","damage_taken":11,"max_hp_gain":0,"max_hp_loss":0,"event_name":"World of Goop","floor":13,"gold_loss":0},{"damage_healed":0,"gold_gain":0,"player_choice":"Fought Mushrooms","damage_taken":0,"max_hp_gain":0,"max_hp_loss":0,"event_name":"Mushrooms","floor":14,"gold_loss":0},{"damage_healed":0,"gold_gain":0,"player_choice":"Read","damage_taken":0,"max_hp_gain":0,"max_hp_loss":0,"event_name":"The Library","floor":21,"gold_loss":0,"cards_obtained":["Leg Sweep"]},{"damage_healed":0,"gold_gain":0,"player_choice":"Ignored","damage_taken":0,"max_hp_gain":0,"max_hp_loss":0,"event_name":"Vampires","floor":24,"gold_loss":0},{"damage_healed":0,"gold_gain":0,"cards_transformed":["Defend_G"],"player_choice":"Transformed","damage_taken":0,"max_hp_gain":0,"max_hp_loss":0,"event_name":"Transmorgrifier","floor":25,"gold_loss":0,"cards_obtained":["Quick Slash"]},{"damage_healed":0,"gold_gain":0,"player_choice":"Fight","damage_taken":0,"max_hp_gain":0,"max_hp_loss":0,"event_name":"MindBloom","floor":38,"gold_loss":0},{"cards_removed":["Choke"],"damage_healed":0,"gold_gain":0,"player_choice":"Removed Attack","damage_taken":0,"max_hp_gain":0,"max_hp_loss":0,"event_name":"Falling","floor":39,"gold_loss":0},{"cards_removed":["Clumsy"],"damage_healed":0,"gold_gain":0,"player_choice":"Purged","damage_taken":0,"max_hp_gain":0,"max_hp_loss":0,"event_name":"Purifier","floor":45,"gold_loss":0}],"is_beta":false,"boss_relics":[{"not_picked":["Fusion Hammer","Coffee Dripper"],"picked":"Cursed Key"},{"not_picked":["Black Star","Calling Bell"],"picked":"Pandora\u0027s Box"}],"items_purged_floors":[12,20],"is_endless":false,"potions_floor_spawned":[5,7,10,14,18,31,33,38,44,47],"ascension_level":6}