{"gold_per_floor":[114,134,134,134,134,167,167,202,229,229,260,257],"floor_reached":12,"playtime":673,"items_purged":[],"score":103,"play_id":"5b27ccce-5db2-4c86-8a86-82b58468f784","local_time":"20180828133350","is_ascension_mode":true,"campfire_choices":[{"floor":7,"key":"REST"}],"neow_cost":"","seed_source_timestamp":0,"circlet_count":0,"master_deck":["Strike_B","Strike_B","Strike_B","Defend_B","Defend_B","Defend_B","Defend_B","Zap","Dualcast","Self Repair","Loop","Blizzard","Zap","Rip and Tear","Redo","Discovery","Machine Learning","Injury","Lockon","Loop","Hologram","Beam Cell"],"special_seed":0,"relics":["Cracked Core","Golden Idol","Dream Catcher","Boot","Omamori","MawBank"],"potions_floor_usage":[8],"damage_taken":[{"damage":13.0,"enemies":"2 Louse","floor":1.0,"turns":2.0},{"damage":21.0,"enemies":"Small Slimes","floor":2.0,"turns":3.0},{"damage":42,"enemies":"Gremlin Nob","floor":6,"turns":4},{"damage":28,"enemies":"Lagavulin","floor":8,"turns":6},{"damage":4,"enemies":"Cultist","floor":11,"turns":4},{"damage":20,"enemies":"Exordium Thugs","floor":12,"turns":1}],"seed_played":"5299015298686540179","potions_obtained":[{"floor":6,"key":"EssenceOfSteel"},{"floor":8,"key":"Dexterity Potion"}],"is_trial":false,"path_per_floor":["M","M","?","?","?","E","R","E","T","?","M"],"character_chosen":"DEFECT","items_purchased":[],"campfire_rested":1,"item_purchase_floors":[],"current_hp_per_floor":[62,48,48,48,48,13,35,14,14,14,17,0],"gold":257,"neow_bonus":"","is_prod":false,"is_daily":false,"chose_seed":false,"campfire_upgraded":0,"win_rate":0,"timestamp":1535488430,"path_taken":["M","M","?","?","?","E","R","E","T","?","M","?"],"build_version":"2018-08-23v2","purchased_purges":0,"victory":false,"max_hp_per_floor":[75,75,75,75,75,75,75,75,75,75,75,75],"card_choices":[{"not_picked":["Conserve Battery","Glacier"],"picked":"Self Repair","floor":1.0},{"not_picked":["Ball Lightning","Coolheaded"],"picked":"Loop","floor":2.0},{"not_picked":["Stack","Rebound"],"picked":"Lockon","floor":6},{"not_picked":["Leap","Redo"],"picked":"Loop","floor":7},{"not_picked":["Compile Driver","Blizzard"],"picked":"Hologram","floor":8},{"not_picked":["Hologram","Barrage"],"picked":"Beam Cell","floor":11}],"player_experience":215337,"relics_obtained":[{"floor":6,"key":"Dream Catcher"},{"floor":8,"key":"Boot"},{"floor":9,"key":"Omamori"}],"event_choices":[{"event_name":"Living Wall","player_choice":"Change","floor":3.0,"damage_taken":0.0},{"event_name":"Match and Keep!","player_choice":"5 cards matched","floor":4,"damage_taken":0},{"event_name":"Golden Idol","player_choice":"Take Wound","floor":5,"damage_taken":0},{"event_name":"Dead Adventurer","player_choice":"Searched \u00271\u0027 times","floor":10,"damage_taken":0}],"is_beta":false,"boss_relics":[],"items_purged_floors":[],"is_endless":false,"potions_floor_spawned":[6,8],"killed_by":"Exordium Thugs","ascension_level":4}