{"gold_per_floor":[110,72,72,247,247,283,283,314,340,374,374,399,301,315,315,436,436,451,451,451,314,330,365,365,404,429,444,50,50,66,90,90,90],"floor_reached":33,"playtime":1829,"items_purged":["Doubt","Strike_B"],"score":489,"play_id":"62ed357b-4f65-414a-a30c-a6b0cf0a6aa8","local_time":"20190801222113","is_ascension_mode":true,"campfire_choices":[{"data":"Dualcast","floor":7,"key":"SMITH"},{"data":"Leap","floor":11,"key":"SMITH"},{"data":"Defend_B","floor":15,"key":"SMITH"},{"floor":24,"key":"REST"},{"floor":32,"key":"REST"}],"neow_cost":"NONE","seed_source_timestamp":617504402971153,"circlet_count":0,"master_deck":["Strike_B","Strike_B","Strike_B","Defend_B","Defend_B","Defend_B","Defend_B+1","Zap+1","Dualcast+1","Melter","FTL","Ball Lightning","Coolheaded+1","Leap+1","Gash","Compile Driver","Electrodynamics","Self Repair","RitualDagger","Tempest","Glacier","Gash"],"relics":["FrozenCore","NeowsBlessing","Shuriken","Golden Idol","Bronze Scales","Potion Belt","PreservedInsect","War Paint","Omamori","Ornamental Fan","Lantern","Meat on the Bone"],"potions_floor_usage":[10,12,23,27,31,33],"damage_taken":[{"damage":0,"enemies":"2 Louse","floor":1,"turns":1},{"damage":0,"enemies":"Gremlin Nob","floor":6,"turns":1},{"damage":0,"enemies":"Lagavulin","floor":8,"turns":1},{"damage":0,"enemies":"Gremlin Nob","floor":10,"turns":2},{"damage":2,"enemies":"Jaw Worm","floor":12,"turns":2},{"damage":0,"enemies":"Small Slimes","floor":14,"turns":2},{"damage":22,"enemies":"Hexaghost","floor":16,"turns":8},{"damage":5,"enemies":"Chosen","floor":18,"turns":4},{"damage":14,"enemies":"Shell Parasite","floor":22,"turns":7},{"damage":24,"enemies":"Slavers","floor":23,"turns":4},{"damage":6,"enemies":"Gremlin Leader","floor":25,"turns":5},{"damage":22,"enemies":"Shelled Parasite and Fungi","floor":27,"turns":5},{"damage":10,"enemies":"3 Cultists","floor":30,"turns":3},{"damage":7,"enemies":"Chosen and Byrds","floor":31,"turns":5},{"damage":61,"enemies":"Automaton","floor":33,"turns":8}],"seed_played":"1079973390064753327","potions_obtained":[{"floor":1,"key":"SpeedPotion"},{"floor":8,"key":"AttackPotion"},{"floor":18,"key":"Swift Potion"},{"floor":25,"key":"SneckoOil"},{"floor":31,"key":"Dexterity Potion"}],"is_trial":false,"path_per_floor":["M","$","?","?","?","E","R","E","T","E","R","M","$","M","R","B",null,"M","?","?","$","M","E","R","E","T","M","$","$","M","M","R","B"],"character_chosen":"DEFECT","items_purchased":["FTL","Compile Driver","Tempest","Meat on the Bone","Glacier","Gash","SkillPotion"],"campfire_rested":2,"item_purchase_floors":[2,13,21,28,28,28,28],"current_hp_per_floor":[68,68,61,61,61,61,61,61,61,61,61,59,59,59,59,37,61,56,50,50,50,43,26,46,40,40,18,18,18,27,39,59,0],"gold":90,"neow_bonus":"THREE_ENEMY_KILL","is_prod":false,"is_daily":false,"chose_seed":false,"campfire_upgraded":3,"win_rate":0,"timestamp":1564716073,"path_taken":["M","$","?","?","?","E","R","E","T","E","R","M","?","M","R","BOSS","M","?","?","$","M","E","R","E","T","M","?","$","M","M","R","BOSS"],"build_version":"2019-07-17","purchased_purges":2,"victory":false,"max_hp_per_floor":[75,75,75,75,69,69,69,69,69,69,69,69,69,69,69,69,69,69,69,69,69,69,69,69,69,69,69,69,69,69,69,69,69],"card_choices":[{"not_picked":["Sweeping Beam","Static Discharge"],"picked":"Melter","floor":1},{"not_picked":["Chaos","Undo"],"picked":"Ball Lightning","floor":6},{"not_picked":["Force Field","Redo"],"picked":"Coolheaded","floor":8},{"not_picked":["Auto Shields","Rip and Tear"],"picked":"Leap","floor":10},{"not_picked":["Barrage","Go for the Eyes"],"picked":"Gash","floor":12},{"not_picked":["Steam","Rebound"],"picked":"Electrodynamics","floor":14},{"not_picked":["Skim","Gash"],"picked":"Self Repair","floor":18},{"not_picked":["Ball Lightning","Go for the Eyes","Stack"],"picked":"SKIP","floor":22},{"not_picked":["Darkness","Redo+1","Go for the Eyes"],"picked":"SKIP","floor":23},{"not_picked":["Static Discharge","Leap","Meteor Strike"],"picked":"SKIP","floor":25},{"not_picked":["Hologram","Streamline","Beam Cell"],"picked":"SKIP","floor":27},{"not_picked":["Hologram","Sweeping Beam","Beam Cell"],"picked":"SKIP","floor":30},{"not_picked":["Static Discharge","Ball Lightning+1","Steam"],"picked":"SKIP","floor":31}],"player_experience":557455,"relics_obtained":[{"floor":6,"key":"Bronze Scales"},{"floor":8,"key":"Potion Belt"},{"floor":9,"key":"PreservedInsect"},{"floor":10,"key":"War Paint"},{"floor":23,"key":"Omamori"},{"floor":25,"key":"Ornamental Fan"},{"floor":26,"key":"Lantern"}],"event_choices":[{"damage_healed":0,"gold_gain":0,"player_choice":"Success","damage_taken":7,"relics_obtained":["Shuriken"],"max_hp_gain":0,"max_hp_loss":0,"event_name":"Scrap Ooze","floor":3,"gold_loss":0},{"damage_healed":0,"gold_gain":175,"player_choice":"AGREE","damage_taken":0,"max_hp_gain":0,"max_hp_loss":0,"event_name":"Liars Game","floor":4,"gold_loss":0,"cards_obtained":["Doubt"]},{"damage_healed":0,"gold_gain":0,"player_choice":"Lose Max HP","damage_taken":0,"relics_obtained":["Golden Idol"],"max_hp_gain":0,"max_hp_loss":6,"event_name":"Golden Idol","floor":5,"gold_loss":0},{"damage_healed":0,"gold_gain":0,"player_choice":"Joined the Cult","damage_taken":6,"max_hp_gain":0,"max_hp_loss":0,"event_name":"Nest","floor":19,"gold_loss":0,"cards_obtained":["RitualDagger"]},{"damage_healed":0,"gold_gain":0,"player_choice":"Ignored","damage_taken":0,"max_hp_gain":0,"max_hp_loss":0,"event_name":"Vampires","floor":20,"gold_loss":0}],"is_beta":false,"boss_relics":[{"not_picked":["Astrolabe","Calling Bell"],"picked":"FrozenCore"}],"items_purged_floors":[13,21],"is_endless":false,"potions_floor_spawned":[1,8,18,25,31],"killed_by":"Automaton","ascension_level":6}