{"gold_per_floor":[20,37,37,37,49,75,89,89,89,89,118,130,152,177,189,297,309,336,335,347,378,193,253,253,267,315,334,364,395,76,76,76,174,174,189,189,189,199,22,57,57,57,111,122,122,156,156,169,169,169],"floor_reached":51,"playtime":4137,"items_purged":[],"score":1044,"play_id":"7143ccf6-ac58-4e29-8760-217b207c1877","local_time":"20190802024226","is_ascension_mode":true,"campfire_choices":[{"floor":8,"key":"REST"},{"data":"True Grit","floor":10,"key":"SMITH"},{"floor":12,"key":"REST"},{"floor":15,"key":"REST"},{"data":"Demon Form","floor":24,"key":"SMITH"},{"data":"Heavy Blade","floor":32,"key":"SMITH"},{"data":"Body Slam","floor":45,"key":"SMITH"},{"data":"Bash","floor":49,"key":"SMITH"}],"neow_cost":"NO_GOLD","seed_source_timestamp":10197625811221,"circlet_count":0,"master_deck":["Strike_R+1","Strike_R","Defend_R","Defend_R","Defend_R+1","Defend_R","Bash+1","Seeing Red","Demon Form+1","True Grit+1","Shrug It Off","Feed","Whirlwind","Flame Barrier","Ghostly Armor","Ghostly Armor","Power Through","Heavy Blade+1","Carnage","Feel No Pain","Body Slam+1","Metallicize"],"relics":["Burning Blood","Sundial","Bottled Tornado","MawBank","Coffee Dripper","FossilizedHelix","Anchor","Tiny Chest","Omamori","Bronze Scales","Red Mask","Bottled Lightning","Eternal Feather","Lantern","Pen Nib","Bag of Preparation","Orichalcum"],"potions_floor_usage":[6,7,11,16,23,28,33,33,33,35,40,44,46,50],"damage_taken":[{"damage":1,"enemies":"Cultist","floor":1,"turns":4},{"damage":7,"enemies":"Small Slimes","floor":2,"turns":5},{"damage":14,"enemies":"2 Louse","floor":5,"turns":5},{"damage":28,"enemies":"Gremlin Nob","floor":6,"turns":4},{"damage":38,"enemies":"Large Slime","floor":7,"turns":11},{"damage":27,"enemies":"Lagavulin","floor":11,"turns":8},{"damage":8,"enemies":"Looter","floor":13,"turns":5},{"damage":0,"enemies":"Blue Slaver","floor":14,"turns":6},{"damage":12,"enemies":"The Guardian","floor":16,"turns":12},{"damage":9,"enemies":"Shell Parasite","floor":18,"turns":6},{"damage":35,"enemies":"2 Thieves","floor":19,"turns":4},{"damage":0,"enemies":"Centurion and Healer","floor":21,"turns":7},{"damage":39,"enemies":"Gremlin Leader","floor":23,"turns":6},{"damage":6,"enemies":"Snake Plant","floor":25,"turns":4},{"damage":0,"enemies":"Snecko","floor":27,"turns":5},{"damage":6,"enemies":"Slavers","floor":28,"turns":7},{"damage":27,"enemies":"Masked Bandits","floor":29,"turns":7},{"damage":20,"enemies":"Automaton","floor":33,"turns":8},{"damage":9,"enemies":"3 Darklings","floor":35,"turns":6},{"damage":5,"enemies":"Orb Walker","floor":38,"turns":6},{"damage":45,"enemies":"Giant Head","floor":40,"turns":8},{"damage":0,"enemies":"3 Darklings","floor":44,"turns":7},{"damage":55,"enemies":"Nemesis","floor":46,"turns":7},{"damage":0,"enemies":"Transient","floor":48,"turns":5},{"damage":47,"enemies":"Donu and Deca","floor":50,"turns":9}],"seed_played":"8791554215447018894","potions_obtained":[{"floor":2,"key":"AttackPotion"},{"floor":6,"key":"BloodPotion"},{"floor":7,"key":"Strength Potion"},{"floor":11,"key":"Dexterity Potion"},{"floor":25,"key":"PowerPotion"},{"floor":28,"key":"Block Potion"},{"floor":29,"key":"LiquidBronze"},{"floor":33,"key":"Block Potion"},{"floor":35,"key":"Swift Potion"},{"floor":38,"key":"AttackPotion"},{"floor":44,"key":"Regen Potion"},{"floor":48,"key":"PowerPotion"}],"is_trial":false,"path_per_floor":["M","M","?","?","M","E","M","R","T","R","E","R","M","M","R","B",null,"M","M","?","M","$","E","R","M","T","M","E","?","$","?","R","B",null,"M","$","?","M","$","E","?","$","T","M","R","E","?","M","R","B",null],"character_chosen":"IRONCLAD","items_purchased":["Anchor","Block Potion","Bottled Lightning","Regen Potion","Lantern","Body Slam"],"campfire_rested":3,"item_purchase_floors":[22,22,30,30,39,39],"current_hp_per_floor":[77,76,60,60,52,30,18,42,42,42,21,45,43,52,76,70,80,77,51,51,57,57,24,24,27,27,33,36,18,18,49,49,50,84,81,81,81,82,82,43,43,43,43,49,61,26,50,56,68,27],"gold":169,"neow_bonus":"REMOVE_TWO","is_prod":false,"is_daily":false,"chose_seed":false,"campfire_upgraded":5,"win_rate":0,"timestamp":1564731746,"path_taken":["M","M","?","?","M","E","M","R","T","R","E","R","M","M","R","BOSS","M","M","?","M","$","E","R","M","T","M","E","?","$","?","R","BOSS","M","$","?","M","$","E","?","?","T","M","R","E","?","M","R","BOSS"],"build_version":"2019-07-17","purchased_purges":0,"victory":true,"max_hp_per_floor":[80,80,80,80,80,80,80,80,80,80,80,80,80,83,83,83,83,83,86,86,86,86,86,86,89,89,89,92,95,95,95,95,95,95,95,95,95,95,95,95,95,95,95,95,95,95,95,95,95,95],"card_choices":[{"not_picked":["Headbutt","Feel No Pain"],"picked":"Seeing Red","floor":1},{"not_picked":["Rage","Iron Wave","Anger"],"picked":"SKIP","floor":2},{"not_picked":["Iron Wave","Warcry"],"picked":"True Grit","floor":5},{"not_picked":["Blood for Blood","Armaments"],"picked":"Shrug It Off","floor":6},{"not_picked":["Shrug It Off","Combust"],"picked":"Feed","floor":7},{"not_picked":["Iron Wave","Rupture"],"picked":"Whirlwind","floor":11},{"not_picked":["Headbutt","Hemokinesis"],"picked":"Flame Barrier","floor":13},{"not_picked":["Heavy Blade","Entrench"],"picked":"Ghostly Armor","floor":14},{"not_picked":["Brutality","Immolate"],"picked":"Offering","floor":16},{"not_picked":["Clothesline","Wild Strike+1"],"picked":"Ghostly Armor","floor":18},{"not_picked":["Warcry","Burning Pact+1","Spot Weakness"],"picked":"SKIP","floor":19},{"not_picked":["Wild Strike+1","Warcry","Anger"],"picked":"SKIP","floor":21},{"not_picked":["Sword Boomerang","Battle Trance","Armaments"],"picked":"SKIP","floor":23},{"not_picked":["Second Wind","Feed","Shrug It Off"],"picked":"SKIP","floor":25},{"not_picked":["True Grit","Combust+1"],"picked":"Power Through","floor":27},{"not_picked":["Evolve+1","Shockwave","Pommel Strike"],"picked":"SKIP","floor":28},{"not_picked":["Clothesline+1","Rampage"],"picked":"Heavy Blade","floor":29},{"not_picked":["True Grit","Shrug It Off"],"picked":"Carnage","floor":35},{"not_picked":["Anger","Havoc"],"picked":"Feel No Pain","floor":38},{"not_picked":["Anger","Searing Blow","Heavy Blade+1"],"picked":"SKIP","floor":40},{"not_picked":["Thunderclap","Rampage","Perfected Strike+1"],"picked":"SKIP","floor":44},{"not_picked":["Body Slam","Bludgeon"],"picked":"Metallicize","floor":46},{"not_picked":["Headbutt","Havoc+1","Wild Strike"],"picked":"SKIP","floor":48}],"player_experience":567669,"relics_obtained":[{"floor":6,"key":"Sundial"},{"floor":9,"key":"Bottled Tornado"},{"floor":11,"key":"MawBank"},{"floor":23,"key":"Tiny Chest"},{"floor":26,"key":"Omamori"},{"floor":28,"key":"Bronze Scales"},{"floor":29,"key":"Red Mask"},{"floor":40,"key":"Pen Nib"},{"floor":43,"key":"Bag of Preparation"},{"floor":46,"key":"Orichalcum"}],"event_choices":[{"damage_healed":0,"gold_gain":0,"player_choice":"Entered Light","damage_taken":16,"max_hp_gain":0,"max_hp_loss":0,"event_name":"Shining Light","floor":3,"gold_loss":0,"cards_upgraded":["Strike_R","Defend_R"]},{"damage_healed":0,"gold_gain":0,"cards_transformed":["Strike_R"],"player_choice":"Change","damage_taken":0,"max_hp_gain":0,"max_hp_loss":0,"event_name":"Living Wall","floor":4,"gold_loss":0,"cards_obtained":["Demon Form"]},{"damage_healed":0,"gold_gain":0,"player_choice":"Opened","damage_taken":0,"relics_obtained":["FossilizedHelix"],"max_hp_gain":0,"max_hp_loss":0,"event_name":"The Mausoleum","floor":20,"gold_loss":0},{"damage_healed":0,"gold_gain":0,"player_choice":"Fought Bandits","damage_taken":0,"max_hp_gain":0,"max_hp_loss":0,"event_name":"Masked Bandits","floor":29,"gold_loss":0},{"damage_healed":31,"gold_gain":0,"player_choice":"Heal","damage_taken":0,"max_hp_gain":0,"max_hp_loss":0,"event_name":"The Library","floor":31,"gold_loss":0},{"cards_removed":["Offering"],"damage_healed":0,"gold_gain":0,"player_choice":"Removed Skill","damage_taken":0,"max_hp_gain":0,"max_hp_loss":0,"event_name":"Falling","floor":37,"gold_loss":0},{"damage_healed":0,"gold_gain":0,"player_choice":"Ignored","damage_taken":0,"max_hp_gain":0,"max_hp_loss":0,"event_name":"Mysterious Sphere","floor":41,"gold_loss":0},{"damage_healed":24,"gold_gain":0,"player_choice":"Writhe","damage_taken":0,"max_hp_gain":0,"max_hp_loss":0,"event_name":"Winding Halls","floor":47,"gold_loss":0,"cards_obtained":["Writhe"]}],"is_beta":false,"boss_relics":[{"not_picked":["Cursed Key","Black Blood"],"picked":"Coffee Dripper"},{"not_picked":["Runic Dome","Astrolabe"],"picked":"Eternal Feather"}],"items_purged_floors":[],"is_endless":false,"potions_floor_spawned":[2,6,7,11,25,28,29,33,35,38,44,48],"ascension_level":7}