{"gold_per_floor":[109,128,78,91,20,20,20,37,37,37,54,84,15,90,90,187,187,205,219,232,232,232],"floor_reached":22,"playtime":581,"items_purged":[],"score":276,"play_id":"fe499efc-882f-4d60-a6bd-2ca36e930515","local_time":"20190112213056","is_ascension_mode":true,"campfire_choices":[{"data":"Tempest","floor":6,"key":"SMITH"},{"data":"Loop","floor":15,"key":"SMITH"}],"neow_cost":"NONE","seed_source_timestamp":31264012559658,"circlet_count":0,"master_deck":["Zap","Dualcast","Steam","Sweeping Beam","Tempest+1","Doom and Gloom","Cold Snap","Coolheaded","Loop+1","Hyperbeam","Core Surge","Coolheaded","Static Discharge","All For One","Auto Shields","Conserve Battery","Aggregate","Loop","Defragment+1","Force Field+1"],"relics":["Velvet Choker","Vajra","Pear","Matryoshka","Pandora\u0027s Box"],"potions_floor_usage":[],"damage_taken":[{"damage":5,"enemies":"2 Louse","floor":1,"turns":2},{"damage":0,"enemies":"Jaw Worm","floor":2,"turns":5},{"damage":0,"enemies":"Cultist","floor":4,"turns":3},{"damage":4,"enemies":"3 Louse","floor":8,"turns":2},{"damage":8,"enemies":"Blue Slaver","floor":11,"turns":3},{"damage":14,"enemies":"Gremlin Nob","floor":12,"turns":3},{"damage":17,"enemies":"The Guardian","floor":16,"turns":8},{"damage":15,"enemies":"Spheric Guardian","floor":18,"turns":4},{"damage":7,"enemies":"Shell Parasite","floor":19,"turns":7},{"damage":18,"enemies":"Cultist and Chosen","floor":20,"turns":5}],"seed_played":"-8723058032007857435","potions_obtained":[{"floor":2,"key":"Dexterity Potion"},{"floor":8,"key":"Energy Potion"},{"floor":16,"key":"SteroidPotion"}],"is_trial":false,"path_per_floor":["M","M","?","M","$","R","$","M","T","T","M","E","$","?","R","B",null,"M","M","M","?","?"],"character_chosen":"DEFECT","items_purchased":["Doom and Gloom","Loop"],"campfire_rested":0,"item_purchase_floors":[5,13],"current_hp_per_floor":[63,63,63,63,63,63,63,59,59,69,61,47,47,36,36,19,69,54,47,29,13,0],"gold":232,"neow_bonus":"BOSS_RELIC","is_prod":false,"is_daily":false,"chose_seed":false,"campfire_upgraded":2,"win_rate":0,"timestamp":1547317856,"path_taken":["M","M","?","M","?","R","?","M","T","?","?","E","$","?","R","BOSS","M","M","M","?","?"],"build_version":"2019-01-10","purchased_purges":0,"victory":false,"max_hp_per_floor":[75,75,75,75,75,75,75,75,75,85,85,85,85,85,85,85,85,85,85,85,90,90],"card_choices":[{"not_picked":["Go for the Eyes","Compile Driver"],"picked":"Steam","floor":1},{"not_picked":["Steam","Hologram"],"picked":"Sweeping Beam","floor":2},{"not_picked":["Gash","Lockon"],"picked":"Tempest","floor":4},{"not_picked":["Steam Power","Stack","Beam Cell"],"picked":"SKIP","floor":8},{"not_picked":["Steam Power","Stack","Beam Cell"],"picked":"SKIP","floor":8},{"not_picked":["Meteor Strike","Barrage"],"picked":"Cold Snap","floor":11},{"not_picked":["Sweeping Beam","Stack"],"picked":"Coolheaded","floor":12},{"not_picked":["Machine Learning","All For One"],"picked":"Hyperbeam","floor":16},{"not_picked":["Turbo","Scrape"],"picked":"Loop","floor":18},{"not_picked":["Conserve Battery","Aggregate"],"picked":"Defragment+1","floor":19},{"not_picked":["Rebound+1","Doom and Gloom"],"picked":"Force Field+1","floor":20}],"player_experience":683592,"relics_obtained":[{"floor":9,"key":"Vajra"},{"floor":10,"key":"Pear"},{"floor":12,"key":"Matryoshka"}],"event_choices":[{"cards_removed":["Strike_B"],"damage_healed":0,"gold_gain":0,"player_choice":"Card Removal","damage_taken":0,"max_hp_gain":0,"max_hp_loss":0,"event_name":"The Cleric","floor":3,"gold_loss":50},{"damage_healed":0,"gold_gain":75,"player_choice":"Gather Gold","damage_taken":11,"max_hp_gain":0,"max_hp_loss":0,"event_name":"World of Goop","floor":14,"gold_loss":0},{"damage_healed":0,"gold_gain":0,"player_choice":"Shed Blood","damage_taken":21,"max_hp_gain":5,"max_hp_loss":0,"event_name":"Forgotten Altar","floor":21,"gold_loss":0}],"is_beta":false,"boss_relics":[{"not_picked":["Tiny House","Lizard Tail"],"picked":"Pandora\u0027s Box"}],"items_purged_floors":[],"is_endless":false,"potions_floor_spawned":[2,8,16,19],"ascension_level":7}