{"gold_per_floor":[121,133,158,185,197,209,248,278,339,351,363,409,421,464,476,583,645,582,594,622,604,80,80,98,110,136,136,236,266,266,286,286,381,381,401,401,415,433,433,433,433],"floor_reached":41,"playtime":5376,"items_purged":["Strike_G"],"score":576,"play_id":"3c5a37d1-083f-412c-a9af-4acef5c0f9be","local_time":"20190730230220","is_ascension_mode":true,"campfire_choices":[{"data":"Neutralize","floor":6,"key":"SMITH"},{"floor":11,"key":"REST"},{"floor":13,"key":"REST"},{"floor":15,"key":"REST"},{"floor":23,"key":"REST"},{"floor":27,"key":"REST"},{"floor":32,"key":"REST"}],"neow_cost":"NONE","seed_source_timestamp":19505740503332,"circlet_count":0,"master_deck":["Strike_G","Strike_G","Strike_G","Defend_G","Defend_G","Defend_G","Defend_G","Defend_G","Survivor","Neutralize+1","Cloak And Dagger","Escape Plan","Dagger Throw","Crippling Poison","Finisher","After Image+1","Blade Dance","Poisoned Stab+1","Noxious Fumes","Deflect","Catalyst","Backflip","Accuracy+1","Caltrops+1","Writhe","Prepared+1","Die Die Die","Deadly Poison+1","Cloak And Dagger","Flying Knee+1","Finesse"],"relics":["Ring of the Snake","MawBank","Singing Bowl","Orichalcum","Anchor","Centennial Puzzle","Shuriken","Tiny House","Enchiridion","Membership Card","Gambling Chip","Regal Pillow","Torii","Bottled Tornado","Bronze Scales","Girya","WristBlade"],"potions_floor_usage":[7,12,16,20,25,28,28,28,28,29,33,33,41,41],"damage_taken":[{"damage":0,"enemies":"2 Louse","floor":1,"turns":4},{"damage":2,"enemies":"Jaw Worm","floor":3,"turns":5},{"damage":3,"enemies":"Cultist","floor":4,"turns":5},{"damage":37,"enemies":"3 Sentries","floor":7,"turns":12},{"damage":1,"enemies":"Blue Slaver","floor":8,"turns":6},{"damage":22,"enemies":"Lagavulin","floor":12,"turns":6},{"damage":33,"enemies":"Gremlin Nob","floor":14,"turns":6},{"damage":15,"enemies":"Slime Boss","floor":16,"turns":10},{"damage":11,"enemies":"2 Thieves","floor":18,"turns":5},{"damage":10,"enemies":"Chosen","floor":20,"turns":7},{"damage":4,"enemies":"Centurion and Healer","floor":24,"turns":7},{"damage":20,"enemies":"Snecko","floor":25,"turns":9},{"damage":12,"enemies":"Colosseum Slavers","floor":28,"turns":5},{"damage":23,"enemies":"Colosseum Nobs","floor":28,"turns":4},{"damage":22,"enemies":"Gremlin Leader","floor":29,"turns":5},{"damage":8,"enemies":"Snake Plant","floor":31,"turns":4},{"damage":48,"enemies":"Automaton","floor":33,"turns":10},{"damage":7,"enemies":"Orb Walker","floor":35,"turns":5},{"damage":18,"enemies":"3 Shapes","floor":37,"turns":6},{"damage":18,"enemies":"Maw","floor":38,"turns":7},{"damage":26,"enemies":"Reptomancer","floor":41,"turns":3}],"seed_played":"2211422395766855671","potions_obtained":[{"floor":3,"key":"Swift Potion"},{"floor":7,"key":"Strength Potion"},{"floor":12,"key":"SpeedPotion"},{"floor":14,"key":"Explosive Potion"},{"floor":17,"key":"EntropicBrew"},{"floor":21,"key":"PowerPotion"},{"floor":21,"key":"Block Potion"},{"floor":28,"key":"Regen Potion"},{"floor":29,"key":"PowerPotion"},{"floor":33,"key":"LiquidBronze"},{"floor":35,"key":"Strength Potion"},{"floor":38,"key":"Strength Potion"}],"is_trial":false,"path_per_floor":["M","?","M","M","$","R","E","M","T","?","R","E","R","E","R","B",null,"M","?","M","?","$","R","M","M","T","R","?","E","?","M","R","B",null,"M","?","M","M","?","?","E"],"character_chosen":"THE_SILENT","items_purchased":["Noxious Fumes","Deflect","Membership Card","Gambling Chip","Catalyst"],"campfire_rested":6,"item_purchase_floors":[22,22,22,22,22],"current_hp_per_floor":[63,51,49,46,46,46,11,12,12,12,34,12,34,1,23,8,63,54,38,28,28,28,52,48,28,28,67,32,27,27,19,58,10,65,58,58,40,22,22,22,0],"gold":433,"neow_bonus":"RANDOM_COMMON_RELIC","is_prod":false,"is_daily":false,"chose_seed":false,"campfire_upgraded":1,"win_rate":0,"timestamp":1564520540,"path_taken":["M","?","M","M","$","R","E","M","T","?","R","E","R","E","R","BOSS","M","?","M","?","$","R","?","M","T","R","?","E","?","M","R","BOSS","M","?","M","?","?","?","E"],"build_version":"2019-07-17","purchased_purges":1,"victory":false,"max_hp_per_floor":[70,70,70,70,70,70,72,74,74,74,74,74,74,74,74,74,79,81,81,81,81,81,81,81,81,81,81,81,83,83,83,83,83,83,83,83,83,83,83,83,83],"card_choices":[{"not_picked":["Acrobatics","Underhanded Strike"],"picked":"Cloak And Dagger","floor":1},{"not_picked":["Caltrops","Setup"],"picked":"Escape Plan","floor":3},{"not_picked":["Underhanded Strike","Bane"],"picked":"Dagger Throw","floor":4},{"not_picked":["Dodge and Roll","Distraction","Blur"],"picked":"Singing Bowl","floor":7},{"not_picked":["Flechettes","Blade Dance","Phantasmal Killer"],"picked":"Singing Bowl","floor":8},{"not_picked":["Quick Slash","Dagger Throw"],"picked":"Crippling Poison","floor":12},{"not_picked":["Bouncing Flask","Dagger Throw"],"picked":"Finisher","floor":14},{"not_picked":["Unload","Burst"],"picked":"After Image","floor":16},{"not_picked":["Dodge and Roll","Reflex"],"picked":"Blade Dance","floor":17},{"not_picked":["Outmaneuver","Acrobatics","Underhanded Strike"],"picked":"Singing Bowl","floor":18},{"not_picked":["Deadly Poison","Bane"],"picked":"Poisoned Stab+1","floor":20},{"not_picked":["Riddle With Holes","Dagger Spray"],"picked":"Backflip","floor":24},{"not_picked":["Prepared","All Out Attack"],"picked":"Accuracy+1","floor":25},{"not_picked":["Storm of Steel","Outmaneuver"],"picked":"Caltrops+1","floor":28},{"not_picked":["Bane","Distraction","Dodge and Roll"],"picked":"Singing Bowl","floor":29},{"not_picked":["Poisoned Stab","Acrobatics+1"],"picked":"Prepared+1","floor":31},{"not_picked":["Grand Finale","Malaise"],"picked":"Die Die Die","floor":33},{"not_picked":["Tactician+1","Dagger Throw+1"],"picked":"Deadly Poison+1","floor":35},{"not_picked":["Acrobatics","Backstab"],"picked":"Cloak And Dagger","floor":37},{"not_picked":["Reflex+1","Finisher"],"picked":"Flying Knee+1","floor":38},{"not_picked":["Impatience","Thinking Ahead"],"picked":"Finesse","floor":39}],"player_experience":657864,"relics_obtained":[{"floor":7,"key":"Orichalcum"},{"floor":9,"key":"Anchor"},{"floor":12,"key":"Centennial Puzzle"},{"floor":14,"key":"Shuriken"},{"floor":19,"key":"Enchiridion"},{"floor":26,"key":"Regal Pillow"},{"floor":28,"key":"Torii"},{"floor":28,"key":"Bottled Tornado"},{"floor":29,"key":"Bronze Scales"}],"event_choices":[{"damage_healed":0,"gold_gain":0,"player_choice":"Success","damage_taken":12,"relics_obtained":["Singing Bowl"],"max_hp_gain":0,"max_hp_loss":0,"event_name":"Scrap Ooze","floor":2,"gold_loss":0},{"cards_removed":["Strike_G"],"damage_healed":0,"gold_gain":0,"player_choice":"Offered Basic","damage_taken":0,"max_hp_gain":0,"max_hp_loss":0,"event_name":"Bonfire Elementals","floor":10,"gold_loss":0},{"damage_healed":0,"gold_gain":0,"player_choice":"Obtained Book","damage_taken":16,"max_hp_gain":0,"max_hp_loss":0,"event_name":"Cursed Tome","floor":19,"gold_loss":0},{"damage_healed":0,"gold_gain":0,"player_choice":"Bought 2 Potions","damage_taken":0,"max_hp_gain":0,"max_hp_loss":0,"event_name":"The Woman in Blue","floor":21,"gold_loss":0},{"damage_healed":0,"gold_gain":0,"player_choice":"Fight","damage_taken":0,"max_hp_gain":0,"max_hp_loss":0,"event_name":"Colosseum","floor":28,"gold_loss":0},{"damage_healed":0,"gold_gain":0,"player_choice":"Fought Nobs","damage_taken":0,"max_hp_gain":0,"max_hp_loss":0,"event_name":"Colosseum","floor":28,"gold_loss":0},{"damage_healed":0,"gold_gain":0,"player_choice":"Opened","damage_taken":0,"relics_obtained":["Girya"],"max_hp_gain":0,"max_hp_loss":0,"event_name":"The Mausoleum","floor":30,"gold_loss":0,"cards_obtained":["Writhe"]},{"damage_healed":0,"gold_gain":0,"player_choice":"Ignored","damage_taken":0,"max_hp_gain":0,"max_hp_loss":0,"event_name":"SecretPortal","floor":36,"gold_loss":0},{"damage_healed":0,"gold_gain":0,"player_choice":"Memory 1","damage_taken":0,"max_hp_gain":0,"max_hp_loss":0,"event_name":"SensoryStone","floor":39,"gold_loss":0},{"damage_healed":0,"gold_gain":0,"player_choice":"Ignored","damage_taken":0,"max_hp_gain":0,"max_hp_loss":0,"event_name":"Tomb of Lord Red Mask","floor":40,"gold_loss":0}],"is_beta":false,"boss_relics":[{"not_picked":["Velvet Choker","Empty Cage"],"picked":"Tiny House"},{"not_picked":["HoveringKite","Orrery"],"picked":"WristBlade"}],"items_purged_floors":[22],"is_endless":false,"potions_floor_spawned":[3,7,12,14,24,28,28,29,33,35,38],"killed_by":"Reptomancer","ascension_level":7}