{"gold_per_floor":[111,36,56,74,74,74,86,117,117,177,30,59,59,6,6,85,85,95,105,133,87,87],"floor_reached":22,"playtime":1042,"items_purged":["Strike_R"],"score":336,"play_id":"c28b023d-9827-452e-92b1-0640a739ace7","local_time":"20190331032912","is_ascension_mode":true,"campfire_choices":[{"data":"Bash","floor":6,"key":"SMITH"},{"data":"Shrug It Off","floor":13,"key":"SMITH"},{"data":"Battle Trance","floor":15,"key":"SMITH"}],"neow_cost":"NONE","seed_source_timestamp":0,"circlet_count":0,"master_deck":["AscendersBane","Strike_R","Strike_R","Strike_R","Defend_R","Defend_R","Defend_R","Defend_R","Bash+1","True Grit+1","Disarm","Shrug It Off+1","Battle Trance+1","Thunderclap+1","Inflame+1","Spot Weakness+1","Twin Strike+1","Barricade+1","Pommel Strike+1","Battle Trance+1","Iron Wave+1"],"relics":["Burning Blood","Art of War","Molten Egg 2","Frozen Egg 2","Toxic Egg 2","Darkstone Periapt","Fusion Hammer","Red Mask"],"potions_floor_usage":[8,10,16,18,20],"damage_taken":[{"damage":4,"enemies":"Small Slimes","floor":1,"turns":4},{"damage":6,"enemies":"2 Louse","floor":3,"turns":3},{"damage":1,"enemies":"Jaw Worm","floor":4,"turns":7},{"damage":13,"enemies":"Exordium Wildlife","floor":7,"turns":5},{"damage":11,"enemies":"3 Sentries","floor":8,"turns":7},{"damage":24,"enemies":"3 Sentries","floor":10,"turns":15},{"damage":11,"enemies":"Lagavulin","floor":12,"turns":7},{"damage":25,"enemies":"Slime Boss","floor":16,"turns":10},{"damage":27,"enemies":"3 Byrds","floor":18,"turns":6},{"damage":8,"enemies":"2 Thieves","floor":19,"turns":4},{"damage":31,"enemies":"Masked Bandits","floor":20,"turns":5},{"damage":15,"enemies":"Centurion and Healer","floor":22,"turns":1}],"seed_played":"-3775842784337264801","potions_obtained":[{"floor":3,"key":"Fire Potion"},{"floor":4,"key":"AttackPotion"},{"floor":8,"key":"Block Potion"},{"floor":12,"key":"Poison Potion"},{"floor":18,"key":"Poison Potion"}],"is_trial":false,"path_per_floor":["M","?","M","M","?","R","M","E","T","?","$","E","R","$","R","B",null,"M","M","?","$","M"],"character_chosen":"IRONCLAD","items_purchased":["Inflame+1","Twin Strike+1","Iron Wave+1"],"campfire_rested":0,"item_purchase_floors":[11,14,21],"current_hp_per_floor":[70,70,70,75,75,75,68,63,63,45,45,40,40,40,40,21,62,41,39,14,14,0],"gold":87,"neow_bonus":"RANDOM_COMMON_RELIC","is_prod":false,"is_daily":false,"chose_seed":true,"campfire_upgraded":3,"win_rate":0,"timestamp":1553992152,"path_taken":["M","?","M","M","?","R","M","E","T","?","$","E","R","?","R","BOSS","M","M","?","$","M"],"build_version":"2019-01-23","purchased_purges":1,"victory":false,"max_hp_per_floor":[75,75,75,75,75,75,75,75,75,75,75,75,75,75,75,75,75,75,75,75,75,75],"card_choices":[{"not_picked":["Reckless Charge","Sentinel"],"picked":"True Grit","floor":1},{"not_picked":["Dual Wield","Havoc"],"picked":"Disarm","floor":3},{"not_picked":["Second Wind","Anger"],"picked":"Shrug It Off","floor":4},{"not_picked":["Infernal Blade","Flex","Thunderclap"],"picked":"SKIP","floor":7},{"not_picked":["Thunderclap","Havoc"],"picked":"Battle Trance","floor":8},{"not_picked":["Pummel+1","Perfected Strike+1"],"picked":"Thunderclap+1","floor":10},{"not_picked":["Clash+1","Pummel+1"],"picked":"Spot Weakness+1","floor":12},{"not_picked":["Dark Embrace+1","Berserk+1"],"picked":"Barricade+1","floor":16},{"not_picked":["Clash+1","Warcry+1"],"picked":"Pommel Strike+1","floor":18},{"not_picked":["Feel No Pain+1","Anger+1"],"picked":"Battle Trance+1","floor":19}],"player_experience":830209,"relics_obtained":[{"floor":8,"key":"Molten Egg 2"},{"floor":9,"key":"Frozen Egg 2"},{"floor":12,"key":"Darkstone Periapt"},{"floor":20,"key":"Red Mask"}],"event_choices":[{"cards_removed":["Strike_R"],"damage_healed":0,"gold_gain":0,"player_choice":"Card Removal","damage_taken":0,"max_hp_gain":0,"max_hp_loss":0,"event_name":"The Cleric","floor":2,"gold_loss":75},{"damage_healed":0,"gold_gain":0,"player_choice":"Grow","damage_taken":0,"max_hp_gain":0,"max_hp_loss":0,"event_name":"Living Wall","floor":5,"gold_loss":0,"cards_upgraded":["True Grit"]},{"damage_healed":0,"gold_gain":0,"player_choice":"Searched \u00272\u0027 times","damage_taken":0,"relics_obtained":["Toxic Egg 2"],"max_hp_gain":0,"max_hp_loss":0,"event_name":"Dead Adventurer","floor":10,"gold_loss":0},{"damage_healed":0,"gold_gain":0,"player_choice":"Fought Bandits","damage_taken":0,"max_hp_gain":0,"max_hp_loss":0,"event_name":"Masked Bandits","floor":20,"gold_loss":0}],"is_beta":false,"boss_relics":[{"not_picked":["Coffee Dripper","Eternal Feather"],"picked":"Fusion Hammer"}],"items_purged_floors":[11],"is_endless":false,"potions_floor_spawned":[3,4,8,12,18],"killed_by":"Centurion and Healer","ascension_level":15}