{"gold_per_floor":[218,218,233,308,324,324,249,249,249,264,274,89,89,100,100,100],"floor_reached":16,"playtime":486,"items_purged":["Strike_R","Strike_R"],"score":92,"play_id":"910c591c-01b3-4066-9ccc-368e7f995a89","local_time":"20190711231930","is_ascension_mode":false,"campfire_choices":[{"data":"Bash","floor":6.0,"key":"SMITH"},{"floor":8.0,"key":"RECALL"},{"data":"Trip","floor":15.0,"key":"SMITH"}],"neow_cost":"NONE","seed_source_timestamp":15865893783130,"circlet_count":0,"master_deck":["Strike_R","Strike_R","Strike_R+1","Defend_R","Defend_R+1","Defend_R","Defend_R","Bash+1","Seeing Red","Trip+1"],"special_seed":0,"relics":["Burning Blood","Turnip"],"potions_floor_usage":[],"damage_taken":[{"damage":11.0,"enemies":"Jaw Worm","floor":1.0,"turns":4.0},{"damage":10.0,"enemies":"Small Slimes","floor":3.0,"turns":3.0},{"damage":4.0,"enemies":"2 Louse","floor":5.0,"turns":3.0},{"damage":5.0,"enemies":"Exordium Wildlife","floor":10.0,"turns":5.0},{"damage":2.0,"enemies":"3 Louse","floor":11.0,"turns":6.0},{"damage":6.0,"enemies":"Exordium Thugs","floor":14.0,"turns":5.0},{"damage":57,"enemies":"Slime Boss","floor":16,"turns":8}],"seed_played":"-8411575445174465953","potions_obtained":[{"floor":3.0,"key":"Block Potion"},{"floor":10.0,"key":"FearPotion"}],"is_trial":false,"path_per_floor":["M","?","M","?","M","R","$","R","T","M","M","$","T","M","R","B"],"character_chosen":"IRONCLAD","items_purchased":["Trip"],"campfire_rested":0,"item_purchase_floors":[12],"current_hp_per_floor":[75,59,55,44,46,46,46,46,46,47,51,51,51,51,51,0],"gold":100,"neow_bonus":"HUNDRED_GOLD","is_prod":false,"is_daily":false,"chose_seed":false,"campfire_upgraded":2,"win_rate":0,"timestamp":1562912370,"path_taken":["M","?","M","?","M","R","$","R","T","M","M","$","?","?","R","BOSS"],"build_version":"2019-07-05","purchased_purges":2,"victory":false,"max_hp_per_floor":[80,80,80,80,80,80,80,80,80,80,80,80,80,80,80,80],"card_choices":[{"not_picked":["Iron Wave","Clash","Pommel Strike"],"picked":"SKIP","floor":1.0},{"not_picked":["Disarm","Thunderclap","Heavy Blade"],"picked":"SKIP","floor":3.0},{"not_picked":["True Grit","Intimidate","Rampage"],"picked":"SKIP","floor":5.0},{"not_picked":["Sword Boomerang","Anger"],"picked":"Seeing Red","floor":10.0},{"not_picked":["Brutality","Reckless Charge","Thunderclap"],"picked":"SKIP","floor":11.0},{"not_picked":["True Grit","Twin Strike","Dual Wield"],"picked":"SKIP","floor":14.0}],"player_experience":559678,"relics_obtained":[{"floor":9.0,"key":"Turnip"}],"event_choices":[{"damage_healed":0.0,"max_hp_gain":0.0,"max_hp_loss":0.0,"gold_gain":0.0,"event_name":"Shining Light","player_choice":"Entered Light","floor":2.0,"gold_loss":0.0,"damage_taken":16.0,"cards_upgraded":["Strike_R","Defend_R"]},{"damage_healed":0.0,"max_hp_gain":0.0,"max_hp_loss":0.0,"gold_gain":75.0,"event_name":"World of Goop","player_choice":"Gather Gold","floor":4.0,"gold_loss":0.0,"damage_taken":11.0}],"is_beta":false,"boss_relics":[],"items_purged_floors":[7,12],"is_endless":false,"potions_floor_spawned":[3,10],"killed_by":"Slime Boss","ascension_level":0}