{"gold_per_floor":[118,118,18,18,18,51,74,74,74,74,95,95,115,134,134,134],"floor_reached":16,"playtime":450,"items_purged":["Injury"],"score":105,"play_id":"7261a0b7-a3d4-4922-8c1e-ba15cb4f6f9a","local_time":"20180817235640","is_ascension_mode":true,"campfire_choices":[{"floor":8,"key":"REST"},{"floor":10,"key":"REST"},{"floor":15,"key":"REST"}],"neow_cost":"NONE","seed_source_timestamp":17040432989694,"circlet_count":0,"master_deck":["Strike_B","Strike_B","Strike_B","Strike_B","Defend_B","Defend_B","Defend_B","Defend_B","Zap","Dualcast","FTL","Tempest","Conserve Battery","Storm","Force Field","Sunder","Decay","Chaos","Sunder","Recycle"],"relics":["Philosopher\u0027s Stone","Golden Idol","CultistMask","Dream Catcher","Pantograph"],"potions_floor_usage":[16],"damage_taken":[{"damage":3,"enemies":"Cultist","floor":1,"turns":3},{"damage":45,"enemies":"Lagavulin","floor":6,"turns":8},{"damage":7,"enemies":"2 Louse","floor":7,"turns":2},{"damage":13,"enemies":"Jaw Worm","floor":11,"turns":2},{"damage":0,"enemies":"3 Louse","floor":13,"turns":2},{"damage":25,"enemies":"Lots of Slimes","floor":14,"turns":3},{"damage":76,"enemies":"Hexaghost","floor":16,"turns":7}],"seed_played":"-2963817019581084403","potions_obtained":[{"floor":1,"key":"SpeedPotion"},{"floor":14,"key":"FearPotion"}],"is_trial":false,"path_per_floor":["M","?","$","?","?","E","M","R","T","R","M","?","M","M","R"],"character_chosen":"DEFECT","items_purchased":["Rebound"],"campfire_rested":3,"item_purchase_floors":[3],"current_hp_per_floor":[72,72,72,75,75,30,23,45,45,67,54,54,54,29,51,0],"gold":134,"neow_bonus":"BOSS_RELIC","is_prod":false,"is_daily":false,"chose_seed":false,"campfire_upgraded":0,"win_rate":0,"timestamp":1534546600,"path_taken":["M","?","$","?","?","E","?","R","T","R","?","?","M","?","R","BOSS"],"build_version":"2018-08-16","purchased_purges":1,"victory":false,"max_hp_per_floor":[75,75,75,75,75,75,75,75,75,75,75,75,75,75,75,75],"card_choices":[{"not_picked":["Darkness","Rebound"],"picked":"FTL","floor":1},{"not_picked":["Fusion","Melter"],"picked":"Tempest","floor":6},{"not_picked":["Stack","Loop"],"picked":"Conserve Battery","floor":7},{"not_picked":["Beam Cell","Hologram"],"picked":"Storm","floor":8},{"not_picked":["Go for the Eyes","Rebound"],"picked":"Force Field","floor":10},{"not_picked":["Steam","Loop"],"picked":"Sunder","floor":11},{"not_picked":["Compile Driver","Coolheaded"],"picked":"Chaos","floor":13},{"not_picked":["Chaos","Turbo"],"picked":"Sunder","floor":14},{"not_picked":["Sweeping Beam","Redo"],"picked":"Recycle","floor":15}],"player_experience":108410,"relics_obtained":[{"floor":6,"key":"Dream Catcher"},{"floor":9,"key":"Pantograph"}],"event_choices":[{"event_name":"Golden Idol","player_choice":"Take Wound","floor":2,"damage_taken":0},{"event_name":"Bonfire Elementals","player_choice":"COMMON","floor":4,"damage_taken":0},{"event_name":"FaceTrader","player_choice":"Trade","floor":5,"damage_taken":0},{"event_name":"Wheel of Change","player_choice":"Curse","floor":12,"damage_taken":0}],"is_beta":false,"boss_relics":[],"items_purged_floors":[3],"is_endless":false,"potions_floor_spawned":[1,14],"killed_by":"Hexaghost","ascension_level":1}