{"gold_per_floor":[115,115,125,0,12,38,38,56,56,56,56,56,84,111,111,111],"floor_reached":16,"playtime":942,"items_purged":["Strike_R"],"score":130,"play_id":"caf99caf-2311-4e5e-a3ba-e102bf15315b","local_time":"20190728113456","is_ascension_mode":true,"campfire_choices":[{"data":"Wild Strike","floor":7,"key":"SMITH"},{"data":"Flame Barrier","floor":10,"key":"SMITH"},{"floor":15,"key":"REST"}],"neow_cost":"NONE","seed_source_timestamp":4669661519770,"circlet_count":0,"master_deck":["Strike_R","Strike_R","Strike_R","Strike_R","Defend_R","Defend_R","Defend_R","Defend_R","Bash","Wild Strike+1","Pummel","Shrug It Off","Flame Barrier+1","Power Through","Clothesline"],"relics":["Burning Blood","Self Forming Clay","Singing Bowl","Gremlin Horn","Odd Mushroom","Dream Catcher"],"potions_floor_usage":[6,6,16],"damage_taken":[{"damage":0,"enemies":"2 Louse","floor":1,"turns":3},{"damage":13,"enemies":"Jaw Worm","floor":3,"turns":4},{"damage":7,"enemies":"Small Slimes","floor":5,"turns":3},{"damage":22,"enemies":"Gremlin Nob","floor":6,"turns":4},{"damage":8,"enemies":"Blue Slaver","floor":8,"turns":3},{"damage":2,"enemies":"The Mushroom Lair","floor":13,"turns":4},{"damage":25,"enemies":"3 Sentries","floor":14,"turns":9},{"damage":58,"enemies":"Slime Boss","floor":16,"turns":10}],"seed_played":"-8643317322746196802","potions_obtained":[{"floor":0,"key":"Strength Potion"},{"floor":0,"key":"Strength Potion"},{"floor":0,"key":"EssenceOfSteel"},{"floor":6,"key":"Poison Potion"},{"floor":8,"key":"Ancient Potion"}],"is_trial":false,"path_per_floor":["M","?","M","$","M","E","R","M","T","R","?","$","?","E","R","B"],"character_chosen":"IRONCLAD","items_purchased":["Shrug It Off"],"campfire_rested":1,"item_purchase_floors":[4],"current_hp_per_floor":[80,68,61,61,60,46,46,44,44,44,44,44,50,31,58,0],"gold":111,"neow_bonus":"THREE_SMALL_POTIONS","is_prod":false,"is_daily":false,"chose_seed":false,"campfire_upgraded":2,"win_rate":0,"timestamp":1564306496,"path_taken":["M","?","M","$","M","E","R","M","T","R","?","$","?","E","R","BOSS"],"build_version":"2019-07-17","purchased_purges":1,"victory":false,"max_hp_per_floor":[80,80,80,80,80,82,82,82,82,82,82,82,84,84,86,86],"card_choices":[{"not_picked":["Body Slam","Power Through"],"picked":"Wild Strike","floor":1},{"not_picked":["Pommel Strike","Rage"],"picked":"Pummel","floor":3},{"not_picked":["Havoc","Thunderclap"],"picked":"Flame Barrier","floor":5},{"not_picked":["Berserk","Ghostly Armor","Bloodletting"],"picked":"Singing Bowl","floor":6},{"not_picked":["Hemokinesis","Clash"],"picked":"Power Through","floor":8},{"not_picked":["Dual Wield","Flex","Evolve"],"picked":"Singing Bowl","floor":13},{"not_picked":["Combust","Shrug It Off"],"picked":"Clothesline","floor":14},{"not_picked":["Cleave","Seeing Red","Havoc"],"picked":"Singing Bowl","floor":15}],"player_experience":613457,"relics_obtained":[{"floor":6,"key":"Singing Bowl"},{"floor":9,"key":"Gremlin Horn"},{"floor":13,"key":"Odd Mushroom"},{"floor":14,"key":"Dream Catcher"}],"event_choices":[{"damage_healed":0,"gold_gain":0,"player_choice":"Success","damage_taken":12,"relics_obtained":["Self Forming Clay"],"max_hp_gain":0,"max_hp_loss":0,"event_name":"Scrap Ooze","floor":2,"gold_loss":0},{"damage_healed":0,"gold_gain":0,"player_choice":"Ignored","damage_taken":0,"max_hp_gain":0,"max_hp_loss":0,"event_name":"Golden Idol","floor":11,"gold_loss":0},{"damage_healed":0,"gold_gain":0,"player_choice":"Fought Mushrooms","damage_taken":0,"max_hp_gain":0,"max_hp_loss":0,"event_name":"Mushrooms","floor":13,"gold_loss":0}],"is_beta":false,"boss_relics":[],"items_purged_floors":[4],"is_endless":false,"potions_floor_spawned":[1,5,6,8],"killed_by":"Slime Boss","ascension_level":4}