{"gold_per_floor":[115,135,135,135,154,154,183,183,183,246,259,269,39,56,56,157,157,144,220,28,42,141,167,179,220,283,295,307,319,345,390,402,511,523,551,574,596,297,308,308,338,358,358,381,381,416,416,436,436,436,436,436,82,115,115],"floor_reached":56,"playtime":2435,"items_purged":["Strike_R","Strike_R","Strike_R+1"],"score":1375,"play_id":"a637cb41-09ec-46a3-8bcb-4bcd6f2e74bc","local_time":"20190627182405","is_ascension_mode":true,"campfire_choices":[{"data":"Strike_R","floor":6.0,"key":"SMITH"},{"data":"Strike_R","floor":8.0,"key":"SMITH"},{"data":"True Grit","floor":15.0,"key":"SMITH"},{"data":"Offering","floor":24.0,"key":"SMITH"},{"data":"Flame Barrier","floor":29.0,"key":"SMITH"},{"floor":32.0,"key":"REST"},{"data":"Demon Form","floor":45.0,"key":"SMITH"},{"data":"Uppercut","floor":47.0,"key":"SMITH"},{"floor":49.0,"key":"RECALL"},{"data":"Shrug It Off","floor":52.0,"key":"SMITH"}],"neow_cost":"NONE","seed_source_timestamp":11522715629605,"circlet_count":0,"master_deck":["Strike_R+1","Defend_R","Defend_R+1","Defend_R+1","Bash+1","Power Through+1","True Grit+1","Pommel Strike","Shrug It Off+1","Flame Barrier+1","Offering+1","Clothesline","Carnage","Battle Trance+1","Metallicize","Shrug It Off+1","Demon Form+1","Heavy Blade+1","Thunderclap+1","Offering","Uppercut+1","Shockwave+1","Apotheosis","Impervious","Flash of Steel","Juggernaut"],"special_seed":0,"relics":["Burning Blood","Shuriken","Gremlin Horn","Tiny Chest","Bag of Preparation","Mark of Pain","Question Card","Membership Card","MawBank","Torii","Bag of Marbles","War Paint","Sozu","Oddly Smooth Stone","Red Skull","Bottled Lightning","Strawberry","Thread and Needle","Bronze Scales","Orichalcum"],"potions_floor_usage":[55,55],"damage_taken":[{"damage":3.0,"enemies":"Jaw Worm","floor":1.0,"turns":4.0},{"damage":7.0,"enemies":"Small Slimes","floor":2.0,"turns":3.0},{"damage":6.0,"enemies":"Cultist","floor":5.0,"turns":3.0},{"damage":28.0,"enemies":"Gremlin Nob","floor":7.0,"turns":4.0},{"damage":36.0,"enemies":"Lagavulin","floor":10.0,"turns":7.0},{"damage":7.0,"enemies":"Large Slime","floor":11.0,"turns":8.0},{"damage":0.0,"enemies":"3 Louse","floor":12.0,"turns":3.0},{"damage":0.0,"enemies":"Lots of Slimes","floor":14.0,"turns":4.0},{"damage":47.0,"enemies":"The Guardian","floor":16.0,"turns":20.0},{"damage":11.0,"enemies":"2 Thieves","floor":18.0,"turns":4.0},{"damage":14.0,"enemies":"Shell Parasite","floor":21.0,"turns":8.0},{"damage":12.0,"enemies":"Slavers","floor":23.0,"turns":6.0},{"damage":30.0,"enemies":"Book of Stabbing","floor":25.0,"turns":4.0},{"damage":1.0,"enemies":"Snake Plant","floor":30.0,"turns":3.0},{"damage":22.0,"enemies":"Slavers","floor":31.0,"turns":4.0},{"damage":41.0,"enemies":"Collector","floor":33.0,"turns":19.0},{"damage":6.0,"enemies":"Orb Walker","floor":35.0,"turns":5.0},{"damage":3.0,"enemies":"3 Shapes","floor":36.0,"turns":4.0},{"damage":7.0,"enemies":"Maw","floor":37.0,"turns":7.0},{"damage":28.0,"enemies":"Writhing Mass","floor":39.0,"turns":5.0},{"damage":14.0,"enemies":"Nemesis","floor":41.0,"turns":7.0},{"damage":6.0,"enemies":"Jaw Worm Horde","floor":42.0,"turns":3.0},{"damage":12.0,"enemies":"Giant Head","floor":46.0,"turns":7.0},{"damage":0.0,"enemies":"Transient","floor":48.0,"turns":5.0},{"damage":37.0,"enemies":"Awakened One","floor":50.0,"turns":12.0},{"damage":29,"enemies":"Shield and Spear","floor":54,"turns":6},{"damage":39,"enemies":"The Heart","floor":55,"turns":8}],"seed_played":"4949437392066180301","potions_obtained":[{"floor":1.0,"key":"Ancient Potion"},{"floor":10.0,"key":"Swift Potion"},{"floor":11.0,"key":"Regen Potion"},{"floor":23.0,"key":"Strength Potion"}],"is_trial":false,"path_per_floor":["M","M","?","?","M","R","E","R","T","E","M","M","$","M","R","B",null,"M","T","$","M","?","E","R","E","T","?","?","R","M","E","R","B",null,"M","M","M","$","M","?","E","M","T","T","R","E","R","M","R","B",null,"R","$","E","B",null],"character_chosen":"IRONCLAD","items_purchased":["Bag of Preparation","Membership Card","Oddly Smooth Stone","Red Skull","Offering","Uppercut","Apotheosis","Bronze Scales","Impervious","Flash of Steel"],"campfire_rested":1,"item_purchase_floors":[13,20,38,38,38,38,53,53,53,53],"current_hp_per_floor":[80,79,79,79,79,79,57,57,57,27,26,32,32,38,38,12,80,75,75,75,67,67,61,61,37,37,37,37,37,42,26,50,15,80,80,80,79,79,57,57,49,49,49,56,56,50,50,56,56,25,87,87,87,64,31],"gold":115,"neow_bonus":"UPGRADE_CARD","is_prod":false,"is_daily":false,"chose_seed":false,"campfire_upgraded":8,"win_rate":0,"timestamp":1561649045,"path_taken":["M","M","?","?","M","R","E","R","T","E","M","M","$","M","R","BOSS","M","?","$","M","?","E","R","E","T","?","?","R","M","E","R","BOSS","M","?","M","$","M","?","E","M","T","?","R","E","R","M","R","BOSS","R","$","E","BOSS"],"build_version":"2019-01-23","purchased_purges":3,"victory":true,"max_hp_per_floor":[80,80,80,80,80,80,80,80,80,80,80,80,80,80,80,80,80,80,80,80,80,80,80,80,80,80,80,80,80,80,80,80,80,80,80,80,80,80,80,80,80,80,80,87,87,87,87,87,87,87,87,87,87,87,87],"card_choices":[{"not_picked":["Dual Wield","Bloodletting","Heavy Blade"],"picked":"SKIP","floor":1.0},{"not_picked":["Second Wind","Flex","Anger"],"picked":"SKIP","floor":2.0},{"not_picked":["Reckless Charge","Havoc","Reaper"],"picked":"SKIP","floor":5.0},{"not_picked":["Power Through","Anger","Juggernaut"],"picked":"SKIP","floor":7.0},{"not_picked":["Combust","Twin Strike"],"picked":"True Grit","floor":10.0},{"not_picked":["Seeing Red","Body Slam"],"picked":"Pommel Strike","floor":11.0},{"not_picked":["Sword Boomerang","Second Wind"],"picked":"Shrug It Off","floor":12.0},{"not_picked":["Havoc","Clash"],"picked":"Flame Barrier","floor":14.0},{"not_picked":["Berserk","Reaper"],"picked":"Offering","floor":16.0},{"not_picked":["Metallicize","Ghostly Armor"],"picked":"Clothesline","floor":18.0},{"not_picked":["Pommel Strike","Perfected Strike","Fire Breathing"],"picked":"Carnage","floor":21.0},{"not_picked":["Fiend Fire","Intimidate","Corruption"],"picked":"Battle Trance+1","floor":23.0},{"not_picked":["Perfected Strike","Armaments","Havoc","Warcry"],"picked":"SKIP","floor":25.0},{"not_picked":["True Grit","Whirlwind","Power Through"],"picked":"Metallicize","floor":30.0},{"not_picked":["Infernal Blade","Offering","Headbutt"],"picked":"Shrug It Off+1","floor":31.0},{"not_picked":["Bludgeon","Dark Embrace","Brutality"],"picked":"Demon Form","floor":33.0},{"not_picked":["Anger+1","Iron Wave","Headbutt+1"],"picked":"Heavy Blade+1","floor":35.0},{"not_picked":["Havoc","Thunderclap+1","True Grit+1","Headbutt+1"],"picked":"SKIP","floor":36.0},{"not_picked":["Flex+1","Clothesline","Reckless Charge+1"],"picked":"Thunderclap+1","floor":37.0},{"not_picked":["Spot Weakness+1","Inflame+1","Sever Soul"],"picked":"Shockwave+1","floor":39.0},{"not_picked":["Twin Strike+1","Intimidate+1","Wild Strike+1","Perfected Strike+1"],"picked":"SKIP","floor":41.0},{"not_picked":["Shrug It Off","Clothesline","Armaments","Rampage+1"],"picked":"SKIP","floor":42.0},{"not_picked":["Clash","Spot Weakness","Searing Blow+1","Combust"],"picked":"SKIP","floor":46.0},{"not_picked":["Body Slam","Battle Trance","Clothesline+1","Fire Breathing+1"],"picked":"SKIP","floor":48.0},{"not_picked":["Entrench","Anger","Uppercut"],"picked":"Juggernaut","floor":54}],"player_experience":1016311,"relics_obtained":[{"floor":7.0,"key":"Shuriken"},{"floor":9.0,"key":"Gremlin Horn"},{"floor":10.0,"key":"Tiny Chest"},{"floor":19.0,"key":"Question Card"},{"floor":23.0,"key":"MawBank"},{"floor":25.0,"key":"Torii"},{"floor":26.0,"key":"Bag of Marbles"},{"floor":31.0,"key":"War Paint"},{"floor":41.0,"key":"Bottled Lightning"},{"floor":44.0,"key":"Strawberry"},{"floor":46.0,"key":"Thread and Needle"},{"floor":54,"key":"Orichalcum"}],"event_choices":[{"damage_healed":0.0,"max_hp_gain":0.0,"max_hp_loss":0.0,"gold_gain":0.0,"cards_transformed":["Strike_R"],"event_name":"Living Wall","player_choice":"Change","floor":3.0,"gold_loss":0.0,"damage_taken":0.0,"cards_obtained":["Power Through"]},{"damage_healed":0.0,"max_hp_gain":0.0,"max_hp_loss":0.0,"gold_gain":0.0,"event_name":"Upgrade Shrine","player_choice":"Upgraded","floor":4.0,"gold_loss":0.0,"damage_taken":0.0,"cards_upgraded":["Power Through"]},{"damage_healed":0.0,"max_hp_gain":0.0,"max_hp_loss":0.0,"gold_gain":99.0,"event_name":"Nest","player_choice":"Stole From Cult","floor":22.0,"gold_loss":0.0,"damage_taken":0.0},{"damage_healed":0.0,"max_hp_gain":0.0,"max_hp_loss":0.0,"gold_gain":0.0,"event_name":"Vampires","player_choice":"Ignored","floor":27.0,"gold_loss":0.0,"damage_taken":0.0},{"cards_removed":["Defend_R"],"damage_healed":0.0,"max_hp_gain":0.0,"max_hp_loss":0.0,"gold_gain":0.0,"event_name":"Bonfire Elementals","player_choice":"Offered Basic","floor":28.0,"gold_loss":0.0,"damage_taken":0.0},{"damage_healed":0.0,"max_hp_gain":0.0,"max_hp_loss":0.0,"gold_gain":0.0,"event_name":"Tomb of Lord Red Mask","player_choice":"Ignored","floor":40.0,"gold_loss":0.0,"damage_taken":0.0}],"is_beta":false,"boss_relics":[{"not_picked":["Pandora\u0027s Box","Lizard Tail"],"picked":"Mark of Pain"},{"not_picked":["Runic Cube","Empty Cage"],"picked":"Sozu"}],"items_purged_floors":[13,38,53],"is_endless":false,"potions_floor_spawned":[1,10,11,23,25,31,36,37,39,54],"ascension_level":1}