{"gold_per_floor":[117,42,42,56,70,70,86,86,86,86,97,131,131,147,147,224,224,237,162,177,177],"floor_reached":21,"playtime":632,"items_purged":[],"score":344,"play_id":"7728b712-fe56-46ad-82cd-e09018019c33","local_time":"20180930225107","is_ascension_mode":true,"campfire_choices":[{"data":"Armaments","floor":6.0,"key":"SMITH"},{"data":"Flex","floor":8.0,"key":"SMITH"},{"floor":15.0,"key":"REST"}],"neow_cost":"","seed_source_timestamp":40438600394735,"circlet_count":0,"master_deck":["Strike_R","Strike_R","Defend_R","Defend_R","Defend_R","Bash","AscendersBane","Flex+1","Carnage","Armaments+1","Whirlwind","Immolate","Evolve","Shrug It Off","Demon Form","Flame Barrier"],"special_seed":0,"relics":["Burning Blood","Kunai","Meat on the Bone","Sozu"],"potions_floor_usage":[16,16],"damage_taken":[{"damage":13.0,"enemies":"2 Louse","floor":1.0,"turns":3.0},{"damage":16.0,"enemies":"Jaw Worm","floor":4.0,"turns":5.0},{"damage":0.0,"enemies":"Small Slimes","floor":5.0,"turns":3.0},{"damage":6.0,"enemies":"Looter","floor":7.0,"turns":3.0},{"damage":8.0,"enemies":"Lots of Slimes","floor":11.0,"turns":6.0},{"damage":22.0,"enemies":"3 Sentries","floor":12.0,"turns":7.0},{"damage":13.0,"enemies":"Exordium Thugs","floor":14.0,"turns":3.0},{"damage":60,"enemies":"Slime Boss","floor":16,"turns":9},{"damage":23,"enemies":"Chosen","floor":18,"turns":5},{"damage":32,"enemies":"Spheric Guardian","floor":20,"turns":6},{"damage":31,"enemies":"Shelled Parasite and Fungi","floor":21,"turns":1}],"seed_played":"-4300011443571381655","potions_obtained":[{"floor":7.0,"key":"Regen Potion"},{"floor":12.0,"key":"Block Potion"},{"floor":14.0,"key":"FearPotion"}],"is_trial":false,"path_per_floor":["M","?","?","M","M","R","M","R","T","?","M","E","?","M","R","B",null,"M","?","M"],"character_chosen":"IRONCLAD","items_purchased":[],"campfire_rested":1,"item_purchase_floors":[],"current_hp_per_floor":[61,61,54,44,50,50,50,50,50,50,48,32,32,37,59,22,62,45,45,31,0],"gold":177,"neow_bonus":"","is_prod":false,"is_daily":false,"chose_seed":false,"campfire_upgraded":2,"win_rate":0,"timestamp":1538337067,"path_taken":["M","?","?","M","M","R","M","R","T","?","?","E","?","M","R","BOSS","M","?","?","M"],"build_version":"2018-09-27","purchased_purges":0,"victory":false,"max_hp_per_floor":[75,75,75,75,75,75,75,75,75,75,75,75,75,75,75,75,75,75,75,75,75],"card_choices":[{"not_picked":["Iron Wave","Havoc"],"picked":"Flex","floor":1.0},{"not_picked":["Sever Soul","True Grit"],"picked":"Carnage","floor":4.0},{"not_picked":["Havoc","Intimidate"],"picked":"Armaments","floor":5.0},{"not_picked":["Perfected Strike","True Grit","Rage"],"picked":"SKIP","floor":7.0},{"not_picked":["Reckless Charge","Metallicize"],"picked":"Whirlwind","floor":11.0},{"not_picked":["Dropkick","Perfected Strike"],"picked":"Immolate","floor":12.0},{"not_picked":["Anger","Perfected Strike"],"picked":"Shrug It Off","floor":14.0},{"not_picked":["Exhume","Feed"],"picked":"Demon Form","floor":16},{"not_picked":["Rage","Entrench+1"],"picked":"Flame Barrier","floor":18},{"not_picked":["Evolve","Havoc","Headbutt"],"picked":"SKIP","floor":20}],"player_experience":479587,"relics_obtained":[{"floor":9.0,"key":"Kunai"},{"floor":12.0,"key":"Meat on the Bone"}],"event_choices":[{"event_name":"The Cleric","player_choice":"Card Removal","floor":2.0,"damage_taken":0.0},{"event_name":"Golden Wing","player_choice":"Card Removal","floor":3.0,"damage_taken":0.0},{"event_name":"Golden Idol","player_choice":"Ignored","floor":10.0,"damage_taken":0.0},{"event_name":"Transmorgrifier","player_choice":"Transform","floor":13.0,"damage_taken":0.0},{"event_name":"Beggar","player_choice":"Gave Gold","floor":19,"damage_taken":0}],"is_beta":false,"boss_relics":[{"not_picked":["Philosopher\u0027s Stone","Eternal Feather"],"picked":"Sozu"}],"items_purged_floors":[],"is_endless":false,"potions_floor_spawned":[7,12,14,18,20],"killed_by":"Shelled Parasite and Fungi","ascension_level":18}