{"gold_per_floor":[119,129,129,149,149,149,175,175,224,254,254,267,294,89,89,160,160,177,177,177,194,213,213,240,253,253,253,265,275,275,47,47,118,118,136,148,48,48,48,78,78,112,136,136,57,57,77,17,17,17],"floor_reached":51,"playtime":2077,"items_purged":["Strike_B","Strike_B"],"score":1294,"play_id":"e8e00320-2280-45dc-aef7-0cbf0a29277e","local_time":"20180923223729","is_ascension_mode":true,"campfire_choices":[{"data":"Ball Lightning","floor":6.0,"key":"SMITH"},{"data":"Sunder","floor":8.0,"key":"SMITH"},{"floor":11.0,"key":"REST"},{"data":"Defragment","floor":15.0,"key":"SMITH"},{"floor":23.0,"key":"REST"},{"floor":27.0,"key":"REST"},{"floor":30.0,"key":"REST"},{"floor":32,"key":"REST"},{"floor":41,"key":"REST"},{"data":"Buffer","floor":44,"key":"SMITH"},{"data":"Defragment","floor":49,"key":"SMITH"}],"neow_cost":"NONE","seed_source_timestamp":34205796077070,"circlet_count":0,"master_deck":["Strike_B","Strike_B","Defend_B","Defend_B","Zap+1","Dualcast","AscendersBane","Cold Snap","Ball Lightning+1","Sweeping Beam","Sunder+1","Buffer+1","Hologram","Defragment+1","Machine Learning","Self Repair","Glacier","Capacitor+1","BootSequence","Defragment+1","White Noise"],"special_seed":0,"relics":["Cracked Core","Pen Nib","Anchor","Potion Belt","Oddly Smooth Stone","Empty Cage","Mercury Hourglass","PreservedInsect","Lantern","Velvet Choker","Bag of Marbles","Pocketwatch","Ancient Tea Set"],"potions_floor_usage":[33,33,42,50,50,50],"damage_taken":[{"damage":5.0,"enemies":"Small Slimes","floor":1.0,"turns":3.0},{"damage":0.0,"enemies":"Jaw Worm","floor":2.0,"turns":3.0},{"damage":7.0,"enemies":"2 Louse","floor":4.0,"turns":3.0},{"damage":11.0,"enemies":"3 Sentries","floor":7.0,"turns":4.0},{"damage":30.0,"enemies":"Lagavulin","floor":10.0,"turns":5.0},{"damage":0.0,"enemies":"Exordium Wildlife","floor":12.0,"turns":2.0},{"damage":6.0,"enemies":"Gremlin Nob","floor":13.0,"turns":4.0},{"damage":45.0,"enemies":"Hexaghost","floor":16.0,"turns":10.0},{"damage":13.0,"enemies":"3 Byrds","floor":18.0,"turns":3.0},{"damage":2.0,"enemies":"Chosen","floor":21.0,"turns":4.0},{"damage":29.0,"enemies":"Snake Plant","floor":22.0,"turns":4.0},{"damage":14.0,"enemies":"Gremlin Leader","floor":24.0,"turns":7.0},{"damage":41.0,"enemies":"Shelled Parasite and Fungi","floor":25.0,"turns":5.0},{"damage":8.0,"enemies":"Chosen and Byrds","floor":28.0,"turns":5.0},{"damage":10.0,"enemies":"Centurion and Healer","floor":29.0,"turns":6.0},{"damage":12,"enemies":"Champ","floor":33,"turns":14},{"damage":2,"enemies":"3 Darklings","floor":35,"turns":4},{"damage":18,"enemies":"Orb Walker","floor":36,"turns":5},{"damage":20,"enemies":"2 Orb Walkers","floor":40,"turns":4},{"damage":26,"enemies":"Giant Head","floor":42,"turns":10},{"damage":0,"enemies":"Maw","floor":47,"turns":7},{"damage":29,"enemies":"Donu and Deca","floor":50,"turns":10}],"seed_played":"-5385165214504848718","potions_obtained":[{"floor":1.0,"key":"Regen Potion"},{"floor":2.0,"key":"Explosive Potion"},{"floor":7.0,"key":"Regen Potion"},{"floor":13.0,"key":"Regen Potion"},{"floor":16.0,"key":"SpeedPotion"},{"floor":21.0,"key":"EntropicBrew"},{"floor":28.0,"key":"Poison Potion"},{"floor":29.0,"key":"Regen Potion"},{"floor":33,"key":"SpeedPotion"},{"floor":35,"key":"SkillPotion"},{"floor":38,"key":"SkillPotion"}],"is_trial":false,"path_per_floor":["M","M","?","M","?","R","E","R","T","E","R","M","E","$","R","B",null,"M","?","?","M","M","R","E","M","T","R","M","M","R","$","R","B",null,"M","M","$","?","?","E","R","E","T","R","$","?","M","$","R","B"],"character_chosen":"DEFECT","items_purchased":["Defragment","Melter","Lantern","Poison Potion","Defragment","FearPotion"],"campfire_rested":6,"item_purchase_floors":[14,14,31,31,45,48],"current_hp_per_floor":[59,59,59,52,52,52,41,41,41,11,32,32,26,26,26,35,62,49,49,49,47,30,51,44,10,10,31,30,20,41,41,62,57,68,71,60,60,60,60,47,68,49,49,49,49,49,56,56,56,49],"gold":17,"neow_bonus":"THREE_CARDS","is_prod":false,"is_daily":false,"chose_seed":false,"campfire_upgraded":5,"win_rate":0,"timestamp":1537731449,"path_taken":["M","M","?","M","?","R","E","R","T","E","R","M","E","?","R","BOSS","M","?","?","M","M","R","E","M","T","R","M","M","R","?","R","BOSS","M","M","$","?","?","E","R","E","T","R","$","?","M","$","R","BOSS"],"build_version":"2018-09-20","purchased_purges":2,"victory":true,"max_hp_per_floor":[71,71,71,71,71,71,71,71,71,71,71,71,71,71,71,71,71,71,71,71,71,71,71,71,71,71,71,71,71,71,71,71,71,71,71,71,71,71,71,71,71,71,71,71,71,71,71,71,71,71],"card_choices":[{"not_picked":["Leap","Heatsinks"],"picked":"Cold Snap","floor":0.0},{"not_picked":["Tempest","Storm"],"picked":"Ball Lightning","floor":1.0},{"not_picked":["Heatsinks","Darkness","Steam"],"picked":"SKIP","floor":2.0},{"not_picked":["Go for the Eyes","Chaos"],"picked":"Sweeping Beam","floor":4.0},{"not_picked":["Ball Lightning","Go for the Eyes"],"picked":"Sunder","floor":7.0},{"not_picked":["Scrape","Darkness"],"picked":"Buffer","floor":10.0},{"not_picked":["Tempest","Steam","Fusion"],"picked":"SKIP","floor":12.0},{"not_picked":["Barrage","Sweeping Beam"],"picked":"Hologram","floor":13.0},{"not_picked":["All For One","Creative AI"],"picked":"Machine Learning","floor":16.0},{"not_picked":["Aggregate","Sweeping Beam","Stack+1"],"picked":"SKIP","floor":18.0},{"not_picked":["Cold Snap","Redo","Rebound"],"picked":"SKIP","floor":21.0},{"not_picked":["Beam Cell","Stack"],"picked":"Self Repair","floor":22.0},{"not_picked":["Rebound","Coolheaded","Lockon"],"picked":"SKIP","floor":24.0},{"not_picked":["Cold Snap","Scrape"],"picked":"Glacier","floor":25.0},{"not_picked":["Heatsinks","Cold Snap"],"picked":"Capacitor+1","floor":28.0},{"not_picked":["Storm","Stack"],"picked":"BootSequence","floor":29.0},{"not_picked":["FTL+1","Tempest","Rebound"],"picked":"SKIP","floor":35},{"not_picked":["Stack+1","Sweeping Beam","Redo"],"picked":"SKIP","floor":36},{"not_picked":["Aggregate","Glacier","All For One"],"picked":"SKIP","floor":40},{"not_picked":["Rebound","Hologram","Redo+1"],"picked":"SKIP","floor":42},{"not_picked":["Redo+1","Conserve Battery"],"picked":"White Noise","floor":47}],"player_experience":476950,"relics_obtained":[{"floor":7.0,"key":"Pen Nib"},{"floor":9.0,"key":"Anchor"},{"floor":10.0,"key":"Potion Belt"},{"floor":13.0,"key":"Oddly Smooth Stone"},{"floor":24.0,"key":"Mercury Hourglass"},{"floor":26.0,"key":"PreservedInsect"},{"floor":40,"key":"Bag of Marbles"},{"floor":42,"key":"Pocketwatch"},{"floor":43,"key":"Ancient Tea Set"}],"event_choices":[{"event_name":"Golden Idol","player_choice":"Ignored","floor":3.0,"damage_taken":0.0},{"event_name":"Living Wall","player_choice":"Grow","floor":5.0,"damage_taken":0.0},{"event_name":"The Mausoleum","player_choice":"No","floor":19.0,"damage_taken":0.0},{"event_name":"Vampires","player_choice":"Ignored","floor":20.0,"damage_taken":0.0},{"event_name":"The Lab","player_choice":"Got Potions","floor":38,"damage_taken":0},{"event_name":"Falling","player_choice":"Removed Attack","floor":39,"damage_taken":0},{"event_name":"Mysterious Sphere","player_choice":"Ignore","floor":46,"damage_taken":0}],"is_beta":false,"boss_relics":[{"not_picked":["FrozenCore","Snecko Eye"],"picked":"Empty Cage"},{"not_picked":["Runic Pyramid","Fusion Hammer"],"picked":"Velvet Choker"}],"items_purged_floors":[14,37],"is_endless":false,"potions_floor_spawned":[1,2,7,13,16,21,28,29,33,35],"ascension_level":16}