{"gold_per_floor":[114,124,137,148,9,9,44,44,70,103,114,114,79,90,90,165,165,184,204,220,64,82,82,111,111,111,131,46,46],"floor_reached":29,"playtime":1842,"items_purged":["Defend_R"],"score":424,"play_id":"8de71a60-9fc9-427d-b3c4-f1720e49bc69","local_time":"20190727175404","is_ascension_mode":true,"campfire_choices":[{"data":"Bludgeon","floor":6.0,"key":"SMITH"},{"data":"True Grit","floor":8.0,"key":"SMITH"},{"data":"Armaments","floor":15.0,"key":"SMITH"},{"data":"Uppercut","floor":23.0,"key":"SMITH"},{"floor":25.0,"key":"REST"}],"neow_cost":"NONE","seed_source_timestamp":21632634325566,"circlet_count":0,"master_deck":["AscendersBane","Strike_R","Strike_R","Strike_R","Strike_R","Strike_R","Defend_R","Defend_R+1","Defend_R","Bash","Intimidate+1","True Grit+1","Shrug It Off","Whirlwind","Bludgeon+1","Reaper","Armaments+1","Flame Barrier","Power Through","Offering","Feel No Pain","Body Slam","Inflame","Uppercut+1","Corruption"],"special_seed":0,"relics":["Black Blood","War Paint","Happy Flower","Bag of Marbles","Dodecahedron","Regal Pillow","Potion Belt","Orichalcum"],"potions_floor_usage":[],"damage_taken":[{"damage":5.0,"enemies":"Cultist","floor":1.0,"turns":4.0},{"damage":0.0,"enemies":"Small Slimes","floor":2.0,"turns":3.0},{"damage":0.0,"enemies":"2 Louse","floor":3.0,"turns":5.0},{"damage":4.0,"enemies":"Large Slime","floor":4.0,"turns":6.0},{"damage":33.0,"enemies":"Lagavulin","floor":7.0,"turns":7.0},{"damage":23.0,"enemies":"3 Sentries","floor":10.0,"turns":7.0},{"damage":0.0,"enemies":"Looter","floor":11.0,"turns":3.0},{"damage":7.0,"enemies":"Blue Slaver","floor":14.0,"turns":6.0},{"damage":74.0,"enemies":"Hexaghost","floor":16.0,"turns":12.0},{"damage":28.0,"enemies":"2 Thieves","floor":18.0,"turns":4.0},{"damage":11.0,"enemies":"3 Byrds","floor":19.0,"turns":5.0},{"damage":42.0,"enemies":"Snake Plant","floor":20.0,"turns":6.0},{"damage":17.0,"enemies":"Sentry and Sphere","floor":22.0,"turns":5.0},{"damage":50.0,"enemies":"Book of Stabbing","floor":24.0,"turns":7.0},{"damage":26.0,"enemies":"Chosen and Byrds","floor":27.0,"turns":8.0},{"damage":55,"enemies":"Slavers","floor":29,"turns":5}],"seed_played":"452686306373727380","potions_obtained":[{"floor":2.0,"key":"PowerPotion"},{"floor":4.0,"key":"Swift Potion"},{"floor":16.0,"key":"EssenceOfSteel"},{"floor":22.0,"key":"BloodPotion"}],"is_trial":false,"path_per_floor":["M","M","M","M","$","R","E","R","T","E","M","T","?","M","R","B",null,"M","M","M","$","M","R","E","R","T","M","?","E"],"character_chosen":"IRONCLAD","items_purchased":["Bludgeon","Inflame"],"campfire_rested":1,"item_purchase_floors":[5,21],"current_hp_per_floor":[73,79,80,80,80,80,53,53,53,46,58,58,78,80,80,18,65,55,63,31,31,24,24,13,52,52,40,40,0],"gold":46,"neow_bonus":"THREE_CARDS","is_prod":false,"is_daily":false,"chose_seed":false,"campfire_upgraded":4,"win_rate":0,"timestamp":1564242844,"path_taken":["M","M","M","M","$","R","E","R","T","E","M","?","?","M","R","BOSS","M","M","M","$","M","R","E","R","T","M","?","E"],"build_version":"2019-07-05","purchased_purges":1,"victory":false,"max_hp_per_floor":[80,80,80,80,80,80,80,80,80,80,80,80,80,80,80,80,80,80,80,80,80,80,80,80,80,80,80,80,80],"card_choices":[{"not_picked":["Flex","Shrug It Off"],"picked":"Intimidate","floor":0.0},{"not_picked":["Pommel Strike","Clash"],"picked":"True Grit","floor":1.0},{"not_picked":["Iron Wave","Twin Strike"],"picked":"Shrug It Off","floor":2.0},{"not_picked":["Carnage","Wild Strike"],"picked":"Whirlwind","floor":3.0},{"not_picked":["Warcry","Second Wind","Havoc"],"picked":"SKIP","floor":4.0},{"not_picked":["True Grit","Perfected Strike"],"picked":"Reaper","floor":7.0},{"not_picked":["Blood for Blood","Cleave"],"picked":"Armaments","floor":10.0},{"not_picked":["Fire Breathing","Power Through"],"picked":"Flame Barrier","floor":11.0},{"not_picked":["Armaments","Reckless Charge"],"picked":"Power Through","floor":14.0},{"not_picked":["Immolate","Reaper"],"picked":"Offering","floor":16.0},{"not_picked":["Ghostly Armor","Iron Wave"],"picked":"Feel No Pain","floor":18.0},{"not_picked":["Heavy Blade","Armaments","Clothesline"],"picked":"SKIP","floor":19.0},{"not_picked":["Hemokinesis+1","Sword Boomerang"],"picked":"Body Slam","floor":20.0},{"not_picked":["Pommel Strike","Burning Pact"],"picked":"Uppercut","floor":22.0},{"not_picked":["Havoc","Entrench"],"picked":"Corruption","floor":24.0},{"not_picked":["Whirlwind","Power Through","Clash"],"picked":"SKIP","floor":27.0}],"player_experience":372834,"relics_obtained":[{"floor":7.0,"key":"War Paint"},{"floor":9.0,"key":"Happy Flower"},{"floor":10.0,"key":"Bag of Marbles"},{"floor":12.0,"key":"Dodecahedron"},{"floor":24.0,"key":"Regal Pillow"},{"floor":26.0,"key":"Potion Belt"}],"event_choices":[{"damage_healed":20.0,"max_hp_gain":0.0,"max_hp_loss":0.0,"gold_gain":0.0,"event_name":"The Cleric","player_choice":"Healed","floor":13.0,"gold_loss":35.0,"damage_taken":0.0},{"damage_healed":0.0,"max_hp_gain":0.0,"max_hp_loss":0.0,"gold_gain":0.0,"event_name":"Addict","player_choice":"Obtained Relic","floor":28.0,"gold_loss":85.0,"damage_taken":0.0,"relics_obtained":["Orichalcum"]}],"is_beta":false,"boss_relics":[{"not_picked":["Runic Dome","Calling Bell"],"picked":"Black Blood"}],"items_purged_floors":[21],"is_endless":false,"potions_floor_spawned":[2,4,14,16,19,22],"killed_by":"Slavers","ascension_level":13}