{"gold_per_floor":[115,132,82,82,105,136,10,10,10,49,49,67,83,127,127,250,250,264,264,129,147,216,254,270,270,317,317,297,336,351,366,366,485,485,499,564,564,583,293,326,326,362,362,41,41,16,49,73,73,73,73,73,23,59,59],"floor_reached":55,"playtime":5991,"items_purged":["Strike_R","Strike_R","True Grit"],"score":1073,"play_id":"1231a2a9-4490-48c3-a0b4-24594a0f6c1c","local_time":"20190706231130","is_ascension_mode":true,"campfire_choices":[{"data":"Barricade","floor":8,"key":"SMITH"},{"data":"Flame Barrier","floor":11,"key":"SMITH"},{"data":"Corruption","floor":15,"key":"SMITH"},{"data":"Uppercut","floor":25,"key":"SMITH"},{"data":"Immolate","floor":32,"key":"SMITH"},{"floor":41,"key":"RECALL"},{"floor":49,"key":"REST"},{"data":"Metallicize","floor":52,"key":"SMITH"}],"neow_cost":"NONE","seed_source_timestamp":1055077471099,"circlet_count":0,"master_deck":["Defend_R","Defend_R","Defend_R","Bash","Barricade+1","Corruption+1","Wild Strike","Flame Barrier+1","Disarm","Sword Boomerang","Cleave","Metallicize+1","Cleave","Juggernaut","Inflame","Flame Barrier","Uppercut+1","Dropkick","Headbutt","Immolate+1","Shrug It Off+1","Spot Weakness+1","Impervious+1","Flame Barrier+1","Evolve+1","Burning Pact+1","Rampage+1","Body Slam","Enlightenment+1","Pommel Strike+1","Armaments+1","Battle Trance+1","Dark Shackles+1","Shrug It Off+1","Body Slam","Shrug It Off+1","Feel No Pain","Flame Barrier+1"],"relics":["Burning Blood","Golden Idol","Meat on the Bone","Orichalcum","Bag of Marbles","Mummified Hand","Runic Pyramid","Juzu Bracelet","Blue Candle","Incense Burner","Boot","Toxic Egg 2","Astrolabe","Mango","Strawberry","Regal Pillow","Thread and Needle","Pen Nib","Smiling Mask","Bronze Scales"],"potions_floor_usage":[10,18,18,29,36,38,40,54,54,55],"damage_taken":[{"damage":6,"enemies":"2 Louse","floor":1,"turns":2},{"damage":5,"enemies":"Jaw Worm","floor":2,"turns":6},{"damage":0,"enemies":"Small Slimes","floor":5,"turns":3},{"damage":28,"enemies":"Gremlin Nob","floor":6,"turns":5},{"damage":11,"enemies":"Lagavulin","floor":10,"turns":8},{"damage":5,"enemies":"Looter","floor":12,"turns":3},{"damage":21,"enemies":"Gremlin Gang","floor":13,"turns":5},{"damage":16,"enemies":"Gremlin Nob","floor":14,"turns":4},{"damage":35,"enemies":"Slime Boss","floor":16,"turns":16},{"damage":9,"enemies":"Spheric Guardian","floor":18,"turns":6},{"damage":0,"enemies":"Chosen","floor":21,"turns":4},{"damage":30,"enemies":"Gremlin Leader","floor":23,"turns":6},{"damage":12,"enemies":"Shelled Parasite and Fungi","floor":24,"turns":5},{"damage":16,"enemies":"Slavers","floor":29,"turns":5},{"damage":0,"enemies":"3 Cultists","floor":30,"turns":3},{"damage":22,"enemies":"Centurion and Healer","floor":31,"turns":6},{"damage":14,"enemies":"Champ","floor":33,"turns":11},{"damage":14,"enemies":"3 Shapes","floor":35,"turns":4},{"damage":16,"enemies":"2 Orb Walkers","floor":36,"turns":5},{"damage":6,"enemies":"Orb Walker","floor":38,"turns":4},{"damage":0,"enemies":"Giant Head","floor":40,"turns":8},{"damage":39,"enemies":"Nemesis","floor":42,"turns":7},{"damage":42,"enemies":"Giant Head","floor":47,"turns":9},{"damage":0,"enemies":"Jaw Worm Horde","floor":48,"turns":2},{"damage":60,"enemies":"Awakened One","floor":50,"turns":16},{"damage":76,"enemies":"Shield and Spear","floor":54,"turns":8},{"damage":44,"enemies":"The Heart","floor":55,"turns":5}],"seed_played":"-7629447822767023612","potions_obtained":[{"floor":5,"key":"Poison Potion"},{"floor":10,"key":"GamblersBrew"},{"floor":13,"key":"Block Potion"},{"floor":14,"key":"GamblersBrew"},{"floor":16,"key":"Block Potion"},{"floor":21,"key":"SteroidPotion"},{"floor":24,"key":"Block Potion"},{"floor":28,"key":"Explosive Potion"},{"floor":31,"key":"Regen Potion"},{"floor":35,"key":"Block Potion"},{"floor":47,"key":"PowerPotion"},{"floor":48,"key":"Fire Potion"}],"is_trial":false,"path_per_floor":["M","M","?","?","M","E","$","R","T","E","R","M","M","E","R","B",null,"M","?","$","M","T","E","M","R","T","?","?","E","M","M","R","B",null,"M","?","?","M","$","E","R","E","T","$","?","$","E","M","R","B",null,"R","$","E","B"],"character_chosen":"IRONCLAD","items_purchased":["Sword Boomerang","Flame Barrier","Energy Potion","Strawberry","Enlightenment+1","Battle Trance+1","Pen Nib","Dark Shackles+1","Body Slam"],"campfire_rested":1,"item_purchase_floors":[7,20,39,39,39,44,44,44,46],"current_hp_per_floor":[80,80,80,60,66,44,44,44,44,51,51,52,49,51,51,34,80,77,77,77,80,80,56,50,50,50,50,50,52,58,54,54,58,80,72,76,76,88,95,101,101,68,68,68,68,68,44,62,101,59,101,101,101,43,0],"gold":59,"neow_bonus":"ONE_RANDOM_RARE_CARD","is_prod":false,"is_daily":false,"chose_seed":false,"campfire_upgraded":6,"win_rate":0,"timestamp":1562469090,"path_taken":["M","M","?","?","M","E","$","R","T","E","R","M","?","E","R","BOSS","M","?","$","M","?","E","M","R","T","?","?","E","M","M","R","BOSS","M","?","?","M","$","E","R","E","T","$","?","?","E","M","R","BOSS","R","$","E","BOSS"],"build_version":"2019-07-05","purchased_purges":3,"victory":false,"max_hp_per_floor":[80,80,80,80,80,80,80,80,80,80,80,80,80,80,80,80,80,80,80,80,80,80,80,80,80,80,80,80,80,80,80,80,80,80,80,94,94,94,101,101,101,101,101,101,101,101,101,101,101,101,101,101,101,101,101],"card_choices":[{"not_picked":["Havoc","Perfected Strike"],"picked":"Corruption","floor":1},{"not_picked":["Entrench","Body Slam"],"picked":"Wild Strike","floor":2},{"not_picked":["Corruption","Clash"],"picked":"Flame Barrier","floor":5},{"not_picked":["Body Slam","Perfected Strike"],"picked":"Disarm","floor":6},{"not_picked":["Intimidate","Entrench"],"picked":"Cleave","floor":10},{"not_picked":["Warcry","Cleave"],"picked":"Metallicize","floor":12},{"not_picked":["Perfected Strike","Flex"],"picked":"Cleave","floor":13},{"not_picked":["Evolve","Whirlwind"],"picked":"Headbutt","floor":14},{"not_picked":["Barricade","Berserk"],"picked":"Juggernaut","floor":16},{"not_picked":["Hemokinesis","Iron Wave+1"],"picked":"Inflame","floor":18},{"not_picked":["Armaments","Headbutt"],"picked":"True Grit","floor":21},{"not_picked":["Havoc","Thunderclap"],"picked":"Headbutt","floor":23},{"not_picked":["Dropkick","Dual Wield"],"picked":"Uppercut","floor":24},{"not_picked":["Havoc","Thunderclap"],"picked":"Immolate","floor":29},{"not_picked":["Evolve","Wild Strike"],"picked":"Shrug It Off+1","floor":30},{"not_picked":["Sword Boomerang+1","Intimidate+1"],"picked":"Spot Weakness+1","floor":31},{"not_picked":["Immolate","Bludgeon"],"picked":"Impervious+1","floor":33},{"not_picked":["Perfected Strike+1","Cleave","Heavy Blade"],"picked":"SKIP","floor":35},{"not_picked":["Pummel","Wild Strike"],"picked":"Rampage+1","floor":36},{"not_picked":["Thunderclap","Flex+1"],"picked":"Body Slam","floor":38},{"not_picked":["True Grit+1","Bludgeon"],"picked":"Pommel Strike+1","floor":40},{"not_picked":["Wild Strike","Iron Wave"],"picked":"Armaments+1","floor":42},{"not_picked":["Battle Trance+1","Sword Boomerang+1"],"picked":"Shrug It Off+1","floor":47},{"not_picked":["Cleave+1","Searing Blow"],"picked":"Feel No Pain","floor":48},{"not_picked":["Wild Strike","Burning Pact+1"],"picked":"Flame Barrier+1","floor":54}],"player_experience":439213,"relics_obtained":[{"floor":6,"key":"Meat on the Bone"},{"floor":9,"key":"Orichalcum"},{"floor":10,"key":"Bag of Marbles"},{"floor":14,"key":"Mummified Hand"},{"floor":22,"key":"Blue Candle"},{"floor":23,"key":"Incense Burner"},{"floor":26,"key":"Boot"},{"floor":29,"key":"Toxic Egg 2"},{"floor":36,"key":"Mango"},{"floor":40,"key":"Regal Pillow"},{"floor":42,"key":"Thread and Needle"},{"floor":47,"key":"Smiling Mask"},{"floor":54,"key":"Bronze Scales"}],"event_choices":[{"cards_removed":["Strike_R"],"damage_healed":0,"gold_gain":0,"player_choice":"Card Removal","damage_taken":0,"max_hp_gain":0,"max_hp_loss":0,"event_name":"The Cleric","floor":3,"gold_loss":50},{"damage_healed":0,"gold_gain":0,"player_choice":"Take Damage","damage_taken":20,"relics_obtained":["Golden Idol"],"max_hp_gain":0,"max_hp_loss":0,"event_name":"Golden Idol","floor":4,"gold_loss":0},{"damage_healed":0,"gold_gain":0,"player_choice":"Opened","damage_taken":0,"relics_obtained":["Juzu Bracelet"],"max_hp_gain":0,"max_hp_loss":0,"event_name":"The Mausoleum","floor":19,"gold_loss":0},{"damage_healed":0,"gold_gain":0,"cards_transformed":["Strike_R","Strike_R"],"player_choice":"Became Test Subject","damage_taken":0,"max_hp_gain":0,"max_hp_loss":0,"event_name":"Drug Dealer","floor":27,"gold_loss":0,"cards_obtained":["Dropkick","Headbutt"]},{"damage_healed":0,"gold_gain":0,"player_choice":"Bought 1 Potion","damage_taken":0,"max_hp_gain":0,"max_hp_loss":0,"event_name":"The Woman in Blue","floor":28,"gold_loss":0},{"damage_healed":0,"gold_gain":0,"player_choice":"Fight","damage_taken":0,"max_hp_gain":0,"max_hp_loss":0,"event_name":"Mysterious Sphere","floor":36,"gold_loss":0},{"damage_healed":0,"gold_gain":0,"player_choice":"Leave","damage_taken":0,"max_hp_gain":0,"max_hp_loss":0,"event_name":"FaceTrader","floor":37,"gold_loss":0},{"damage_healed":0,"gold_gain":0,"player_choice":"Copied","damage_taken":0,"max_hp_gain":0,"max_hp_loss":0,"event_name":"Duplicator","floor":45,"gold_loss":0,"cards_obtained":["Shrug It Off"]}],"is_beta":false,"boss_relics":[{"not_picked":["Tiny House","Sozu"],"picked":"Runic Pyramid"},{"not_picked":["Mark of Pain","Velvet Choker"],"picked":"Astrolabe"}],"items_purged_floors":[7,20,53],"is_endless":false,"potions_floor_spawned":[5,10,13,14,16,21,24,31,35,47,48],"killed_by":"The Heart","ascension_level":4}