{"gold_per_floor":[113,113,29,43,43,73,73,98,98,98,124,124,139,154,154,228,228,246,196,210,118,135,135,135,148,173,173,173],"floor_reached":28,"playtime":762,"items_purged":["Strike_G","Strike_G"],"score":606,"play_id":"e0853d2a-0c4b-47e6-b817-d013555e039a","local_time":"20190127120629","is_ascension_mode":true,"campfire_choices":[{"data":"Noxious Fumes","floor":7.0,"key":"SMITH"},{"floor":10.0,"key":"REST"},{"data":"Dagger Spray","floor":12.0,"key":"SMITH"},{"data":"Catalyst","floor":15.0,"key":"SMITH"},{"floor":23,"key":"REST"},{"data":"Adrenaline","floor":27,"key":"SMITH"}],"neow_cost":"NONE","seed_source_timestamp":3978201802049,"circlet_count":0,"master_deck":["AscendersBane","Defend_G","Defend_G","Defend_G","Defend_G","Defend_G","Strike_G","Strike_G","Strike_G","Survivor","Neutralize","Deflect+1","Noxious Fumes+1","Backflip","Dagger Spray+1","Catalyst+1","Adrenaline+1","Noxious Fumes","Tools of the Trade","Escape Plan","Caltrops","Ghostly","Ghostly","Ghostly"],"special_seed":0,"relics":["Ring of the Snake","NeowsBlessing","Letter Opener","FossilizedHelix","Vajra","Smiling Mask","Molten Egg 2","Philosopher\u0027s Stone","Ancient Tea Set"],"potions_floor_usage":[22,22],"damage_taken":[{"damage":0.0,"enemies":"Cultist","floor":1.0,"turns":1.0},{"damage":0.0,"enemies":"Small Slimes","floor":4.0,"turns":1.0},{"damage":0.0,"enemies":"Gremlin Nob","floor":6.0,"turns":1.0},{"damage":18.0,"enemies":"Lagavulin","floor":8.0,"turns":9.0},{"damage":16.0,"enemies":"Gremlin Nob","floor":11.0,"turns":4.0},{"damage":0.0,"enemies":"2 Louse","floor":13.0,"turns":2.0},{"damage":0.0,"enemies":"Blue Slaver","floor":14.0,"turns":3.0},{"damage":0.0,"enemies":"Slime Boss","floor":16.0,"turns":7.0},{"damage":12.0,"enemies":"3 Byrds","floor":18.0,"turns":3.0},{"damage":4.0,"enemies":"2 Thieves","floor":20.0,"turns":3.0},{"damage":23,"enemies":"Cultist and Chosen","floor":22,"turns":5},{"damage":9,"enemies":"Snake Plant","floor":25,"turns":5},{"damage":24,"enemies":"Book of Stabbing","floor":28,"turns":5}],"seed_played":"8757725336229324315","potions_obtained":[{"floor":4.0,"key":"Swift Potion"},{"floor":13.0,"key":"PowerPotion"},{"floor":14.0,"key":"LiquidBronze"},{"floor":18.0,"key":"Swift Potion"}],"is_trial":false,"path_per_floor":["M","?","$","M","?","E","R","E","T","R","E","R","M","M","R","B",null,"M","$","M","$","M","R","?","M","T","R","E"],"character_chosen":"THE_SILENT","items_purchased":["Noxious Fumes","Caltrops"],"campfire_rested":2,"item_purchase_floors":[3,21],"current_hp_per_floor":[59,59,59,59,48,48,48,30,30,49,33,33,33,33,33,33,58,46,46,42,42,19,38,33,24,24,24,0],"gold":173,"neow_bonus":"THREE_ENEMY_KILL","is_prod":false,"is_daily":false,"chose_seed":false,"campfire_upgraded":4,"win_rate":0,"timestamp":1548579989,"path_taken":["M","?","$","M","?","E","R","E","T","R","E","R","M","M","R","BOSS","M","$","M","$","M","R","?","M","T","R","E"],"build_version":"2019-01-23","purchased_purges":2,"victory":false,"max_hp_per_floor":[66,66,66,66,66,66,66,66,66,66,66,66,66,66,66,66,66,66,66,66,66,66,66,33,33,33,33,33],"card_choices":[{"not_picked":["Skewer","Outmaneuver"],"picked":"Deflect","floor":1.0},{"not_picked":["Flying Knee","Dagger Throw"],"picked":"Backflip","floor":4.0},{"not_picked":["PiercingWail","Choke"],"picked":"Dagger Spray","floor":6.0},{"not_picked":["Escape Plan","Concentrate"],"picked":"Catalyst","floor":8.0},{"not_picked":["Flying Knee","Poisoned Stab"],"picked":"Adrenaline","floor":11.0},{"not_picked":["Backflip","Infinite Blades"],"picked":"Noxious Fumes","floor":13.0},{"not_picked":["Outmaneuver","Deflect","Masterful Stab+1"],"picked":"SKIP","floor":14.0},{"not_picked":["Venomology","Grand Finale+1"],"picked":"Tools of the Trade","floor":16.0},{"not_picked":["Bane+1","Prepared","Dagger Throw+1"],"picked":"SKIP","floor":18.0},{"not_picked":["Masterful Stab+1","Endless Agony+1"],"picked":"Escape Plan","floor":20.0},{"not_picked":["Outmaneuver","All Out Attack+1","Dagger Spray+1"],"picked":"SKIP","floor":22},{"not_picked":["Bane+1","Flying Knee+1","Finisher+1"],"picked":"SKIP","floor":25}],"player_experience":716093,"relics_obtained":[{"floor":6.0,"key":"FossilizedHelix"},{"floor":8.0,"key":"Vajra"},{"floor":9.0,"key":"Smiling Mask"},{"floor":11.0,"key":"Molten Egg 2"},{"floor":26,"key":"Ancient Tea Set"}],"event_choices":[{"damage_healed":0.0,"max_hp_gain":0.0,"max_hp_loss":0.0,"gold_gain":0.0,"event_name":"Living Wall","player_choice":"Grow","floor":2.0,"gold_loss":0.0,"damage_taken":0.0,"cards_upgraded":["Deflect"]},{"damage_healed":0.0,"max_hp_gain":0.0,"max_hp_loss":0.0,"gold_gain":0.0,"event_name":"Scrap Ooze","player_choice":"Success","floor":5.0,"gold_loss":0.0,"damage_taken":11.0,"relics_obtained":["Letter Opener"]},{"damage_healed":0,"gold_gain":0,"player_choice":"Became a Ghost","damage_taken":0,"max_hp_gain":0,"max_hp_loss":33,"event_name":"Ghosts","floor":24,"gold_loss":0,"cards_obtained":["Ghostly","Ghostly","Ghostly"]}],"is_beta":false,"boss_relics":[{"not_picked":["Lizard Tail","Eternal Feather"],"picked":"Philosopher\u0027s Stone"}],"items_purged_floors":[19,21],"is_endless":false,"potions_floor_spawned":[4,13,14,16,18,20],"killed_by":"Book of Stabbing","ascension_level":19}