{"gold_per_floor":[109,109,124,137,137,137,137,172,198,238,238,259,299,317,317,317],"floor_reached":16,"playtime":672,"items_purged":[],"score":240,"play_id":"9dfed4aa-bb59-4ca5-b9ab-a71d7faf30a6","local_time":"20190805210923","is_ascension_mode":true,"campfire_choices":[{"data":"Skewer","floor":6.0,"key":"SMITH"},{"floor":11.0,"key":"REST"},{"floor":15.0,"key":"REST"}],"neow_cost":"NONE","seed_source_timestamp":32136842551714,"circlet_count":0,"master_deck":["AscendersBane","Strike_G","Strike_G","Strike_G","Strike_G","Defend_G","Defend_G","Defend_G","Defend_G","Defend_G","Survivor","Neutralize","Tactician","Infinite Blades","Acrobatics","Skewer+1","Riddle With Holes","Reflex","Heel Hook","Acrobatics","Heel Hook","Dagger Throw","Adrenaline"],"special_seed":0,"relics":["HoveringKite","Golden Idol","Blood Vial","PreservedInsect","Dream Catcher","Centennial Puzzle"],"potions_floor_usage":[],"damage_taken":[{"damage":8.0,"enemies":"Small Slimes","floor":1.0,"turns":5.0},{"damage":9.0,"enemies":"Cultist","floor":3.0,"turns":5.0},{"damage":4.0,"enemies":"2 Louse","floor":4.0,"turns":4.0},{"damage":12.0,"enemies":"Lagavulin","floor":8.0,"turns":5.0},{"damage":8.0,"enemies":"Gremlin Nob","floor":10.0,"turns":3.0},{"damage":0.0,"enemies":"2 Fungi Beasts","floor":12.0,"turns":3.0},{"damage":20.0,"enemies":"3 Sentries","floor":13.0,"turns":5.0},{"damage":3.0,"enemies":"Looter","floor":14.0,"turns":2.0},{"damage":46,"enemies":"Hexaghost","floor":16,"turns":9}],"seed_played":"-1358409913432220032","potions_obtained":[{"floor":2.0,"key":"EntropicBrew"},{"floor":2.0,"key":"PowerPotion"},{"floor":10.0,"key":"Poison Potion"}],"is_trial":false,"path_per_floor":["M","?","M","M","?","R","?","E","T","E","R","M","E","M","R","B"],"character_chosen":"THE_SILENT","items_purchased":[],"campfire_rested":2,"item_purchase_floors":[],"current_hp_per_floor":[51,51,42,38,38,38,38,26,26,20,38,40,22,21,39,0],"gold":317,"neow_bonus":"BOSS_RELIC","is_prod":false,"is_daily":false,"chose_seed":false,"campfire_upgraded":1,"win_rate":0,"timestamp":1565064563,"path_taken":["M","?","?","M","?","R","?","E","T","E","R","M","E","M","R","BOSS"],"build_version":"2019-07-17","purchased_purges":0,"victory":false,"max_hp_per_floor":[66,66,66,66,66,66,60,60,60,60,60,60,60,60,60,60],"card_choices":[{"not_picked":["Poisoned Stab","Escape Plan"],"picked":"Tactician","floor":1.0},{"not_picked":["Flechettes","Prepared"],"picked":"Infinite Blades","floor":3.0},{"not_picked":["Calculated Gamble","Deflect"],"picked":"Acrobatics","floor":4.0},{"not_picked":["Dagger Throw","Blade Dance"],"picked":"Riddle With Holes","floor":8.0},{"not_picked":["Blade Dance","Underhanded Strike"],"picked":"Reflex","floor":10.0},{"not_picked":["Dagger Throw","Eviscerate"],"picked":"Heel Hook","floor":11.0},{"not_picked":["PiercingWail","Blade Dance"],"picked":"Acrobatics","floor":12.0},{"not_picked":["Deflect","Footwork"],"picked":"Heel Hook","floor":13.0},{"not_picked":["Poisoned Stab","Slice"],"picked":"Dagger Throw","floor":14.0},{"not_picked":["Quick Slash","Prepared"],"picked":"Adrenaline","floor":15.0}],"player_experience":747937,"relics_obtained":[{"floor":8.0,"key":"Blood Vial"},{"floor":9.0,"key":"PreservedInsect"},{"floor":10.0,"key":"Dream Catcher"},{"floor":13.0,"key":"Centennial Puzzle"}],"event_choices":[{"damage_healed":0.0,"max_hp_gain":0.0,"max_hp_loss":0.0,"gold_gain":0.0,"event_name":"Lab","player_choice":"Got Potions","floor":2.0,"gold_loss":0.0,"damage_taken":0.0},{"damage_healed":0.0,"max_hp_gain":0.0,"max_hp_loss":0.0,"gold_gain":0.0,"cards_transformed":["Strike_G"],"event_name":"Living Wall","player_choice":"Change","floor":5.0,"gold_loss":0.0,"damage_taken":0.0,"cards_obtained":["Skewer"]},{"damage_healed":0.0,"max_hp_gain":0.0,"max_hp_loss":6.0,"gold_gain":0.0,"event_name":"Golden Idol","player_choice":"Lose Max HP","floor":7.0,"gold_loss":0.0,"damage_taken":0.0,"relics_obtained":["Golden Idol"]}],"is_beta":false,"boss_relics":[],"items_purged_floors":[],"is_endless":false,"potions_floor_spawned":[3,4,10],"killed_by":"Hexaghost","ascension_level":20}