{"gold_per_floor":[113,125,85,103,114,114,140,240,240,271,271,291,1,14,14,111,111,97,97,108,108,54,54,70,103,185,199,199],"floor_reached":28,"playtime":1241,"items_purged":[],"score":289,"play_id":"b94a0055-3b3e-4d40-9127-0fb690a48616","local_time":"20190714210840","is_ascension_mode":true,"campfire_choices":[{"data":"Loop","floor":6.0,"key":"SMITH"},{"data":"Zap","floor":11.0,"key":"SMITH"},{"data":"Loop","floor":15.0,"key":"SMITH"},{"data":"Capacitor","floor":23.0,"key":"SMITH"}],"neow_cost":"NONE","seed_source_timestamp":104577116406973,"circlet_count":0,"master_deck":["Strike_B+1","Strike_B+1","Strike_B+1","Strike_B+1","Defend_B+1","Defend_B+1","Defend_B+1","Defend_B+1","Zap+1","Dualcast","Cold Snap","Hologram","Coolheaded","Loop+1","FTL","Go for the Eyes","Heatsinks","Loop+1","Gash","Biased Cognition","Capacitor+1","Redo","Gash","Ball Lightning","Rainbow","Writhe","Steam+1"],"special_seed":0,"relics":["Cracked Core","Strawberry","Sundial","Singing Bowl","Letter Opener","Bronze Scales","Cursed Key","Incense Burner","Question Card"],"potions_floor_usage":[25,25],"damage_taken":[{"damage":1.0,"enemies":"Jaw Worm","floor":1.0,"turns":3.0},{"damage":0.0,"enemies":"Cultist","floor":2.0,"turns":3.0},{"damage":0.0,"enemies":"2 Louse","floor":4.0,"turns":2.0},{"damage":9.0,"enemies":"Blue Slaver","floor":5.0,"turns":3.0},{"damage":16.0,"enemies":"Gremlin Nob","floor":7.0,"turns":3.0},{"damage":11.0,"enemies":"3 Sentries","floor":10.0,"turns":7.0},{"damage":4.0,"enemies":"Gremlin Gang","floor":12.0,"turns":3.0},{"damage":14.0,"enemies":"Exordium Thugs","floor":14.0,"turns":3.0},{"damage":6.0,"enemies":"Slime Boss","floor":16.0,"turns":9.0},{"damage":26.0,"enemies":"2 Thieves","floor":18.0,"turns":4.0},{"damage":0.0,"enemies":"3 Byrds","floor":20.0,"turns":2.0},{"damage":15,"enemies":"Snake Plant","floor":24,"turns":3},{"damage":23,"enemies":"Book of Stabbing","floor":25,"turns":4},{"damage":7,"enemies":"Centurion and Healer","floor":27,"turns":6},{"damage":5,"enemies":"3 Cultists","floor":28,"turns":2}],"seed_played":"2281095748686937832","potions_obtained":[{"floor":3.0,"key":"Ancient Potion"},{"floor":3.0,"key":"Fire Potion"},{"floor":3.0,"key":"GamblersBrew"},{"floor":7.0,"key":"SpeedPotion"},{"floor":12.0,"key":"Strength Potion"},{"floor":16.0,"key":"Dexterity Potion"},{"floor":24,"key":"Poison Potion"},{"floor":27,"key":"Dexterity Potion"}],"is_trial":false,"path_per_floor":["M","M","?","M","M","R","E","?","T","E","R","M","$","M","R","B",null,"M","?","M","?","$","R","M","E","T","M","M"],"character_chosen":"DEFECT","items_purchased":["Bronze Scales","Loop","Regen Potion","Gash"],"campfire_rested":0,"item_purchase_floors":[13,13,13,22],"current_hp_per_floor":[81,81,81,81,72,72,56,56,56,45,45,41,41,27,27,36,82,56,56,56,48,48,48,33,10,10,3,0],"gold":199,"neow_bonus":"RANDOM_COMMON_RELIC","is_prod":false,"is_daily":false,"chose_seed":false,"campfire_upgraded":4,"win_rate":0,"timestamp":1563156520,"path_taken":["M","M","?","M","?","R","E","?","T","E","R","?","$","M","R","BOSS","M","?","M","?","$","R","M","E","T","M","?"],"build_version":"2019-07-05","purchased_purges":0,"victory":false,"max_hp_per_floor":[82,82,82,82,82,82,82,82,82,82,82,82,82,82,82,82,82,82,82,82,82,82,82,82,82,82,82,82],"card_choices":[{"not_picked":["Sweeping Beam","Ball Lightning"],"picked":"Cold Snap","floor":1.0},{"not_picked":["Reinforced Body","Turbo"],"picked":"Hologram","floor":2.0},{"not_picked":["Compile Driver","Rebound"],"picked":"Coolheaded","floor":4.0},{"not_picked":["Steam Power","Reinforced Body"],"picked":"Loop","floor":5.0},{"not_picked":["Rip and Tear","Barrage"],"picked":"FTL","floor":7.0},{"not_picked":["Fusion","Reinforced Body"],"picked":"Go for the Eyes","floor":10.0},{"not_picked":["Fission","Hologram"],"picked":"Heatsinks","floor":12.0},{"not_picked":["Coolheaded","Rip and Tear"],"picked":"Gash","floor":14.0},{"not_picked":["Buffer","Thunder Strike"],"picked":"Biased Cognition","floor":16.0},{"not_picked":["Steam","Ball Lightning"],"picked":"Capacitor","floor":18.0},{"not_picked":["Hello World","Compile Driver"],"picked":"Redo","floor":20.0},{"not_picked":["Coolheaded","Rebound+1"],"picked":"Ball Lightning","floor":24},{"not_picked":["Compile Driver","Streamline"],"picked":"Rainbow","floor":25},{"not_picked":["Redo","Aggregate","Genetic Algorithm"],"picked":"Steam+1","floor":27}],"player_experience":212057,"relics_obtained":[{"floor":7.0,"key":"Sundial"},{"floor":9.0,"key":"Singing Bowl"},{"floor":10.0,"key":"Letter Opener"},{"floor":25,"key":"Incense Burner"},{"floor":26,"key":"Question Card"}],"event_choices":[{"damage_healed":0.0,"max_hp_gain":0.0,"max_hp_loss":0.0,"gold_gain":0.0,"event_name":"The Woman in Blue","player_choice":"Bought 3 Potions","floor":3.0,"gold_loss":0.0,"damage_taken":0.0},{"damage_healed":0.0,"max_hp_gain":0.0,"max_hp_loss":0.0,"gold_gain":100.0,"event_name":"Golden Shrine","player_choice":"Pray","floor":8.0,"gold_loss":0.0,"damage_taken":0.0},{"damage_healed":0.0,"max_hp_gain":0.0,"max_hp_loss":0.0,"gold_gain":0.0,"event_name":"Back to Basics","player_choice":"Simplicity","floor":19.0,"gold_loss":0.0,"damage_taken":0.0,"cards_upgraded":["Strike_B","Strike_B","Strike_B","Strike_B","Defend_B","Defend_B","Defend_B","Defend_B"]},{"damage_healed":0.0,"max_hp_gain":0.0,"max_hp_loss":0.0,"gold_gain":0.0,"event_name":"Knowing Skull","player_choice":"","floor":21.0,"potions_obtained":[],"gold_loss":0.0,"damage_taken":8.0,"cards_obtained":[]}],"is_beta":false,"boss_relics":[{"not_picked":["Eternal Feather","Calling Bell"],"picked":"Cursed Key"}],"items_purged_floors":[],"is_endless":false,"potions_floor_spawned":[4,7,12,16,24,27],"killed_by":"3 Cultists","ascension_level":1}