{"gold_per_floor":[112,22,36,36,36,51,70,94,119,130,160,172,172,190,190,190],"floor_reached":16,"playtime":513,"items_purged":[],"score":203,"play_id":"a47c493a-3ed9-4f5f-ba31-d4ff63b7fece","local_time":"20190727112005","is_ascension_mode":true,"campfire_choices":[{"floor":15,"key":"REST"}],"neow_cost":"NONE","seed_source_timestamp":4165335501453,"circlet_count":0,"master_deck":["AscendersBane","Strike_G","Strike_G+1","Strike_G","Strike_G","Strike_G","Defend_G","Defend_G","Defend_G","Defend_G+1","Defend_G","Survivor","Neutralize","Deadly Poison","Unload","Noxious Fumes","Deadly Poison","Accuracy","Bouncing Flask","Tactician","A Thousand Cuts"],"special_seed":0,"relics":["Ring of the Snake","NeowsBlessing","Blood Vial","Art of War","Potion Belt"],"potions_floor_usage":[16],"damage_taken":[{"damage":0.0,"enemies":"Small Slimes","floor":1.0,"turns":1.0},{"damage":0.0,"enemies":"Jaw Worm","floor":3.0,"turns":1.0},{"damage":0.0,"enemies":"Cultist","floor":6.0,"turns":1.0},{"damage":0.0,"enemies":"3 Louse","floor":7.0,"turns":3.0},{"damage":9.0,"enemies":"Blue Slaver","floor":10.0,"turns":4.0},{"damage":14.0,"enemies":"Lagavulin","floor":11.0,"turns":6.0},{"damage":12.0,"enemies":"Exordium Wildlife","floor":12.0,"turns":5.0},{"damage":1,"enemies":"Looter","floor":14,"turns":4},{"damage":32,"enemies":"Slime Boss","floor":16,"turns":7}],"seed_played":"-5939435678025684531","potions_obtained":[{"floor":3.0,"key":"Weak Potion"},{"floor":6.0,"key":"SkillPotion"},{"floor":11.0,"key":"Block Potion"},{"floor":12.0,"key":"SkillPotion"}],"is_trial":false,"path_per_floor":["M","$","M","?","?","M","M","T","T","M","E","M","?","M","R","B"],"character_chosen":"THE_SILENT","items_purchased":["Unload"],"campfire_rested":1,"item_purchase_floors":[2],"current_hp_per_floor":[59,59,59,59,39,39,39,39,39,32,20,10,10,11,30,0],"gold":190,"neow_bonus":"THREE_ENEMY_KILL","is_prod":false,"is_daily":false,"chose_seed":false,"campfire_upgraded":0,"win_rate":0,"timestamp":1564251605,"path_taken":["M","$","M","?","?","?","M","?","T","M","E","M","?","M","R","BOSS"],"build_version":"2019-07-17","purchased_purges":0,"victory":false,"max_hp_per_floor":[66,66,66,66,66,66,66,66,66,66,66,66,66,66,66,66],"card_choices":[{"not_picked":["Reflex","Quick Slash"],"picked":"Deadly Poison","floor":1.0},{"not_picked":["Sucker Punch","Cloak And Dagger"],"picked":"Noxious Fumes","floor":3.0},{"not_picked":["Bane","Flying Knee"],"picked":"Deadly Poison","floor":6.0},{"not_picked":["Underhanded Strike","Footwork"],"picked":"Accuracy","floor":7.0},{"not_picked":["Bane","Infinite Blades"],"picked":"Bouncing Flask","floor":10.0},{"not_picked":["Dagger Spray","Deadly Poison"],"picked":"Tactician","floor":11.0},{"not_picked":["Quick Slash","Poisoned Stab","Dagger Throw"],"picked":"SKIP","floor":12.0},{"not_picked":["Quick Slash","Prepared"],"picked":"A Thousand Cuts","floor":14}],"player_experience":680785,"relics_obtained":[{"floor":8.0,"key":"Blood Vial"},{"floor":9.0,"key":"Art of War"},{"floor":11.0,"key":"Potion Belt"}],"event_choices":[{"damage_healed":0.0,"max_hp_gain":0.0,"max_hp_loss":0.0,"gold_gain":0.0,"event_name":"Liars Game","player_choice":"Ignored","floor":4.0,"gold_loss":0.0,"damage_taken":0.0},{"damage_healed":0.0,"max_hp_gain":0.0,"max_hp_loss":0.0,"gold_gain":0.0,"event_name":"Shining Light","player_choice":"Entered Light","floor":5.0,"gold_loss":0.0,"damage_taken":20.0,"cards_upgraded":["Strike_G","Defend_G"]},{"damage_healed":0,"gold_gain":0,"player_choice":"Searched \u00270\u0027 times","damage_taken":0,"max_hp_gain":0,"max_hp_loss":0,"event_name":"Dead Adventurer","floor":13,"gold_loss":0}],"is_beta":false,"boss_relics":[],"items_purged_floors":[],"is_endless":false,"potions_floor_spawned":[3,6,11,12],"killed_by":"Slime Boss","ascension_level":19}