{"gold_per_floor":[118,118,133,3,22,22,22,54,78,78,27,57,57,77,77,77],"floor_reached":16,"playtime":783,"items_purged":[],"score":173,"play_id":"acc4efb7-1c30-458d-bec2-1a0b9ea328f2","local_time":"20190806150105","is_ascension_mode":true,"campfire_choices":[{"data":"Neutralize","floor":7,"key":"SMITH"},{"data":"Dagger Spray","floor":13,"key":"SMITH"},{"floor":15,"key":"REST"}],"neow_cost":"NONE","seed_source_timestamp":776687659906,"circlet_count":0,"master_deck":["AscendersBane","Strike_G","Strike_G","Strike_G","Strike_G","Strike_G","Defend_G","Defend_G","Defend_G","Defend_G","Defend_G","Survivor","Neutralize+1","Forethought","Deflect","Flying Knee","Noxious Fumes+1","Dagger Spray+1","Poisoned Stab","Deadly Poison","Die Die Die"],"relics":["Ring of the Snake","Unceasing Top","Juzu Bracelet","Lantern"],"potions_floor_usage":[8,8,12,16],"damage_taken":[{"damage":8,"enemies":"Small Slimes","floor":1,"turns":4},{"damage":6,"enemies":"Jaw Worm","floor":3,"turns":7},{"damage":0,"enemies":"Cultist","floor":5,"turns":3},{"damage":13,"enemies":"Lagavulin","floor":8,"turns":6},{"damage":3,"enemies":"3 Sentries","floor":12,"turns":6},{"damage":6,"enemies":"Blue Slaver","floor":14,"turns":3},{"damage":52,"enemies":"Slime Boss","floor":16,"turns":9}],"seed_played":"-5491065991662343432","potions_obtained":[{"floor":3,"key":"Strength Potion"},{"floor":5,"key":"EssenceOfSteel"},{"floor":8,"key":"GhostInAJar"}],"is_trial":false,"path_per_floor":["M","?","M","$","M","T","R","E","T","?","$","E","R","M","R","B"],"character_chosen":"THE_SILENT","items_purchased":["Noxious Fumes","Dagger Spray","Strength Potion"],"campfire_rested":1,"item_purchase_floors":[4,4,11],"current_hp_per_floor":[55,55,49,49,49,49,49,36,36,36,36,33,33,27,48,0],"gold":77,"neow_bonus":"RANDOM_COLORLESS","is_prod":false,"is_daily":false,"chose_seed":false,"campfire_upgraded":2,"win_rate":0,"timestamp":1565096465,"path_taken":["M","?","M","$","M","?","R","E","T","?","$","E","R","M","R","BOSS"],"build_version":"2019-07-17","purchased_purges":0,"victory":false,"max_hp_per_floor":[70,70,70,70,70,70,70,70,70,70,70,70,70,70,70,70],"card_choices":[{"not_picked":["Backflip","Acrobatics"],"picked":"Deflect","floor":1},{"not_picked":["Sucker Punch","Dodge and Roll"],"picked":"Flying Knee","floor":3},{"not_picked":["Slice","Underhanded Strike"],"picked":"Poisoned Stab","floor":5},{"not_picked":["Quick Slash","Setup"],"picked":"Deadly Poison","floor":8},{"not_picked":["Finisher","PiercingWail"],"picked":"Die Die Die","floor":12},{"not_picked":["Bouncing Flask","Outmaneuver","Deadly Poison"],"picked":"SKIP","floor":14}],"player_experience":729862,"relics_obtained":[{"floor":8,"key":"Unceasing Top"},{"floor":9,"key":"Juzu Bracelet"},{"floor":12,"key":"Lantern"}],"event_choices":[{"damage_healed":0,"gold_gain":0,"player_choice":"Ignored","damage_taken":0,"max_hp_gain":0,"max_hp_loss":0,"event_name":"Golden Idol","floor":2,"gold_loss":0},{"damage_healed":0,"gold_gain":0,"player_choice":"Grow","damage_taken":0,"max_hp_gain":0,"max_hp_loss":0,"event_name":"Living Wall","floor":10,"gold_loss":0,"cards_upgraded":["Noxious Fumes"]}],"is_beta":false,"boss_relics":[],"items_purged_floors":[],"is_endless":false,"potions_floor_spawned":[3,5,8],"killed_by":"Slime Boss","ascension_level":12}