{"gold_per_floor":[212,212,387,402,290,290,307,335,361,380,380],"floor_reached":11,"playtime":1005,"items_purged":[],"score":91,"play_id":"c36efca2-2cb2-4900-9a10-360dfaa53e0f","local_time":"20180903100648","is_ascension_mode":true,"campfire_choices":[{"floor":6,"key":"REST"}],"neow_cost":"NONE","seed_source_timestamp":61308606151023,"circlet_count":0,"master_deck":["Defend_G","Defend_G","Defend_G","Defend_G","Defend_G","Strike_G","Strike_G","Strike_G","Strike_G","Strike_G","Survivor","Neutralize","Tactician","Doubt","Underhanded Strike","Backflip","Bouncing Flask","Acrobatics"],"relics":["Ring of the Snake","Regal Pillow","Bag of Preparation","Mummified Hand","Oddly Smooth Stone"],"potions_floor_usage":[8,10],"damage_taken":[{"damage":16,"enemies":"Jaw Worm","floor":1,"turns":8},{"damage":15,"enemies":"Small Slimes","floor":4,"turns":6},{"damage":3,"enemies":"Cultist","floor":7,"turns":4},{"damage":43,"enemies":"Gremlin Nob","floor":8,"turns":6},{"damage":20,"enemies":"Large Slime","floor":10,"turns":11},{"damage":4,"enemies":"3 Sentries","floor":11,"turns":2}],"seed_played":"3561013082543142250","potions_obtained":[{"floor":7,"key":"Explosive Potion"},{"floor":8,"key":"PowerPotion"},{"floor":10,"key":"FearPotion"}],"is_trial":false,"path_per_floor":["M","?","?","M","?","R","M","E","T","M"],"character_chosen":"THE_SILENT","items_purchased":[],"campfire_rested":1,"item_purchase_floors":[],"current_hp_per_floor":[54,51,51,36,36,70,67,24,24,4,0],"gold":380,"neow_bonus":"HUNDRED_GOLD","is_prod":false,"is_daily":false,"chose_seed":false,"campfire_upgraded":0,"win_rate":0,"timestamp":1535994408,"path_taken":["M","?","?","M","?","R","M","E","T","?","E"],"build_version":"2018-08-30","purchased_purges":0,"victory":false,"max_hp_per_floor":[70,70,70,70,70,70,70,70,70,70,70],"card_choices":[{"not_picked":["Blade Dance","Crippling Poison"],"picked":"Tactician","floor":1},{"not_picked":["Sucker Punch","Deadly Poison"],"picked":"Underhanded Strike","floor":4},{"not_picked":["Bullet Time","Flechettes"],"picked":"Backflip","floor":7},{"not_picked":["Blade Dance","PiercingWail"],"picked":"Bouncing Flask","floor":8},{"not_picked":["PiercingWail","Quick Slash"],"picked":"Acrobatics","floor":10}],"player_experience":242769,"relics_obtained":[{"floor":8,"key":"Mummified Hand"},{"floor":9,"key":"Oddly Smooth Stone"}],"event_choices":[{"event_name":"Scrap Ooze","player_choice":"success","floor":2,"damage_taken":3},{"event_name":"Liars Game","player_choice":"agreed","floor":3,"damage_taken":0},{"event_name":"WeMeetAgain","player_choice":"Gold","floor":5,"damage_taken":0}],"is_beta":false,"boss_relics":[],"items_purged_floors":[],"is_endless":false,"potions_floor_spawned":[7,8,10],"killed_by":"3 Sentries","ascension_level":5}