{"gold_per_floor":[11,30,30,47,47,47,61,61,110,136,152,152,152,164,164,238,238,238,238,218,28,28,28,28,28,28,28,28,28,28,28,28,28],"floor_reached":33,"playtime":1090,"items_purged":[],"score":432,"play_id":"85f3b281-1215-44c4-b58e-574e4be35350","local_time":"20180821043958","is_ascension_mode":true,"campfire_choices":[{"data":"Zap","floor":6.0,"key":"SMITH"},{"data":"Fission","floor":8.0,"key":"SMITH"},{"floor":13.0,"key":"REST"},{"data":"Hologram","floor":15.0,"key":"SMITH"},{"data":"Barrage","floor":23.0,"key":"SMITH"},{"floor":28,"key":"REST"},{"floor":30,"key":"REST"},{"floor":32,"key":"REST"}],"neow_cost":"NO_GOLD","seed_source_timestamp":43082210178269,"circlet_count":0,"master_deck":["Strike_B","Defend_B","Defend_B","Defend_B","Defend_B","Zap+1","Dualcast","AscendersBane","Fission+1","Hologram+1","Leap","Barrage+1","Cold Snap","Buffer","Conserve Battery","Coolheaded+1","Beam Cell","Loop"],"special_seed":0,"relics":["Cracked Core","Vajra","Strawberry","Ectoplasm","Toolbox","Matryoshka"],"potions_floor_usage":[33,33],"damage_taken":[{"damage":0.0,"enemies":"Small Slimes","floor":1.0,"turns":3.0},{"damage":1.0,"enemies":"Cultist","floor":2.0,"turns":3.0},{"damage":9.0,"enemies":"Jaw Worm","floor":4.0,"turns":4.0},{"damage":3.0,"enemies":"2 Fungi Beasts","floor":7.0,"turns":5.0},{"damage":31.0,"enemies":"Gremlin Nob","floor":10.0,"turns":4.0},{"damage":0.0,"enemies":"Red Slaver","floor":11.0,"turns":3.0},{"damage":2.0,"enemies":"Large Slime","floor":14.0,"turns":4.0},{"damage":20.0,"enemies":"The Guardian","floor":16.0,"turns":14.0},{"damage":19.0,"enemies":"Shell Parasite","floor":18.0,"turns":10.0},{"damage":0.0,"enemies":"Spheric Guardian","floor":19.0,"turns":4.0},{"damage":0.0,"enemies":"Centurion and Healer","floor":22.0,"turns":10.0},{"damage":24,"enemies":"Chosen and Byrds","floor":24,"turns":9},{"damage":24,"enemies":"Sentry and Sphere","floor":31,"turns":6},{"damage":77,"enemies":"Champ","floor":33,"turns":17}],"seed_played":"4267189374766549448","potions_obtained":[{"floor":2.0,"key":"Ancient Potion"},{"floor":4.0,"key":"Swift Potion"},{"floor":11.0,"key":"FocusPotion"}],"is_trial":false,"path_per_floor":["M","M","?","M","$","R","M","R","T","E","M","?","R","M","R","B",null,"M","M","?","$","M","R","M","$","T","$","R","?","R","M","R"],"character_chosen":"DEFECT","items_purchased":["Toolbox"],"campfire_rested":4,"item_purchase_floors":[21],"current_hp_per_floor":[64,63,63,54,54,54,51,51,51,27,27,27,50,48,48,28,66,47,47,47,47,47,47,23,23,23,23,46,46,69,45,68,0],"gold":28,"neow_bonus":"THREE_RARE_CARDS","is_prod":false,"is_daily":false,"chose_seed":false,"campfire_upgraded":4,"win_rate":0,"timestamp":1534815598,"path_taken":["M","M","?","M","$","R","M","R","T","E","M","?","R","M","R","BOSS","M","M","?","$","M","R","M","?","T","$","R","?","R","M","R","BOSS"],"build_version":"2018-08-16","purchased_purges":0,"victory":false,"max_hp_per_floor":[71,71,71,71,71,71,71,71,71,78,78,78,78,78,78,78,78,78,78,78,78,78,78,78,78,78,78,78,78,78,78,78,78],"card_choices":[{"not_picked":["Machine Learning","Seek"],"picked":"Fission","floor":0.0},{"not_picked":["Go for the Eyes","Turbo"],"picked":"Hologram","floor":1.0},{"not_picked":["Streamline","Recycle"],"picked":"Leap","floor":2.0},{"not_picked":["Capacitor","Undo"],"picked":"Barrage","floor":4.0},{"not_picked":["Ball Lightning","Auto Shields"],"picked":"Cold Snap","floor":7.0},{"not_picked":["Hello World","Go for the Eyes"],"picked":"Buffer","floor":10.0},{"not_picked":["Genetic Algorithm","Compile Driver"],"picked":"Conserve Battery","floor":11.0},{"not_picked":["Barrage","Hologram","Coolheaded"],"picked":"SKIP","floor":14.0},{"not_picked":["BootSequence+1","Stack"],"picked":"Coolheaded+1","floor":18.0},{"not_picked":["Coolheaded","Skim","Barrage"],"picked":"SKIP","floor":19.0},{"not_picked":["Chaos","Turbo","Redo"],"picked":"SKIP","floor":22.0},{"not_picked":["Steam","Streamline","Meteor Strike"],"picked":"SKIP","floor":24},{"not_picked":["Ball Lightning","Undo"],"picked":"Loop","floor":31}],"player_experience":440310,"relics_obtained":[{"floor":9.0,"key":"Vajra"},{"floor":10.0,"key":"Strawberry"},{"floor":26,"key":"Matryoshka"}],"event_choices":[{"event_name":"Bonfire Elementals","player_choice":"BASIC","floor":3.0,"damage_taken":0.0},{"event_name":"Purifier","player_choice":"One Purge","floor":12.0,"damage_taken":0.0},{"event_name":"The Woman in Blue","player_choice":"Bought 1 Potion","floor":20.0,"damage_taken":0.0},{"event_name":"Transmorgrifier","player_choice":"Transform","floor":29,"damage_taken":0}],"is_beta":false,"boss_relics":[{"not_picked":["Empty Cage","Tiny House"],"picked":"Ectoplasm"}],"items_purged_floors":[],"is_endless":false,"potions_floor_spawned":[2,4,11,14,18,22],"killed_by":"Champ","ascension_level":15}