{"gold_per_floor":[109,109,109,259,42,42,69,69,125,140,156,172,44,59,59,59],"floor_reached":16,"playtime":614,"items_purged":["Doubt","Strike_G"],"score":200,"play_id":"6f434ccb-502f-41f9-98a0-76f804d64381","local_time":"20190201202407","is_ascension_mode":true,"campfire_choices":[{"data":"Footwork","floor":6,"key":"SMITH"},{"data":"Poisoned Stab","floor":8,"key":"SMITH"},{"data":"Noxious Fumes","floor":15,"key":"SMITH"}],"neow_cost":"NONE","seed_source_timestamp":28700020929625,"circlet_count":0,"master_deck":["AscendersBane","Defend_G","Defend_G","Defend_G","Defend_G","Defend_G","Strike_G","Strike_G","Strike_G","Strike_G","Survivor","Neutralize+1","Poisoned Stab+1","Footwork+1","Deflect","Dagger Spray","PiercingWail","Quick Slash","Noxious Fumes+1"],"relics":["Ring of the Snake","Bag of Marbles","Dodecahedron","Tiny Chest"],"potions_floor_usage":[16,16],"damage_taken":[{"damage":2,"enemies":"Jaw Worm","floor":1,"turns":5},{"damage":25,"enemies":"3 Sentries","floor":7,"turns":14},{"damage":0,"enemies":"Small Slimes","floor":10,"turns":4},{"damage":0,"enemies":"2 Louse","floor":11,"turns":2},{"damage":0,"enemies":"Looter","floor":12,"turns":4},{"damage":6,"enemies":"Large Slime","floor":14,"turns":9},{"damage":47,"enemies":"Slime Boss","floor":16,"turns":9}],"seed_played":"-5315044843674178863","potions_obtained":[{"floor":11,"key":"AttackPotion"},{"floor":12,"key":"Regen Potion"}],"is_trial":false,"path_per_floor":["M","?","?","?","$","R","E","R","T","M","M","M","$","M","R","B"],"character_chosen":"THE_SILENT","items_purchased":["Footwork","Deflect","Quick Slash"],"campfire_rested":0,"item_purchase_floors":[5,5,13],"current_hp_per_floor":[57,57,62,62,62,62,37,37,37,37,37,37,37,31,31,0],"gold":59,"neow_bonus":"RANDOM_COMMON_RELIC","is_prod":false,"is_daily":false,"chose_seed":false,"campfire_upgraded":3,"win_rate":0,"timestamp":1549041847,"path_taken":["M","?","?","?","$","R","E","R","T","M","M","M","$","M","R","BOSS"],"build_version":"2019-01-23","purchased_purges":2,"victory":false,"max_hp_per_floor":[66,66,71,71,71,71,71,71,71,71,71,71,71,71,71,71],"card_choices":[{"not_picked":["Outmaneuver","Terror"],"picked":"Poisoned Stab","floor":1},{"not_picked":["Blade Dance","Setup","Acrobatics"],"picked":"SKIP","floor":7},{"not_picked":["Prepared","Slice"],"picked":"Dagger Spray","floor":10},{"not_picked":["Acrobatics","Concentrate","Prepared"],"picked":"SKIP","floor":11},{"not_picked":["Sucker Punch","Terror"],"picked":"PiercingWail","floor":12},{"not_picked":["Bane","Endless Agony"],"picked":"Noxious Fumes","floor":14}],"player_experience":728306,"relics_obtained":[{"floor":7,"key":"Dodecahedron"},{"floor":9,"key":"Tiny Chest"}],"event_choices":[{"damage_healed":0,"gold_gain":0,"player_choice":"Grow","damage_taken":0,"max_hp_gain":0,"max_hp_loss":0,"event_name":"Living Wall","floor":2,"gold_loss":0,"cards_upgraded":["Neutralize"]},{"damage_healed":0,"gold_gain":0,"player_choice":"Donut","damage_taken":0,"max_hp_gain":5,"max_hp_loss":0,"event_name":"Big Fish","floor":3,"gold_loss":0},{"damage_healed":0,"gold_gain":150,"player_choice":"AGREE","damage_taken":0,"max_hp_gain":0,"max_hp_loss":0,"event_name":"Liars Game","floor":4,"gold_loss":0,"cards_obtained":["Doubt"]}],"is_beta":false,"boss_relics":[],"items_purged_floors":[5,13],"is_endless":false,"potions_floor_spawned":[11,12,14],"killed_by":"Slime Boss","ascension_level":20}