{"gold_per_floor":[116,135,135,147,147,147,26,26,79,79,79,95,125,96,96,170,170,170,170,170,22,22,22,22,22,22,22,22,22,22,22,22,22,22,22,22,22,22,22,22,22,22,22,22,22,22,22,22,22,22],"floor_reached":51,"playtime":1691,"items_purged":["Strike_R","Strike_R"],"score":1284,"play_id":"a947a33d-266b-4fea-9382-0462eab0fd4d","local_time":"20180813041555","is_ascension_mode":true,"campfire_choices":[{"data":"Inflame","floor":6.0,"key":"SMITH"},{"data":"Heavy Blade","floor":8.0,"key":"SMITH"},{"floor":11.0,"key":"REST"},{"data":"Flame Barrier","floor":15.0,"key":"SMITH"},{"data":"Immolate","floor":24.0,"key":"SMITH"},{"data":"Shrug It Off","floor":29.0,"key":"SMITH"},{"data":"Inflame","floor":32.0,"key":"SMITH"},{"floor":40,"key":"REST"},{"floor":45,"key":"REST"},{"data":"Body Slam","floor":49,"key":"SMITH"}],"neow_cost":"NONE","seed_source_timestamp":0,"circlet_count":0,"master_deck":["Strike_R+1","Strike_R","Defend_R","Defend_R","Defend_R+1","Bash","AscendersBane","Inflame+1","Flame Barrier+1","Heavy Blade+1","Shrug It Off+1","Feed","Inflame+1","Double Tap","Sword Boomerang+1","Flex","Immolate+1","Evolve","Flex+1","Limit Break+1","Flame Barrier","Body Slam+1","Battle Trance"],"special_seed":0,"relics":["Burning Blood","Ancient Tea Set","Boot","Kunai","Ectoplasm","Mummified Hand","Pear","Bird Faced Urn","Regal Pillow","Oddly Smooth Stone","Orrery","Bottled Tornado"],"potions_floor_usage":[50,50],"damage_taken":[{"damage":8.0,"enemies":"Jaw Worm","floor":1.0,"turns":4.0},{"damage":0.0,"enemies":"Small Slimes","floor":2.0,"turns":3.0},{"damage":11.0,"enemies":"Cultist","floor":4.0,"turns":4.0},{"damage":2.0,"enemies":"3 Louse","floor":12.0,"turns":3.0},{"damage":16.0,"enemies":"Gremlin Nob","floor":13.0,"turns":3.0},{"damage":24.0,"enemies":"Exordium Thugs","floor":14.0,"turns":5.0},{"damage":20.0,"enemies":"Slime Boss","floor":16.0,"turns":8.0},{"damage":11.0,"enemies":"Shell Parasite","floor":18.0,"turns":3.0},{"damage":0.0,"enemies":"Spheric Guardian","floor":22.0,"turns":2.0},{"damage":28.0,"enemies":"Slavers","floor":23.0,"turns":5.0},{"damage":13.0,"enemies":"Book of Stabbing","floor":25.0,"turns":4.0},{"damage":8.0,"enemies":"Snake Plant","floor":28.0,"turns":2.0},{"damage":0.0,"enemies":"Gremlin Leader","floor":30.0,"turns":4.0},{"damage":1.0,"enemies":"Cultist and Chosen","floor":31.0,"turns":5.0},{"damage":79.0,"enemies":"Automaton","floor":33.0,"turns":8.0},{"damage":14.0,"enemies":"Flame Bruiser 1 Orb","floor":35.0,"turns":5.0},{"damage":9.0,"enemies":"3 Shapes","floor":36.0,"turns":4.0},{"damage":11.0,"enemies":"Sphere and 2 Shapes","floor":37.0,"turns":3.0},{"damage":44,"enemies":"Spire Growth","floor":38,"turns":4},{"damage":15,"enemies":"Transient","floor":41,"turns":5},{"damage":43,"enemies":"Sphere and 2 Shapes","floor":42,"turns":5},{"damage":15,"enemies":"3 Darklings","floor":44,"turns":4},{"damage":6,"enemies":"Spire Growth","floor":47,"turns":4},{"damage":0,"enemies":"Flame Bruiser 2 Orb","floor":48,"turns":2},{"damage":110,"enemies":"Awakened One","floor":50,"turns":9}],"seed_played":"-1186772784029598757","potions_obtained":[{"floor":1.0,"key":"FearPotion"},{"floor":4.0,"key":"GamblersBrew"},{"floor":25.0,"key":"Ancient Potion"},{"floor":38,"key":"BloodPotion"}],"is_trial":false,"path_per_floor":["M","M","?","M","$","R","$","R","T","?","R","M","E","M","R","B",null,"M","?","?","$","M","E","R","E","T","$","M","R","E","M","R","B",null,"M","M","M","M","$","R","M","M","T","M","R","?","M","M","R","B"],"character_chosen":"IRONCLAD","items_purchased":["Shrug It Off","Flex"],"campfire_rested":3,"item_purchase_floors":[7,21],"current_hp_per_floor":[66,72,65,60,60,60,60,60,60,45,67,71,61,46,46,32,67,62,62,62,62,68,59,59,52,52,52,56,56,66,80,80,13,74,72,75,74,45,45,89,84,53,53,48,92,92,96,97,97,10],"gold":22,"neow_bonus":"RANDOM_COMMON_RELIC","is_prod":false,"is_daily":false,"chose_seed":false,"campfire_upgraded":7,"win_rate":0,"timestamp":1534122955,"path_taken":["M","M","?","M","?","R","$","R","T","?","R","M","E","M","R","BOSS","M","?","?","$","?","E","R","E","T","?","M","R","E","M","R","BOSS","M","M","?","M","$","R","?","M","T","M","R","?","M","M","R","BOSS"],"build_version":"2018-08-09","purchased_purges":2,"victory":true,"max_hp_per_floor":[75,75,75,75,75,75,75,75,75,75,75,75,75,78,78,78,78,78,78,78,78,78,91,91,91,91,91,91,91,91,94,94,94,94,94,94,94,97,97,97,97,97,97,97,97,97,97,97,97,100],"card_choices":[{"not_picked":["Bloodletting","True Grit"],"picked":"Inflame","floor":1.0},{"not_picked":["Seeing Red","Battle Trance"],"picked":"Flame Barrier","floor":2.0},{"not_picked":["Flex","Hemokinesis"],"picked":"Heavy Blade","floor":4.0},{"not_picked":["Heavy Blade","Headbutt","Hemokinesis"],"picked":"SKIP","floor":12.0},{"not_picked":["Barricade","Pummel"],"picked":"Feed","floor":13.0},{"not_picked":["Pommel Strike","Heavy Blade"],"picked":"Inflame","floor":14.0},{"not_picked":["Juggernaut","Dark Embrace"],"picked":"Double Tap","floor":16.0},{"not_picked":["Wild Strike","Shrug It Off"],"picked":"Sword Boomerang+1","floor":18.0},{"not_picked":["Anger","Thunderclap","Clash"],"picked":"SKIP","floor":22.0},{"not_picked":["Body Slam","Flex"],"picked":"Immolate","floor":23.0},{"not_picked":["Sentinel","Pommel Strike","Evolve"],"picked":"SKIP","floor":25.0},{"not_picked":["Sentinel","Pommel Strike","Evolve"],"picked":"SKIP","floor":25.0},{"not_picked":["Sentinel","Pommel Strike"],"picked":"Evolve","floor":25.0},{"not_picked":["Armaments","Havoc+1","Twin Strike"],"picked":"SKIP","floor":28.0},{"not_picked":["Spot Weakness+1","Heavy Blade"],"picked":"Flex+1","floor":30.0},{"not_picked":["Clash","Impervious","Flex+1"],"picked":"SKIP","floor":31.0},{"not_picked":["Juggernaut","Bludgeon"],"picked":"Limit Break","floor":33.0},{"not_picked":["Thunderclap","Reaper"],"picked":"Flame Barrier","floor":34.0},{"not_picked":["Clothesline","Wild Strike"],"picked":"Body Slam","floor":34.0},{"not_picked":["Headbutt+1","Pommel Strike","Twin Strike"],"picked":"SKIP","floor":35.0},{"not_picked":["Rampage+1","Wild Strike+1","Headbutt"],"picked":"SKIP","floor":36.0},{"not_picked":["True Grit","Warcry+1","Iron Wave"],"picked":"SKIP","floor":37},{"not_picked":["Flex+1","Anger","Clash+1"],"picked":"SKIP","floor":38},{"not_picked":["Carnage","Reaper","Anger+1"],"picked":"SKIP","floor":41},{"not_picked":["Rampage+1","Rage","Warcry+1"],"picked":"SKIP","floor":42},{"not_picked":["Rage","Power Through","Headbutt"],"picked":"SKIP","floor":44},{"not_picked":["Dropkick","Feed"],"picked":"Battle Trance","floor":47},{"not_picked":["Second Wind","Thunderclap","Uppercut"],"picked":"SKIP","floor":48}],"player_experience":418993,"relics_obtained":[{"floor":9.0,"key":"Boot"},{"floor":13.0,"key":"Kunai"},{"floor":23.0,"key":"Pear"},{"floor":25.0,"key":"Bird Faced Urn"},{"floor":26.0,"key":"Regal Pillow"},{"floor":30.0,"key":"Oddly Smooth Stone"},{"floor":43,"key":"Bottled Tornado"}],"event_choices":[{"event_name":"Golden Wing","player_choice":"Card Removal","floor":3.0,"damage_taken":0.0},{"event_name":"Shining Light","player_choice":"Entered Light","floor":10.0,"damage_taken":0.0},{"event_name":"WeMeetAgain","player_choice":"Potion","floor":19.0,"damage_taken":0.0},{"event_name":"Wheel of Change","player_choice":"Card Removal","floor":20.0,"damage_taken":0.0},{"event_name":"Upgrade Shrine","player_choice":"Upgraded","floor":46,"damage_taken":0}],"is_beta":false,"boss_relics":[{"not_picked":["Runic Cube","Astrolabe"],"picked":"Ectoplasm"},{"not_picked":["Snecko Eye","Velvet Choker"],"picked":"Orrery"}],"items_purged_floors":[7,21],"is_endless":false,"potions_floor_spawned":[1,4,14,18,25,28,31,36,37,38,44,47],"ascension_level":14}