{"gold_per_floor":[109,125,144,159,11,11,21,50,50,50,63,94,94,112,112,209,209,226,226,239,258,63,63,79,79,79,79,114,329,355,355,355,355],"floor_reached":33,"playtime":1875,"items_purged":[],"score":446,"play_id":"e73da9f8-9497-421c-ac51-b88d88ca2769","local_time":"20190524184252","is_ascension_mode":true,"campfire_choices":[{"data":"Armaments","floor":6.0,"key":"SMITH"},{"data":"Flame Barrier","floor":10.0,"key":"SMITH"},{"data":"Bludgeon","floor":13.0,"key":"SMITH"},{"data":"Dramatic Entrance","floor":15.0,"key":"SMITH"},{"data":"Limit Break","floor":23.0,"key":"SMITH"},{"data":"Heavy Blade","floor":25.0,"key":"SMITH"},{"floor":32,"key":"REST"}],"neow_cost":"TEN_PERCENT_HP_LOSS","seed_source_timestamp":201733441029003,"circlet_count":0,"master_deck":["AscendersBane","Strike_R","Strike_R","Strike_R","Strike_R","Defend_R","Defend_R","Defend_R","Defend_R","Bash","Dramatic Entrance+1","Trip","Armaments+1","Flame Barrier+1","Feel No Pain","Bludgeon+1","Battle Trance","Blood for Blood","Limit Break+1","Offering","Immolate","Heavy Blade+1","Seeing Red+1","Headbutt","Seeing Red+1","Exhume","Shockwave+1"],"special_seed":0,"relics":["Burning Blood","Bag of Marbles","FossilizedHelix","Du-Vu Doll","Prayer Wheel","Orrery","Frozen Eye","Question Card","WingedGreaves","Old Coin","Mercury Hourglass","MutagenicStrength"],"potions_floor_usage":[30,30,30],"damage_taken":[{"damage":2.0,"enemies":"2 Louse","floor":1.0,"turns":2.0},{"damage":6.0,"enemies":"Cultist","floor":2.0,"turns":4.0},{"damage":2.0,"enemies":"Small Slimes","floor":3.0,"turns":3.0},{"damage":15.0,"enemies":"Looter","floor":4.0,"turns":4.0},{"damage":6.0,"enemies":"Large Slime","floor":7.0,"turns":7.0},{"damage":38.0,"enemies":"Lagavulin","floor":8.0,"turns":8.0},{"damage":0.0,"enemies":"2 Fungi Beasts","floor":11.0,"turns":2.0},{"damage":10.0,"enemies":"3 Sentries","floor":12.0,"turns":6.0},{"damage":0.0,"enemies":"Lots of Slimes","floor":14.0,"turns":1.0},{"damage":13.0,"enemies":"The Guardian","floor":16.0,"turns":8.0},{"damage":6.0,"enemies":"Chosen","floor":18.0,"turns":3.0},{"damage":10.0,"enemies":"Spheric Guardian","floor":20.0,"turns":4.0},{"damage":0.0,"enemies":"3 Cultists","floor":21.0,"turns":1.0},{"damage":0.0,"enemies":"Snake Plant","floor":24.0,"turns":1.0},{"damage":49.0,"enemies":"Book of Stabbing","floor":28.0,"turns":6.0},{"damage":13,"enemies":"Gremlin Leader","floor":30,"turns":4},{"damage":51,"enemies":"Collector","floor":33,"turns":3}],"seed_played":"9173986330768757850","potions_obtained":[{"floor":1.0,"key":"EssenceOfSteel"},{"floor":7.0,"key":"Energy Potion"},{"floor":12.0,"key":"FearPotion"},{"floor":16.0,"key":"SteroidPotion"},{"floor":18.0,"key":"Block Potion"},{"floor":24.0,"key":"GamblersBrew"},{"floor":28.0,"key":"BloodPotion"}],"is_trial":false,"path_per_floor":["M","M","M","M","$","R","M","E","T","R","M","E","R","M","R","B",null,"M","?","M","M","$","R","M","R","T","?","E","?","E","?","R","B"],"character_chosen":"IRONCLAD","items_purchased":["Bag of Marbles","Frozen Eye"],"campfire_rested":1,"item_purchase_floors":[5,22],"current_hp_per_floor":[72,72,72,63,63,63,63,31,31,31,37,33,33,39,39,32,62,62,62,58,64,64,64,70,70,70,70,27,27,27,27,48,0],"gold":355,"neow_bonus":"RANDOM_COLORLESS_2","is_prod":false,"is_daily":false,"chose_seed":false,"campfire_upgraded":6,"win_rate":0,"timestamp":1558716172,"path_taken":["M","M","M","M","$","R","M","E","T","R","M","E","R","M","R","BOSS","M","?","?","M","$","R","M","R","T","?","E","?","E","?","R","BOSS"],"build_version":"2019-01-23","purchased_purges":0,"victory":false,"max_hp_per_floor":[72,72,72,72,72,72,72,72,72,72,72,72,72,72,72,72,72,72,72,72,72,72,72,72,72,72,72,72,72,72,72,72,72],"card_choices":[{"not_picked":["Sentinel","Flex"],"picked":"Armaments","floor":1.0},{"not_picked":["Perfected Strike","Cleave","Sentinel"],"picked":"SKIP","floor":2.0},{"not_picked":["Havoc","Clash"],"picked":"Flame Barrier","floor":3.0},{"not_picked":["Headbutt","Rupture"],"picked":"Feel No Pain","floor":4.0},{"not_picked":["Hemokinesis","Clash","Pommel Strike"],"picked":"SKIP","floor":7.0},{"not_picked":["Sword Boomerang","Headbutt"],"picked":"Bludgeon","floor":8.0},{"not_picked":["Havoc","Clash","Sword Boomerang"],"picked":"SKIP","floor":11.0},{"not_picked":["Havoc","Flex"],"picked":"Battle Trance","floor":12.0},{"not_picked":["Thunderclap","Pommel Strike"],"picked":"Blood for Blood","floor":14.0},{"not_picked":["Sword Boomerang","Shrug It Off","Warcry"],"picked":"SKIP","floor":14.0},{"not_picked":["Demon Form","Offering"],"picked":"Limit Break","floor":16.0},{"not_picked":["Wild Strike","Anger"],"picked":"Offering","floor":18.0},{"not_picked":["Perfected Strike","Dual Wield","Pommel Strike"],"picked":"SKIP","floor":18.0},{"not_picked":["Iron Wave","Sword Boomerang"],"picked":"Heavy Blade","floor":20.0},{"not_picked":["Thunderclap","Cleave"],"picked":"Seeing Red+1","floor":20.0},{"not_picked":["Infernal Blade","Clothesline"],"picked":"Headbutt","floor":21.0},{"not_picked":["Twin Strike","Whirlwind","Havoc"],"picked":"SKIP","floor":21.0},{"not_picked":["Pommel Strike","Sword Boomerang+1"],"picked":"Seeing Red+1","floor":24.0},{"not_picked":["Clothesline","Sword Boomerang","Anger+1"],"picked":"SKIP","floor":24.0},{"not_picked":["Pummel","Wild Strike+1","Flex"],"picked":"Exhume","floor":28.0},{"not_picked":["Heavy Blade","Flex","Infernal Blade+1"],"picked":"Shockwave+1","floor":30}],"player_experience":335746,"relics_obtained":[{"floor":8.0,"key":"FossilizedHelix"},{"floor":9.0,"key":"Du-Vu Doll"},{"floor":12.0,"key":"Prayer Wheel"},{"floor":26.0,"key":"Question Card"},{"floor":28.0,"key":"WingedGreaves"},{"floor":30,"key":"Mercury Hourglass"}],"event_choices":[{"damage_healed":0.0,"max_hp_gain":0.0,"max_hp_loss":0.0,"gold_gain":0.0,"cards_transformed":["Strike_R"],"event_name":"Transmorgrifier","player_choice":"Transformed","floor":19.0,"gold_loss":0.0,"damage_taken":0.0,"cards_obtained":["Immolate"]},{"damage_healed":0.0,"max_hp_gain":0.0,"max_hp_loss":0.0,"gold_gain":0.0,"event_name":"Ghosts","player_choice":"Ignored","floor":27.0,"gold_loss":0.0,"damage_taken":0.0},{"damage_healed":0.0,"max_hp_gain":0.0,"max_hp_loss":0.0,"gold_gain":0.0,"event_name":"Addict","player_choice":"Obtained Relic","floor":29.0,"gold_loss":85.0,"damage_taken":0.0,"relics_obtained":["Old Coin"]},{"damage_healed":0,"gold_gain":0,"player_choice":"Inject Mutagens","damage_taken":0,"relics_obtained":["MutagenicStrength"],"max_hp_gain":0,"max_hp_loss":0,"event_name":"Drug Dealer","floor":31,"gold_loss":0}],"is_beta":false,"boss_relics":[{"not_picked":["Lizard Tail","Snecko Eye"],"picked":"Orrery"}],"items_purged_floors":[],"is_endless":false,"potions_floor_spawned":[1,7,12,16,18,24,28],"killed_by":"Collector","ascension_level":10}