{"gold_per_floor":[110,185,11,11,21,21,51,51,51,68,28,28],"floor_reached":12,"playtime":163,"items_purged":[],"score":76,"play_id":"fb50a1bd-1f3f-43ff-9e20-ee5ab8621fe8","local_time":"20181205221507","is_ascension_mode":false,"campfire_choices":[{"data":"Skewer","floor":6,"key":"SMITH"},{"data":"Neutralize","floor":8,"key":"SMITH"}],"neow_cost":"NONE","seed_source_timestamp":38500671569439,"circlet_count":0,"master_deck":["Defend_G","Defend_G","Defend_G","Defend_G","Defend_G","Strike_G","Strike_G","Strike_G","Strike_G","Strike_G","Survivor","Neutralize+1","Crippling Poison","Skewer+1","Noxious Fumes","Deflect","Caltrops","Catalyst"],"relics":["Velvet Choker","Meat on the Bone","Ancient Tea Set","Bottled Flame"],"potions_floor_usage":[],"damage_taken":[{"damage":0,"enemies":"Small Slimes","floor":1,"turns":4},{"damage":0,"enemies":"2 Louse","floor":5,"turns":2},{"damage":19,"enemies":"Lagavulin","floor":7,"turns":6},{"damage":0,"enemies":"Jaw Worm","floor":10,"turns":1}],"seed_played":"-2472841889216970560","potions_obtained":[{"floor":1,"key":"GamblersBrew"},{"floor":7,"key":"Swift Potion"}],"is_trial":false,"path_per_floor":["M","?","$","?","M","R","E","R","T","M","$","?"],"character_chosen":"THE_SILENT","items_purchased":["Skewer","Noxious Fumes","Deflect","Catalyst"],"campfire_rested":0,"item_purchase_floors":[3,3,3,11],"current_hp_per_floor":[70,59,59,52,52,52,45,45,45,45,45,45],"gold":28,"neow_bonus":"BOSS_RELIC","is_prod":false,"is_daily":false,"chose_seed":false,"campfire_upgraded":2,"win_rate":0,"timestamp":1544037307,"path_taken":["M","?","$","?","M","R","E","R","T","M","$","?"],"build_version":"2018-11-15","purchased_purges":0,"victory":false,"max_hp_per_floor":[70,70,70,70,70,70,70,70,70,70,70,70],"card_choices":[{"not_picked":["Sucker Punch","Deadly Poison"],"picked":"Crippling Poison","floor":1},{"not_picked":["Blade Dance","Quick Slash"],"picked":"Caltrops","floor":5},{"not_picked":["Blade Dance","Finisher","Acrobatics"],"picked":"SKIP","floor":7},{"not_picked":["Reflex","Underhanded Strike","Distraction"],"picked":"SKIP","floor":10}],"player_experience":566923,"relics_obtained":[{"floor":7,"key":"Ancient Tea Set"},{"floor":9,"key":"Bottled Flame"}],"event_choices":[{"damage_healed":0,"gold_gain":75,"player_choice":"Gather Gold","damage_taken":11,"max_hp_gain":0,"max_hp_loss":0,"event_name":"World of Goop","floor":2,"gold_loss":0},{"damage_healed":0,"gold_gain":0,"player_choice":"Success","damage_taken":7,"relics_obtained":["Meat on the Bone"],"max_hp_gain":0,"max_hp_loss":0,"event_name":"Scrap Ooze","floor":4,"gold_loss":0}],"is_beta":false,"boss_relics":[],"items_purged_floors":[],"is_endless":false,"potions_floor_spawned":[1,7],"ascension_level":0}