{"gold_per_floor":[119,129,129,144,43,43,218,218,296,29,45,45,45],"floor_reached":13,"playtime":399,"items_purged":[],"score":73,"play_id":"1fe5d60d-6f51-46d4-ae56-9512e930a3e8","local_time":"20180829172359","is_ascension_mode":false,"campfire_choices":[{"data":"Creative AI","floor":6,"key":"SMITH"},{"data":"Fission","floor":8,"key":"SMITH"},{"data":"White Noise","floor":12,"key":"SMITH"}],"neow_cost":"","seed_source_timestamp":0,"circlet_count":0,"master_deck":["Strike_B","Strike_B","Strike_B","Strike_B","Defend_B","Defend_B","Defend_B","Defend_B","Zap","Dualcast","White Noise+1","Glacier","Madness","Zap","Fission+1","Turbo","Creative AI+1","Streamline","Heatsinks","Doubt","Coolheaded","Hello World"],"special_seed":0,"relics":["Cracked Core","Shuriken","Bottled Lightning"],"potions_floor_usage":[11],"damage_taken":[{"damage":0.0,"enemies":"2 Louse","floor":1.0,"turns":1.0},{"damage":10.0,"enemies":"Cultist","floor":2.0,"turns":4.0},{"damage":13,"enemies":"Jaw Worm","floor":4,"turns":5},{"damage":23,"enemies":"Exordium Thugs","floor":11,"turns":3},{"damage":29,"enemies":"3 Sentries","floor":13,"turns":4}],"seed_played":"1681809253549458635","potions_obtained":[{"floor":2.0,"key":"GamblersBrew"}],"is_trial":false,"path_per_floor":["M","M","?","M","$","R","?","R","T","$","M","R"],"character_chosen":"DEFECT","items_purchased":["Streamline","Heatsinks","Bottled Lightning","Coolheaded"],"campfire_rested":0,"item_purchase_floors":[5,5,10,10],"current_hp_per_floor":[75,65,65,52,52,52,52,52,52,52,29,29,0],"gold":45,"neow_bonus":"","is_prod":false,"is_daily":false,"chose_seed":false,"campfire_upgraded":3,"win_rate":0,"timestamp":1535588639,"path_taken":["M","M","?","M","?","R","?","R","T","$","M","R","E"],"build_version":"2018-08-23v2","purchased_purges":0,"victory":false,"max_hp_per_floor":[75,75,75,75,75,75,75,75,75,75,75,75,75],"card_choices":[{"not_picked":["Coolheaded","Streamline"],"picked":"White Noise","floor":1.0},{"not_picked":["Steam","Compile Driver","Redo"],"picked":"SKIP","floor":2.0},{"not_picked":["Aggregate","Rebound"],"picked":"Creative AI","floor":4},{"not_picked":["Cold Snap","Conserve Battery"],"picked":"Hello World","floor":11}],"player_experience":225816,"relics_obtained":[{"floor":9,"key":"Shuriken"}],"event_choices":[{"event_name":"Match and Keep!","player_choice":"5 cards matched","floor":3,"damage_taken":0},{"event_name":"Liars Game","player_choice":"agreed","floor":7,"damage_taken":0}],"is_beta":false,"boss_relics":[],"items_purged_floors":[],"is_endless":false,"potions_floor_spawned":[2],"killed_by":"3 Sentries","ascension_level":0}