{"gold_per_floor":[119,69,83,103,114,149,149,174,197,147,163,163,163,194,194,294,294,284,284,48,48,64,64,89,89,114,140,155,182,195,195,195,300,300,316,328,34,50,67,100,100,117,141,154,174,208,257,283,283,283],"floor_reached":51,"playtime":1659,"items_purged":["Strike_R+1","Strike_R+1"],"score":1190,"play_id":"9737368d-6884-4b8a-b2d0-0b0f9d5075ee","local_time":"20190205000751","is_ascension_mode":true,"campfire_choices":[{"data":"Armaments","floor":7,"key":"SMITH"},{"data":"Metallicize","floor":12,"key":"SMITH"},{"data":"Carnage","floor":15,"key":"SMITH"},{"data":"Demon Form","floor":23,"key":"SMITH"},{"data":"Immolate","floor":25,"key":"SMITH"},{"floor":32,"key":"RECALL"},{"floor":41,"key":"REST"},{"data":"Strike_R+1","floor":49,"key":"PURGE"}],"neow_cost":"NONE","seed_source_timestamp":20351970553230,"circlet_count":0,"master_deck":["Strike_R+1","Defend_R+1","Defend_R+1","Defend_R+1","Defend_R+1","Bash+1","Carnage+1","Armaments+1","Flame Barrier","Metallicize+1","Shrug It Off+1","Demon Form+1","Immolate+1","Necronomicurse","Whirlwind+1","Barricade","Flame Barrier","Impervious","Juggernaut","Limit Break"],"relics":["Burning Blood","Ancient Tea Set","Regal Pillow","Art of War","Strawberry","Snecko Eye","Necronomicon","Boot","Anchor","Pear","Question Card","Molten Egg 2","Fusion Hammer","Chemical X","The Courier","Smiling Mask","Juzu Bracelet","Peace Pipe","Meat on the Bone"],"potions_floor_usage":[6,8,33,50,50,50],"damage_taken":[{"damage":6,"enemies":"Cultist","floor":1,"turns":3},{"damage":0,"enemies":"Small Slimes","floor":3,"turns":4},{"damage":1,"enemies":"2 Louse","floor":4,"turns":3},{"damage":25,"enemies":"Large Slime","floor":5,"turns":6},{"damage":15,"enemies":"3 Sentries","floor":6,"turns":6},{"damage":7,"enemies":"Lagavulin","floor":8,"turns":5},{"damage":1,"enemies":"2 Fungi Beasts","floor":11,"turns":4},{"damage":4,"enemies":"Gremlin Nob","floor":14,"turns":3},{"damage":30,"enemies":"Slime Boss","floor":16,"turns":15},{"damage":19,"enemies":"2 Thieves","floor":18,"turns":4},{"damage":1,"enemies":"Chosen","floor":22,"turns":2},{"damage":0,"enemies":"Slavers","floor":24,"turns":3},{"damage":0,"enemies":"Gremlin Leader","floor":27,"turns":2},{"damage":0,"enemies":"3 Cultists","floor":28,"turns":2},{"damage":0,"enemies":"Slavers","floor":29,"turns":1},{"damage":6,"enemies":"Snecko","floor":30,"turns":3},{"damage":48,"enemies":"Collector","floor":33,"turns":7},{"damage":1,"enemies":"Orb Walker","floor":35,"turns":3},{"damage":0,"enemies":"3 Shapes","floor":36,"turns":1},{"damage":0,"enemies":"Spire Growth","floor":38,"turns":4},{"damage":0,"enemies":"Maw","floor":39,"turns":4},{"damage":0,"enemies":"Reptomancer","floor":40,"turns":3},{"damage":0,"enemies":"Sphere and 2 Shapes","floor":42,"turns":3},{"damage":0,"enemies":"Spire Growth","floor":44,"turns":2},{"damage":0,"enemies":"Jaw Worm Horde","floor":45,"turns":1},{"damage":3,"enemies":"Giant Head","floor":46,"turns":6},{"damage":0,"enemies":"2 Orb Walkers","floor":47,"turns":2},{"damage":23,"enemies":"Reptomancer","floor":48,"turns":5},{"damage":22,"enemies":"Awakened One","floor":50,"turns":11}],"seed_played":"5129226337732733034","potions_obtained":[{"floor":4,"key":"PowerPotion"},{"floor":5,"key":"AttackPotion"},{"floor":8,"key":"GamblersBrew"},{"floor":11,"key":"Ancient Potion"},{"floor":24,"key":"BloodPotion"},{"floor":29,"key":"AttackPotion"},{"floor":33,"key":"BloodPotion"},{"floor":35,"key":"PowerPotion"},{"floor":39,"key":"SteroidPotion"}],"is_trial":false,"path_per_floor":["M","$","M","M","M","E","R","E","T","?","M","R","?","E","R","B",null,"M","?","$","?","M","R","E","R","T","E","M","E","M","T","R","B",null,"M","M","$","M","M","E","R","M","T","M","M","E","?","E","R","B",null],"character_chosen":"IRONCLAD","items_purchased":["Armaments","Immolate","Chemical X"],"campfire_rested":1,"item_purchase_floors":[2,20,37],"current_hp_per_floor":[80,80,80,80,61,52,52,51,51,51,56,56,40,49,49,25,72,59,59,59,43,48,48,54,54,54,70,76,82,82,82,82,40,83,88,94,94,97,97,97,97,97,97,97,97,97,97,80,80,64],"gold":283,"neow_bonus":"UPGRADE_CARD","is_prod":false,"is_daily":false,"chose_seed":false,"campfire_upgraded":5,"win_rate":0,"timestamp":1549314471,"path_taken":["M","$","?","M","M","E","R","E","T","?","M","R","?","E","R","BOSS","M","?","$","?","M","R","E","R","T","E","M","E","M","?","R","BOSS","M","M","$","M","M","E","R","M","T","M","M","E","?","E","R","BOSS"],"build_version":"2019-01-23","purchased_purges":2,"victory":true,"max_hp_per_floor":[80,80,80,80,80,80,80,80,80,80,80,80,80,87,87,87,87,87,87,87,87,87,87,87,87,87,97,97,97,97,97,97,97,97,97,97,97,97,97,97,97,97,97,97,97,97,97,97,97,97],"card_choices":[{"not_picked":["Flex","Fire Breathing"],"picked":"Carnage","floor":1},{"not_picked":["Dropkick","Flex"],"picked":"Flame Barrier","floor":3},{"not_picked":["Infernal Blade","Havoc","Second Wind"],"picked":"SKIP","floor":4},{"not_picked":["Heavy Blade","Clothesline","Seeing Red"],"picked":"SKIP","floor":5},{"not_picked":["Reckless Charge","Berserk"],"picked":"Metallicize","floor":6},{"not_picked":["Thunderclap","Searing Blow"],"picked":"Shrug It Off","floor":8},{"not_picked":["Clash","Dual Wield","True Grit"],"picked":"SKIP","floor":11},{"not_picked":["Sword Boomerang","Seeing Red","True Grit"],"picked":"SKIP","floor":14},{"not_picked":["Dark Embrace","Double Tap"],"picked":"Demon Form","floor":16},{"not_picked":["Body Slam","Rampage+1","Headbutt"],"picked":"SKIP","floor":18},{"not_picked":["Rupture","Clash","Armaments+1"],"picked":"SKIP","floor":22},{"not_picked":["Inflame","Rupture","Clash"],"picked":"SKIP","floor":24},{"not_picked":["Combust","Offering","Inflame"],"picked":"SKIP","floor":27},{"not_picked":["Second Wind","Rage","Battle Trance+1"],"picked":"SKIP","floor":28},{"not_picked":["Shrug It Off","Second Wind","Metallicize+1"],"picked":"SKIP","floor":29},{"not_picked":["Thunderclap","Metallicize","Clash"],"picked":"Whirlwind+1","floor":30},{"not_picked":["Berserk","Brutality","Limit Break"],"picked":"Barricade","floor":33},{"not_picked":["Hemokinesis+1","Shrug It Off","Entrench"],"picked":"Flame Barrier","floor":35},{"not_picked":["Twin Strike+1","Pommel Strike+1","Body Slam+1","Clothesline+1"],"picked":"SKIP","floor":36},{"not_picked":["Clash+1","Power Through","Wild Strike+1","Havoc+1"],"picked":"SKIP","floor":38},{"not_picked":["Pommel Strike+1","Body Slam+1","Cleave+1"],"picked":"Impervious","floor":39},{"not_picked":["Body Slam+1","Burning Pact+1","Headbutt+1"],"picked":"Juggernaut","floor":40},{"not_picked":["Iron Wave+1","Heavy Blade+1","Thunderclap+1","Anger+1"],"picked":"SKIP","floor":42},{"not_picked":["Hemokinesis+1","Havoc+1","Fire Breathing+1","Flex+1"],"picked":"SKIP","floor":44},{"not_picked":["Thunderclap+1","Warcry","Sever Soul+1","Wild Strike+1"],"picked":"SKIP","floor":45},{"not_picked":["Headbutt+1","Dark Embrace","Flex","Blood for Blood+1"],"picked":"SKIP","floor":46},{"not_picked":["Clash+1","Twin Strike+1","Sword Boomerang+1"],"picked":"Limit Break","floor":48}],"player_experience":747471,"relics_obtained":[{"floor":6,"key":"Ancient Tea Set"},{"floor":8,"key":"Regal Pillow"},{"floor":9,"key":"Art of War"},{"floor":14,"key":"Strawberry"},{"floor":21,"key":"Necronomicon"},{"floor":24,"key":"Boot"},{"floor":26,"key":"Anchor"},{"floor":27,"key":"Pear"},{"floor":29,"key":"Question Card"},{"floor":31,"key":"Molten Egg 2"},{"floor":40,"key":"The Courier"},{"floor":43,"key":"Smiling Mask"},{"floor":46,"key":"Juzu Bracelet"},{"floor":47,"key":"Peace Pipe"},{"floor":48,"key":"Meat on the Bone"}],"event_choices":[{"cards_removed":["Strike_R"],"damage_healed":0,"gold_gain":0,"player_choice":"Card Removal","damage_taken":0,"max_hp_gain":0,"max_hp_loss":0,"event_name":"The Cleric","floor":10,"gold_loss":50},{"damage_healed":0,"gold_gain":0,"player_choice":"Entered Light","damage_taken":16,"max_hp_gain":0,"max_hp_loss":0,"event_name":"Shining Light","floor":13,"gold_loss":0,"cards_upgraded":["Shrug It Off","Defend_R"]},{"damage_healed":0,"gold_gain":0,"player_choice":"Simplicity","damage_taken":0,"max_hp_gain":0,"max_hp_loss":0,"event_name":"Back to Basics","floor":19,"gold_loss":0,"cards_upgraded":["Strike_R","Strike_R","Strike_R","Strike_R","Defend_R","Defend_R","Defend_R"]},{"damage_healed":0,"gold_gain":0,"player_choice":"Obtained Book","damage_taken":16,"max_hp_gain":0,"max_hp_loss":0,"event_name":"Cursed Tome","floor":21,"gold_loss":0},{"damage_healed":0,"gold_gain":0,"player_choice":"Fight","damage_taken":0,"max_hp_gain":0,"max_hp_loss":0,"event_name":"Mysterious Sphere","floor":47,"gold_loss":0}],"is_beta":false,"boss_relics":[{"not_picked":["Velvet Choker","Black Star"],"picked":"Snecko Eye"},{"not_picked":["Busted Crown","Sozu"],"picked":"Fusion Hammer"}],"items_purged_floors":[20,37],"is_endless":false,"potions_floor_spawned":[4,5,8,11,24,28,29,33,35,39,42,46,48],"ascension_level":5}