{"gold_per_floor":[368,386,386,407,431,462,462,537,608,652,652,668,668,58,58,178,178,192,46,46,66,66,101,126,126],"floor_reached":25,"playtime":713,"items_purged":["Strike_R"],"score":243,"play_id":"0c193870-a6e2-4105-99e2-d95b7be68ddc","local_time":"20190719182348","is_ascension_mode":true,"campfire_choices":[{"data":"Bash","floor":7.0,"key":"SMITH"},{"data":"Inflame","floor":11.0,"key":"SMITH"},{"data":"Wild Strike","floor":13.0,"key":"SMITH"},{"data":"Immolate","floor":15.0,"key":"SMITH"}],"neow_cost":"PERCENT_DAMAGE","seed_source_timestamp":29214652075864,"circlet_count":0,"master_deck":["Strike_R","Strike_R","Strike_R","Strike_R","Defend_R","Defend_R","Defend_R","Defend_R","Bash+1","Inflame+1","Shrug It Off","Headbutt","Cleave","Wild Strike+1","Immolate+1","Dropkick","RitualDagger","Regret","True Grit"],"special_seed":0,"relics":["Burning Blood","Golden Idol","Mango","Pen Nib","Question Card","Toolbox","Fusion Hammer","Calipers"],"potions_floor_usage":[25,25,25],"damage_taken":[{"damage":12.0,"enemies":"Small Slimes","floor":1.0,"turns":4.0},{"damage":11.0,"enemies":"Jaw Worm","floor":2.0,"turns":4.0},{"damage":1.0,"enemies":"Cultist","floor":4.0,"turns":3.0},{"damage":0.0,"enemies":"3 Louse","floor":5.0,"turns":4.0},{"damage":31.0,"enemies":"Lagavulin","floor":6.0,"turns":6.0},{"damage":23.0,"enemies":"3 Sentries","floor":10.0,"turns":8.0},{"damage":8.0,"enemies":"Exordium Thugs","floor":12.0,"turns":3.0},{"damage":29.0,"enemies":"The Guardian","floor":16.0,"turns":6.0},{"damage":22,"enemies":"2 Thieves","floor":18,"turns":3},{"damage":7,"enemies":"Shell Parasite","floor":21,"turns":3},{"damage":33,"enemies":"Gremlin Leader","floor":23,"turns":8},{"damage":25,"enemies":"3 Cultists","floor":24,"turns":5},{"damage":19,"enemies":"Book of Stabbing","floor":25,"turns":3}],"seed_played":"-5033201557792231282","potions_obtained":[{"floor":1.0,"key":"Regen Potion"},{"floor":5.0,"key":"EssenceOfSteel"},{"floor":6.0,"key":"SpeedPotion"},{"floor":23,"key":"PowerPotion"},{"floor":24,"key":"PowerPotion"}],"is_trial":false,"path_per_floor":["M","M","?","M","M","E","R","?","T","E","R","M","R","$","R","B",null,"M","$","?","M","?","E","M","E"],"character_chosen":"IRONCLAD","items_purchased":["Immolate","Question Card","Toolbox","Dropkick"],"campfire_rested":0,"item_purchase_floors":[14,14,14,19],"current_hp_per_floor":[50,45,45,50,56,45,45,34,34,32,32,30,30,30,30,7,88,72,72,66,65,65,38,19,0],"gold":126,"neow_bonus":"TWO_FIFTY_GOLD","is_prod":false,"is_daily":false,"chose_seed":false,"campfire_upgraded":4,"win_rate":0,"timestamp":1563549828,"path_taken":["M","M","?","M","M","E","R","?","T","E","R","?","R","$","R","BOSS","M","$","?","M","?","E","M","E"],"build_version":"2019-07-17","purchased_purges":1,"victory":false,"max_hp_per_floor":[80,80,74,74,74,88,88,88,88,88,88,88,88,88,88,88,88,88,88,88,88,88,88,88,88],"card_choices":[{"not_picked":["Pummel","Body Slam"],"picked":"Inflame","floor":1.0},{"not_picked":["Headbutt","Reckless Charge"],"picked":"Shrug It Off","floor":2.0},{"not_picked":["Burning Pact","Flex"],"picked":"Headbutt","floor":4.0},{"not_picked":["Flex","Thunderclap","Cleave"],"picked":"SKIP","floor":5.0},{"not_picked":["Flex","Thunderclap"],"picked":"Cleave","floor":5.0},{"not_picked":["Armaments","Perfected Strike","Burning Pact"],"picked":"SKIP","floor":6.0},{"not_picked":["Power Through","Impervious"],"picked":"Wild Strike","floor":10.0},{"not_picked":["Clothesline","Pommel Strike","Anger"],"picked":"SKIP","floor":12.0},{"not_picked":["Berserk","Exhume","Impervious"],"picked":"Barricade","floor":16.0},{"not_picked":["Headbutt+1","Intimidate","Feel No Pain","Havoc+1"],"picked":"SKIP","floor":18},{"not_picked":["Headbutt","Reckless Charge","Thunderclap+1","Clash"],"picked":"SKIP","floor":21},{"not_picked":["Perfected Strike","Heavy Blade","Reaper","Whirlwind+1"],"picked":"SKIP","floor":23},{"not_picked":["Clothesline","Heavy Blade","Bloodletting+1"],"picked":"True Grit","floor":24}],"player_experience":1077780,"relics_obtained":[{"floor":6.0,"key":"Mango"},{"floor":10.0,"key":"Pen Nib"},{"floor":23,"key":"Calipers"}],"event_choices":[{"damage_healed":0.0,"max_hp_gain":0.0,"max_hp_loss":6.0,"gold_gain":0.0,"event_name":"Golden Idol","player_choice":"Lose Max HP","floor":3.0,"gold_loss":0.0,"damage_taken":0.0,"relics_obtained":["Golden Idol"]},{"damage_healed":0.0,"max_hp_gain":0.0,"max_hp_loss":0.0,"gold_gain":75.0,"event_name":"World of Goop","player_choice":"Gather Gold","floor":8.0,"gold_loss":0.0,"damage_taken":11.0},{"damage_healed":0,"gold_gain":0,"player_choice":"Joined the Cult","damage_taken":6,"max_hp_gain":0,"max_hp_loss":0,"event_name":"Nest","floor":20,"gold_loss":0,"cards_obtained":["RitualDagger"]},{"cards_removed":["Barricade"],"damage_healed":0,"gold_gain":0,"player_choice":"Took Card","damage_taken":0,"max_hp_gain":0,"max_hp_loss":0,"event_name":"NoteForYourself","floor":22,"gold_loss":0,"cards_obtained":["Regret"]}],"is_beta":false,"boss_relics":[{"not_picked":["Runic Cube","Pandora\u0027s Box"],"picked":"Fusion Hammer"}],"items_purged_floors":[19],"is_endless":false,"potions_floor_spawned":[1,5,6,23,24],"killed_by":"Book of Stabbing","ascension_level":1}