{"gold_per_floor":[109,122,397,412,432,460,460,460,484,498,512,117,117,117,117,194,194,212,212,212,212,227,256,256,283,332,332],"floor_reached":27,"playtime":836,"items_purged":["Strike_G"],"score":589,"play_id":"b019b1a8-0500-4db2-960e-d5c49a7e5e23","local_time":"20190722170711","is_ascension_mode":true,"campfire_choices":[{"data":"Neutralize","floor":8.0,"key":"SMITH"},{"data":"Noxious Fumes","floor":13.0,"key":"SMITH"},{"data":"Phantasmal Killer","floor":15.0,"key":"SMITH"},{"floor":24.0,"key":"REST"}],"neow_cost":"NONE","seed_source_timestamp":16368049208871,"circlet_count":0,"master_deck":["AscendersBane","Strike_G","Defend_G","Defend_G","Defend_G","Defend_G","Survivor","Neutralize+1","Glass Knife+1","Riddle With Holes+1","Unload+1","Riddle With Holes","Backflip","Regret","Caltrops","Phantasmal Killer+1","Noxious Fumes+1","Blur","Regret","Adrenaline","Shame","Doubt","Doubt","Blur","Writhe","Tactician","Venomology"],"special_seed":0,"relics":["Astrolabe","Blood Vial","Letter Opener","Snake Skull","Bag of Preparation","Gambling Chip","Calling Bell","Anchor","Ornamental Fan","The Specimen","Vajra","PreservedInsect","Bronze Scales","Ancient Tea Set","Potion Belt"],"potions_floor_usage":[],"damage_taken":[{"damage":4.0,"enemies":"Small Slimes","floor":1.0,"turns":2.0},{"damage":0.0,"enemies":"Cultist","floor":2.0,"turns":2.0},{"damage":0.0,"enemies":"Jaw Worm","floor":4.0,"turns":3.0},{"damage":0.0,"enemies":"Blue Slaver","floor":5.0,"turns":2.0},{"damage":6.0,"enemies":"Gremlin Nob","floor":6.0,"turns":3.0},{"damage":0.0,"enemies":"3 Louse","floor":10.0,"turns":3.0},{"damage":0.0,"enemies":"2 Fungi Beasts","floor":11.0,"turns":2.0},{"damage":22.0,"enemies":"The Guardian","floor":16.0,"turns":9.0},{"damage":0.0,"enemies":"Chosen","floor":18.0,"turns":5.0},{"damage":24.0,"enemies":"Spheric Guardian","floor":22.0,"turns":4.0},{"damage":27.0,"enemies":"Book of Stabbing","floor":23.0,"turns":4.0},{"damage":6.0,"enemies":"Slavers","floor":25.0,"turns":3.0},{"damage":45,"enemies":"Snecko","floor":27,"turns":4}],"seed_played":"-8577956522286635224","potions_obtained":[{"floor":2.0,"key":"SpeedPotion"},{"floor":5.0,"key":"EssenceOfSteel"},{"floor":6.0,"key":"Block Potion"},{"floor":11.0,"key":"Ancient Potion"},{"floor":23.0,"key":"Swift Potion"}],"is_trial":false,"path_per_floor":["M","M","?","M","M","E","T","R","T","M","M","$","R","?","R","B",null,"M","?","?","?","M","E","R","E","T","M"],"character_chosen":"THE_SILENT","items_purchased":["Noxious Fumes","Blur","Bag of Preparation"],"campfire_rested":1,"item_purchase_floors":[12,12,12],"current_hp_per_floor":[55,55,55,55,55,49,49,49,49,51,53,53,53,53,53,33,58,60,60,60,60,38,13,32,28,28,0],"gold":332,"neow_bonus":"BOSS_RELIC","is_prod":false,"is_daily":false,"chose_seed":false,"campfire_upgraded":3,"win_rate":0,"timestamp":1563840431,"path_taken":["M","M","?","M","?","E","?","R","T","M","M","$","R","?","R","BOSS","M","?","?","?","M","E","R","E","T","M"],"build_version":"2019-07-17","purchased_purges":1,"victory":false,"max_hp_per_floor":[66,66,66,66,66,66,66,66,66,66,66,66,66,66,66,66,66,66,66,66,66,66,66,66,66,66,66],"card_choices":[{"not_picked":["Bane","Blade Dance"],"picked":"Riddle With Holes","floor":1.0},{"not_picked":["Expertise","Flying Knee"],"picked":"Backflip","floor":2.0},{"not_picked":["Sucker Punch","Deadly Poison","Blade Dance"],"picked":"SKIP","floor":4.0},{"not_picked":["Cloak And Dagger","Heel Hook","Bane"],"picked":"SKIP","floor":5.0},{"not_picked":["Acrobatics","Dodge and Roll"],"picked":"Caltrops","floor":6.0},{"not_picked":["Sucker Punch","Well Laid Plans"],"picked":"Phantasmal Killer","floor":10.0},{"not_picked":["Finisher","Poisoned Stab","Blade Dance"],"picked":"SKIP","floor":11.0},{"not_picked":["Venomology","After Image"],"picked":"Adrenaline","floor":16.0},{"not_picked":["Cloak And Dagger+1","Outmaneuver"],"picked":"Blur","floor":18.0},{"not_picked":["Blade Dance","Outmaneuver"],"picked":"Tactician","floor":22.0},{"not_picked":["Skewer","Prepared","Backflip"],"picked":"SKIP","floor":23.0},{"not_picked":["Predator+1","Caltrops"],"picked":"Venomology","floor":25.0}],"player_experience":665320,"relics_obtained":[{"floor":6.0,"key":"Blood Vial"},{"floor":7.0,"key":"Letter Opener"},{"floor":9.0,"key":"Snake Skull"},{"floor":17.0,"key":"Anchor"},{"floor":17.0,"key":"Ornamental Fan"},{"floor":17.0,"key":"The Specimen"},{"floor":23.0,"key":"Bronze Scales"},{"floor":25.0,"key":"Ancient Tea Set"},{"floor":26.0,"key":"Potion Belt"}],"event_choices":[{"damage_healed":0.0,"max_hp_gain":0.0,"max_hp_loss":0.0,"gold_gain":275.0,"event_name":"Golden Shrine","player_choice":"Desecrate","floor":3.0,"gold_loss":0.0,"damage_taken":0.0,"cards_obtained":["Regret"]},{"damage_healed":0.0,"max_hp_gain":0.0,"max_hp_loss":0.0,"gold_gain":0.0,"event_name":"Big Fish","player_choice":"Box","floor":14.0,"gold_loss":0.0,"damage_taken":0.0,"relics_obtained":["Gambling Chip"],"cards_obtained":["Regret"]},{"damage_healed":0.0,"max_hp_gain":0.0,"max_hp_loss":0.0,"gold_gain":0.0,"event_name":"The Mausoleum","player_choice":"Opened","floor":19.0,"gold_loss":0.0,"damage_taken":0.0,"relics_obtained":["Vajra"],"cards_obtained":["Writhe"]},{"cards_removed":["Strike_G"],"damage_healed":0.0,"max_hp_gain":0.0,"max_hp_loss":0.0,"gold_gain":0.0,"event_name":"Back to Basics","player_choice":"Elegance","floor":20.0,"gold_loss":0.0,"damage_taken":0.0},{"damage_healed":0.0,"max_hp_gain":0.0,"max_hp_loss":0.0,"gold_gain":0.0,"event_name":"WeMeetAgain","player_choice":"Gave Potion","floor":21.0,"gold_loss":0.0,"damage_taken":0.0,"relics_obtained":["PreservedInsect"]}],"is_beta":false,"boss_relics":[{"not_picked":["Eternal Feather","HoveringKite"],"picked":"Calling Bell"}],"items_purged_floors":[12],"is_endless":false,"potions_floor_spawned":[2,5,6,11,23],"killed_by":"Snecko","ascension_level":19}