{"gold_per_floor":[110,110,39,39,39,39,59,59,59,73,73,84,9,33,33,134,134,144,44,44,224,212,212,222,222,222,222,233,233,250,250,250,352,352,366,366,377,125,143,172,185,201,201,218,218,218,61,77,77,77],"floor_reached":51,"playtime":2235,"items_purged":["Strike_B","Strike_B","Strike_B"],"score":917,"play_id":"82982776-cf28-4f3f-a059-96743232ccab","local_time":"20181227193722","is_ascension_mode":true,"campfire_choices":[{"data":"Zap","floor":6.0,"key":"SMITH"},{"data":"Creative AI","floor":8.0,"key":"SMITH"},{"floor":11.0,"key":"REST"},{"data":"Conserve Battery","floor":15.0,"key":"SMITH"},{"floor":23.0,"key":"REST"},{"floor":25.0,"key":"REST"},{"data":"Defragment","floor":27.0,"key":"SMITH"},{"floor":29.0,"key":"REST"},{"data":"Defragment","floor":32.0,"key":"SMITH"},{"data":"Echo Form","floor":46,"key":"SMITH"},{"floor":49,"key":"REST"}],"neow_cost":"NONE","seed_source_timestamp":22138631704290,"circlet_count":0,"master_deck":["Strike_B","Defend_B","Defend_B","Defend_B","Defend_B","Zap+1","Dualcast","Ball Lightning","Ball Lightning","Leap","Creative AI+1","Coolheaded","Conserve Battery+1","Echo Form+1","Darkness+1","Defragment+1","Coolheaded","Defragment+1","Hologram+1","Biased Cognition","Writhe","Echo Form","Force Field","Redo+1","Defragment","Hologram","All For One","Doubt","All For One"],"special_seed":0,"relics":["Cracked Core","Anchor","Question Card","Bottled Lightning","Odd Mushroom","Snecko Eye","Unceasing Top","Matryoshka","Inserter","Gambling Chip","Bronze Scales","Letter Opener"],"potions_floor_usage":[50],"damage_taken":[{"damage":0.0,"enemies":"Jaw Worm","floor":1.0,"turns":3.0},{"damage":0.0,"enemies":"Cultist","floor":7.0,"turns":2.0},{"damage":0.0,"enemies":"Small Slimes","floor":10.0,"turns":2.0},{"damage":18.0,"enemies":"Gremlin Gang","floor":12.0,"turns":3.0},{"damage":8.0,"enemies":"The Mushroom Lair","floor":14.0,"turns":4.0},{"damage":8.0,"enemies":"The Guardian","floor":16.0,"turns":11.0},{"damage":0.0,"enemies":"Chosen","floor":18.0,"turns":4.0},{"damage":12.0,"enemies":"2 Thieves","floor":22.0,"turns":4.0},{"damage":26.0,"enemies":"Sentry and Sphere","floor":24.0,"turns":7.0},{"damage":13.0,"enemies":"Cultist and Chosen","floor":28.0,"turns":5.0},{"damage":4.0,"enemies":"Snecko","floor":30.0,"turns":6.0},{"damage":24.0,"enemies":"Champ","floor":33.0,"turns":8.0},{"damage":8.0,"enemies":"3 Shapes","floor":35.0,"turns":5.0},{"damage":11.0,"enemies":"Orb Walker","floor":37.0,"turns":5.0},{"damage":48.0,"enemies":"Jaw Worm Horde","floor":39.0,"turns":9.0},{"damage":13.0,"enemies":"Giant Head","floor":40.0,"turns":12.0},{"damage":10,"enemies":"Transient","floor":41,"turns":5},{"damage":13,"enemies":"3 Darklings","floor":42,"turns":3},{"damage":7,"enemies":"Maw","floor":44,"turns":8},{"damage":39,"enemies":"Jaw Worm Horde","floor":48,"turns":3},{"damage":9,"enemies":"Donu and Deca","floor":50,"turns":2}],"seed_played":"8325998941498565872","potions_obtained":[{"floor":1.0,"key":"SteroidPotion"},{"floor":4.0,"key":"Regen Potion"},{"floor":4.0,"key":"SpeedPotion"},{"floor":18.0,"key":"Ancient Potion"},{"floor":30.0,"key":"Regen Potion"},{"floor":35.0,"key":"FearPotion"},{"floor":42,"key":"Dexterity Potion"},{"floor":44,"key":"Explosive Potion"}],"is_trial":false,"path_per_floor":["M","?","$","?","$","R","M","R","T","M","R","M","$","?","R","B",null,"M","$","?","?","M","R","M","R","T","R","M","R","M","?","R","B",null,"M","?","M","$","M","E","M","M","T","M","?","R","$","M","R","B",null],"character_chosen":"DEFECT","items_purchased":["Ball Lightning","Leap","Defragment","Hologram","All For One"],"campfire_rested":5,"item_purchase_floors":[3,3,38,38,47],"current_hp_per_floor":[68,43,43,43,43,43,43,43,43,43,65,47,47,39,39,31,64,64,64,64,43,31,53,27,49,49,49,36,58,54,54,54,30,64,56,56,45,45,49,36,26,13,13,6,75,75,75,36,58,49],"gold":77,"neow_bonus":"RANDOM_COMMON_RELIC","is_prod":false,"is_daily":false,"chose_seed":false,"campfire_upgraded":6,"win_rate":0,"timestamp":1545928642,"path_taken":["M","?","$","?","$","R","M","R","T","?","R","M","$","?","R","BOSS","M","$","?","?","M","R","?","R","T","R","M","R","M","?","R","BOSS","M","?","M","$","M","E","M","M","T","M","?","R","?","M","R","BOSS"],"build_version":"2018-12-20","purchased_purges":3,"victory":true,"max_hp_per_floor":[75,75,75,75,75,75,75,75,75,75,75,75,75,75,75,75,75,75,75,75,75,75,75,75,75,75,75,75,75,75,75,75,75,75,75,75,75,75,75,75,75,75,75,75,75,75,75,75,75,75],"card_choices":[{"not_picked":["Redo","Streamline"],"picked":"Ball Lightning","floor":1.0},{"not_picked":["Turbo","Ball Lightning","Gash"],"picked":"Creative AI","floor":7.0},{"not_picked":["Hologram","Ball Lightning","Turbo"],"picked":"Coolheaded","floor":10.0},{"not_picked":["Reprogram","Doom and Gloom","Redo"],"picked":"Conserve Battery","floor":12.0},{"not_picked":["Electrodynamics","Buffer","Amplify"],"picked":"Echo Form","floor":16.0},{"not_picked":["Coolheaded","Beam Cell","Hologram"],"picked":"Darkness+1","floor":18.0},{"not_picked":["Hologram","Sweeping Beam","Steam"],"picked":"Coolheaded","floor":22.0},{"not_picked":["Ball Lightning","Gash","Hello World"],"picked":"Defragment","floor":24.0},{"not_picked":["Beam Cell+1","Compile Driver","Go for the Eyes"],"picked":"Hologram+1","floor":28.0},{"not_picked":["Ball Lightning","Lockon","Rebound"],"picked":"Biased Cognition","floor":30.0},{"not_picked":["Machine Learning","Reboot","Seek"],"picked":"Echo Form","floor":33.0},{"not_picked":["Coolheaded","Beam Cell+1","Melter"],"picked":"Force Field","floor":35.0},{"not_picked":["Hologram+1","Steam","Stack+1"],"picked":"Redo+1","floor":37.0},{"not_picked":["Undo","Reinforced Body","Steam"],"picked":"All For One","floor":39.0},{"not_picked":["Gash","Turbo+1","Steam Power+1","Defragment"],"picked":"SKIP","floor":40.0},{"not_picked":["Cold Snap+1","Compile Driver","Leap+1","Coolheaded"],"picked":"SKIP","floor":41},{"not_picked":["Leap","Stack","Coolheaded+1","Fusion"],"picked":"SKIP","floor":42},{"not_picked":["Barrage","Rebound","Static Discharge","Compile Driver+1"],"picked":"SKIP","floor":44},{"not_picked":["Auto Shields","Barrage","Gash","Redo"],"picked":"SKIP","floor":48}],"player_experience":610481,"relics_obtained":[{"floor":9.0,"key":"Bottled Lightning"},{"floor":14.0,"key":"Odd Mushroom"},{"floor":26.0,"key":"Unceasing Top"},{"floor":40.0,"key":"Gambling Chip"},{"floor":43,"key":"Bronze Scales"},{"floor":43,"key":"Letter Opener"}],"event_choices":[{"damage_healed":0.0,"max_hp_gain":0.0,"max_hp_loss":0.0,"gold_gain":0.0,"event_name":"Scrap Ooze","player_choice":"Success","floor":2.0,"gold_loss":0.0,"damage_taken":25.0,"relics_obtained":["Question Card"]},{"damage_healed":0.0,"max_hp_gain":0.0,"max_hp_loss":0.0,"gold_gain":0.0,"event_name":"Lab","player_choice":"Got Potions","floor":4.0,"gold_loss":0.0,"damage_taken":0.0},{"damage_healed":0.0,"max_hp_gain":0.0,"max_hp_loss":0.0,"gold_gain":0.0,"event_name":"Mushrooms","player_choice":"Fought Mushrooms","floor":14.0,"gold_loss":0.0,"damage_taken":0.0},{"damage_healed":0.0,"max_hp_gain":0.0,"max_hp_loss":0.0,"gold_gain":0.0,"event_name":"The Library","player_choice":"Read","floor":20.0,"gold_loss":0.0,"damage_taken":0.0,"cards_obtained":["Defragment"]},{"damage_healed":0.0,"max_hp_gain":0.0,"max_hp_loss":0.0,"gold_gain":180.0,"event_name":"Knowing Skull","player_choice":"GOLD GOLD ","floor":21.0,"potions_obtained":[],"gold_loss":0.0,"damage_taken":21.0,"cards_obtained":[]},{"damage_healed":0.0,"max_hp_gain":0.0,"max_hp_loss":0.0,"gold_gain":0.0,"event_name":"The Mausoleum","player_choice":"Opened","floor":31.0,"gold_loss":0.0,"damage_taken":0.0,"relics_obtained":["Matryoshka"],"cards_obtained":["Writhe"]},{"damage_healed":0.0,"max_hp_gain":0.0,"max_hp_loss":0.0,"gold_gain":0.0,"event_name":"Tomb of Lord Red Mask","player_choice":"Ignored","floor":36.0,"gold_loss":0.0,"damage_taken":0.0},{"damage_healed":69,"gold_gain":0,"player_choice":"Heal","damage_taken":0,"max_hp_gain":0,"max_hp_loss":0,"event_name":"MindBloom","floor":45,"gold_loss":0,"cards_obtained":["Doubt"]}],"is_beta":false,"boss_relics":[{"not_picked":["Astrolabe","Runic Dome"],"picked":"Snecko Eye"},{"not_picked":["Tiny House","Empty Cage"],"picked":"Inserter"}],"items_purged_floors":[13,19,38],"is_endless":false,"potions_floor_spawned":[1,10,18,30,35,37,42,44],"ascension_level":6}