{"gold_per_floor":[115,115,115,115,139,172,172,212,236,252,271,289,289,305,305,433,433,454,467,101,101,125,158,158,201,227,0,0,39,59,78,78,204,204,222,555,555,655,666,691,702,702,729,742,771,787,887,905,905,905,905,905,386,416,416],"floor_reached":56,"playtime":2545,"items_purged":["Strike_G","Clumsy","Strike_G"],"score":1430,"play_id":"a6c7e2d8-bef4-4159-b335-dcde7ff8d788","local_time":"20190719120651","is_ascension_mode":true,"campfire_choices":[{"data":"Neutralize","floor":7,"key":"SMITH"},{"floor":13,"key":"REST"},{"data":"Riddle With Holes","floor":15,"key":"SMITH"},{"data":"Noxious Fumes","floor":24,"key":"SMITH"},{"data":"Mayhem","floor":32,"key":"SMITH"},{"data":"Apotheosis","floor":42,"key":"SMITH"},{"floor":49,"key":"RECALL"},{"data":"Adrenaline","floor":52,"key":"SMITH"}],"neow_cost":"NONE","seed_source_timestamp":4755174845626,"circlet_count":0,"master_deck":["Strike_G+1","Strike_G+1","Defend_G","Defend_G","Defend_G","Defend_G","Defend_G","Survivor","Neutralize+1","Backflip","Dash","Flechettes","Terror","Riddle With Holes+1","Caltrops","Adrenaline+1","Noxious Fumes+1","Mayhem+1","PiercingWail","Bouncing Flask","Noxious Fumes+1","Crippling Poison+1","Leg Sweep+1","Noxious Fumes","Malaise","Apotheosis+1","Doubt","Cloak And Dagger+1","Flechettes+1","Blur","Backflip","Panacea","Predator","After Image"],"relics":["Ring of the Snake","Whetstone","Art of War","Letter Opener","Bronze Scales","Oddly Smooth Stone","Cursed Key","Membership Card","Snake Skull","Vajra","Strawberry","DollysMirror","PreservedInsect","Bag of Preparation","Busted Crown","Tingsha","Potion Belt","Bag of Marbles","Mummified Hand","Centennial Puzzle","Cauldron","Bottled Lightning"],"potions_floor_usage":[8,11,28,55,55,55,55],"damage_taken":[{"damage":2,"enemies":"Small Slimes","floor":1,"turns":3},{"damage":0,"enemies":"Jaw Worm","floor":5,"turns":4},{"damage":10,"enemies":"Gremlin Nob","floor":6,"turns":5},{"damage":18,"enemies":"Lagavulin","floor":8,"turns":8},{"damage":0,"enemies":"2 Louse","floor":10,"turns":3},{"damage":0,"enemies":"Gremlin Gang","floor":11,"turns":4},{"damage":0,"enemies":"Exordium Thugs","floor":12,"turns":5},{"damage":0,"enemies":"3 Louse","floor":14,"turns":3},{"damage":27,"enemies":"Slime Boss","floor":16,"turns":10},{"damage":0,"enemies":"Chosen","floor":18,"turns":3},{"damage":2,"enemies":"2 Thieves","floor":19,"turns":3},{"damage":5,"enemies":"Sentry and Sphere","floor":22,"turns":5},{"damage":14,"enemies":"Gremlin Leader","floor":23,"turns":6},{"damage":12,"enemies":"Book of Stabbing","floor":25,"turns":4},{"damage":0,"enemies":"Slavers","floor":29,"turns":4},{"damage":0,"enemies":"Snecko","floor":30,"turns":4},{"damage":6,"enemies":"Centurion and Healer","floor":31,"turns":5},{"damage":9,"enemies":"Collector","floor":33,"turns":7},{"damage":0,"enemies":"Orb Walker","floor":35,"turns":3},{"damage":0,"enemies":"Mind Bloom Boss Battle","floor":38,"turns":5},{"damage":0,"enemies":"3 Shapes","floor":39,"turns":3},{"damage":0,"enemies":"Giant Head","floor":40,"turns":7},{"damage":0,"enemies":"Transient","floor":41,"turns":5},{"damage":9,"enemies":"Spire Growth","floor":44,"turns":4},{"damage":0,"enemies":"Nemesis","floor":45,"turns":5},{"damage":5,"enemies":"Sphere and 2 Shapes","floor":46,"turns":4},{"damage":0,"enemies":"Transient","floor":48,"turns":5},{"damage":15,"enemies":"Awakened One","floor":50,"turns":12},{"damage":19,"enemies":"Shield and Spear","floor":54,"turns":5},{"damage":5,"enemies":"The Heart","floor":55,"turns":9}],"seed_played":"6083012715141668023","potions_obtained":[{"floor":1,"key":"Fire Potion"},{"floor":6,"key":"SpeedPotion"},{"floor":8,"key":"AttackPotion"},{"floor":14,"key":"Swift Potion"},{"floor":18,"key":"Energy Potion"},{"floor":28,"key":"Fruit Juice"},{"floor":28,"key":"SpeedPotion"},{"floor":29,"key":"Ancient Potion"},{"floor":40,"key":"SmokeBomb"},{"floor":41,"key":"EssenceOfSteel"},{"floor":45,"key":"Strength Potion"},{"floor":53,"key":"GhostInAJar"},{"floor":53,"key":"LiquidBronze"}],"is_trial":false,"path_per_floor":["M","?","?","?","M","E","R","E","T","M","M","M","R","M","R","B",null,"M","M","$","?","M","E","R","E","T","$","?","E","M","M","R","B",null,"M","?","?","?","M","E","M","R","T","M","E","M","?","M","R","B",null,"R","$","E","B",null],"character_chosen":"THE_SILENT","items_purchased":["Membership Card","Noxious Fumes","Mayhem","DollysMirror","PreservedInsect","Mummified Hand","Centennial Puzzle","Blur","Backflip","Panacea","Cauldron","Predator"],"campfire_rested":1,"item_purchase_floors":[20,20,20,27,27,53,53,53,53,53,53,53],"current_hp_per_floor":[68,61,54,37,37,27,27,9,9,9,9,9,30,30,30,3,70,70,68,68,55,50,36,36,24,31,31,36,36,36,30,30,21,87,87,87,77,77,77,77,77,77,77,68,68,63,63,63,63,48,87,87,87,68,63],"gold":416,"neow_bonus":"RANDOM_COMMON_RELIC","is_prod":false,"is_daily":false,"chose_seed":false,"campfire_upgraded":6,"win_rate":0,"timestamp":1563527211,"path_taken":["M","?","?","?","M","E","R","E","T","M","M","M","R","M","R","BOSS","M","M","$","?","M","E","R","E","T","$","?","E","?","M","R","BOSS","M","?","?","?","M","E","M","R","T","M","E","M","?","?","R","BOSS","R","$","E","BOSS"],"build_version":"2019-07-17","purchased_purges":3,"victory":true,"max_hp_per_floor":[70,70,70,70,70,70,70,70,70,70,70,70,70,70,70,70,70,70,70,70,75,75,75,75,75,82,82,87,87,87,87,87,87,87,87,87,87,87,87,87,87,87,87,87,87,87,87,87,87,87,87,87,87,87,87],"card_choices":[{"not_picked":["Reflex","Heel Hook"],"picked":"Backflip","floor":1},{"not_picked":["Concentrate","Deadly Poison"],"picked":"Dash","floor":5},{"not_picked":["Grand Finale","Outmaneuver","Calculated Gamble"],"picked":"SKIP","floor":6},{"not_picked":["Finisher","Heel Hook"],"picked":"Flechettes","floor":8},{"not_picked":["Acrobatics","Catalyst"],"picked":"Terror","floor":10},{"not_picked":["Dagger Throw","Expertise","Cloak And Dagger"],"picked":"SKIP","floor":11},{"not_picked":["Quick Slash","Storm of Steel"],"picked":"Riddle With Holes","floor":12},{"not_picked":["Deadly Poison","Poisoned Stab"],"picked":"Caltrops","floor":14},{"not_picked":["Night Terror","Malaise"],"picked":"Adrenaline","floor":16},{"not_picked":["Flying Knee","Deadly Poison","Tactician+1"],"picked":"SKIP","floor":18},{"not_picked":["Cloak And Dagger","Slice","Distraction"],"picked":"SKIP","floor":19},{"not_picked":["Poisoned Stab+1","Prepared+1"],"picked":"PiercingWail","floor":22},{"not_picked":["Dagger Spray","Finisher"],"picked":"Bouncing Flask","floor":23},{"not_picked":["Deadly Poison","Bane","Bullet Time"],"picked":"SKIP","floor":25},{"not_picked":["Underhanded Strike","Quick Slash"],"picked":"Crippling Poison+1","floor":29},{"not_picked":["Outmaneuver+1","Caltrops"],"picked":"Leg Sweep+1","floor":30},{"not_picked":["Distraction","Underhanded Strike+1"],"picked":"Noxious Fumes","floor":31},{"not_picked":["Wraith Form v2","Unload"],"picked":"Malaise","floor":33},{"not_picked":["Quick Slash"],"picked":"SKIP","floor":35},{"not_picked":[],"picked":"Apotheosis","floor":37},{"not_picked":["Dagger Throw"],"picked":"SKIP","floor":39},{"not_picked":["Blade Dance+1"],"picked":"SKIP","floor":40},{"not_picked":["Flechettes"],"picked":"SKIP","floor":41},{"not_picked":[],"picked":"Cloak And Dagger+1","floor":44},{"not_picked":["Dagger Throw+1"],"picked":"SKIP","floor":45},{"not_picked":[],"picked":"Flechettes+1","floor":46},{"not_picked":["Prepared"],"picked":"SKIP","floor":48},{"not_picked":[],"picked":"After Image","floor":54}],"player_experience":1075235,"relics_obtained":[{"floor":6,"key":"Letter Opener"},{"floor":8,"key":"Bronze Scales"},{"floor":9,"key":"Oddly Smooth Stone"},{"floor":23,"key":"Snake Skull"},{"floor":25,"key":"Vajra"},{"floor":26,"key":"Strawberry"},{"floor":29,"key":"Bag of Preparation"},{"floor":38,"key":"Tingsha"},{"floor":40,"key":"Potion Belt"},{"floor":45,"key":"Bag of Marbles"},{"floor":54,"key":"Bottled Lightning"}],"event_choices":[{"damage_healed":0,"gold_gain":0,"player_choice":"Success","damage_taken":7,"relics_obtained":["Art of War"],"max_hp_gain":0,"max_hp_loss":0,"event_name":"Scrap Ooze","floor":2,"gold_loss":0},{"cards_removed":["Strike_G"],"damage_healed":0,"gold_gain":0,"player_choice":"Card Removal","damage_taken":7,"max_hp_gain":0,"max_hp_loss":0,"event_name":"Golden Wing","floor":3,"gold_loss":0},{"damage_healed":0,"gold_gain":0,"player_choice":"Take Damage","damage_taken":17,"relics_obtained":["Golden Idol"],"max_hp_gain":0,"max_hp_loss":0,"event_name":"Golden Idol","floor":4,"gold_loss":0},{"damage_healed":0,"gold_gain":0,"player_choice":"Shed Blood","damage_taken":18,"max_hp_gain":5,"max_hp_loss":0,"event_name":"Forgotten Altar","floor":21,"gold_loss":0},{"damage_healed":0,"gold_gain":0,"player_choice":"Got Potions","damage_taken":0,"max_hp_gain":0,"max_hp_loss":0,"event_name":"Lab","floor":28,"gold_loss":0},{"damage_healed":0,"gold_gain":333,"player_choice":"Gave Idol","damage_taken":0,"max_hp_gain":0,"max_hp_loss":0,"event_name":"The Moai Head","floor":36,"relics_lost":["Golden Idol"],"gold_loss":0},{"damage_healed":0,"gold_gain":0,"player_choice":"Memory 3","damage_taken":10,"max_hp_gain":0,"max_hp_loss":0,"event_name":"SensoryStone","floor":37,"gold_loss":0},{"damage_healed":0,"gold_gain":0,"player_choice":"Fight","damage_taken":0,"max_hp_gain":0,"max_hp_loss":0,"event_name":"MindBloom","floor":38,"gold_loss":0},{"damage_healed":0,"gold_gain":100,"player_choice":"Pray","damage_taken":0,"max_hp_gain":0,"max_hp_loss":0,"event_name":"Golden Shrine","floor":47,"gold_loss":0}],"is_beta":false,"boss_relics":[{"not_picked":["HoveringKite","Lizard Tail"],"picked":"Cursed Key"},{"not_picked":["Runic Dome","Orrery"],"picked":"Busted Crown"}],"items_purged_floors":[20,27,53],"is_endless":false,"potions_floor_spawned":[1,6,8,14,18,23,25,29,31,38,40,41,45,48],"ascension_level":1}