{"gold_per_floor":[214,57,77,91,107,138,67,67,93,106,131,131,164,339,339,436,436,452,468,393,393,412,412,445,132,132,160,172,184,215,255,267,279],"floor_reached":33,"playtime":1141,"items_purged":["Strike_R"],"score":404,"play_id":"2c60eadc-3ef3-4b44-b397-f97331a2f913","local_time":"20190220230209","is_ascension_mode":true,"campfire_choices":[{"floor":8.0,"key":"REST"},{"floor":12.0,"key":"REST"},{"data":"Demon Form","floor":15.0,"key":"SMITH"},{"data":"Armaments","floor":23.0,"key":"SMITH"},{"floor":29.0,"key":"REST"},{"floor":32.0,"key":"REST"}],"neow_cost":"NONE","seed_source_timestamp":39711731758473,"circlet_count":0,"master_deck":["Strike_R+1","Strike_R+1","Strike_R","Defend_R","Defend_R+1","Defend_R","Defend_R","Bash","True Grit+1","Armaments+1","Pommel Strike","Demon Form+1","Battle Trance","Disarm","Disarm","Shrug It Off","Immolate","Shockwave","Metallicize","Ghostly Armor+1","Flame Barrier"],"special_seed":0,"relics":["Burning Blood","Vajra","Boot","Dream Catcher","Whetstone","Omamori","Philosopher\u0027s Stone","MutagenicStrength","War Paint","Bronze Scales","Question Card","MawBank","Paper Frog","Smiling Mask"],"potions_floor_usage":[33],"damage_taken":[{"damage":1.0,"enemies":"Cultist","floor":1.0,"turns":4.0},{"damage":5.0,"enemies":"Small Slimes","floor":3.0,"turns":3.0},{"damage":7.0,"enemies":"Jaw Worm","floor":4.0,"turns":3.0},{"damage":9.0,"enemies":"3 Louse","floor":5.0,"turns":4.0},{"damage":49.0,"enemies":"Lagavulin","floor":6.0,"turns":7.0},{"damage":5.0,"enemies":"Large Slime","floor":10.0,"turns":5.0},{"damage":49.0,"enemies":"Gremlin Nob","floor":11.0,"turns":6.0},{"damage":7.0,"enemies":"Lagavulin","floor":13.0,"turns":7.0},{"damage":7.0,"enemies":"Hexaghost","floor":16.0,"turns":9.0},{"damage":19.0,"enemies":"2 Thieves","floor":18.0,"turns":3.0},{"damage":5.0,"enemies":"Chosen","floor":19.0,"turns":5.0},{"damage":18.0,"enemies":"Centurion and Healer","floor":22.0,"turns":7.0},{"damage":29.0,"enemies":"Book of Stabbing","floor":24.0,"turns":7.0},{"damage":26.0,"enemies":"Gremlin Leader","floor":27.0,"turns":5.0},{"damage":5.0,"enemies":"Cultist and Chosen","floor":30.0,"turns":5.0},{"damage":14.0,"enemies":"Slavers","floor":31.0,"turns":3.0},{"damage":71,"enemies":"Collector","floor":33,"turns":5}],"seed_played":"4845002745820660946","potions_obtained":[{"floor":3.0,"key":"LiquidBronze"},{"floor":6.0,"key":"SneckoOil"},{"floor":10.0,"key":"Block Potion"},{"floor":19.0,"key":"GamblersBrew"},{"floor":24.0,"key":"Regen Potion"},{"floor":30.0,"key":"Ancient Potion"}],"is_trial":false,"path_per_floor":["M","$","M","M","M","E","$","R","T","M","E","R","E","?","R","B",null,"M","M","?","?","M","R","E","$","T","E","?","R","M","E","R","B"],"character_chosen":"IRONCLAD","items_purchased":["Vajra","Battle Trance","Bronze Scales","Metallicize"],"campfire_rested":4,"item_purchase_floors":[2,7,25,25],"current_hp_per_floor":[80,80,80,79,76,33,33,57,57,58,15,39,38,38,38,37,69,56,57,57,57,45,45,22,22,22,16,16,40,41,33,57,0],"gold":279,"neow_bonus":"HUNDRED_GOLD","is_prod":false,"is_daily":false,"chose_seed":false,"campfire_upgraded":2,"win_rate":0,"timestamp":1550692929,"path_taken":["M","?","M","M","M","E","$","R","T","M","E","R","E","?","R","BOSS","M","M","?","?","M","R","E","$","T","E","?","R","M","E","R","BOSS"],"build_version":"2019-01-23","purchased_purges":1,"victory":false,"max_hp_per_floor":[80,80,80,80,80,80,80,80,80,80,80,80,80,80,80,80,80,80,80,80,80,80,80,80,80,80,80,80,80,80,80,80,80],"card_choices":[{"not_picked":["Havoc","Anger"],"picked":"True Grit","floor":1.0},{"not_picked":["Hemokinesis","Body Slam"],"picked":"Armaments","floor":3.0},{"not_picked":["Armaments","Iron Wave"],"picked":"Pommel Strike","floor":4.0},{"not_picked":["Combust","Headbutt","Flex"],"picked":"SKIP","floor":5.0},{"not_picked":["Perfected Strike","Searing Blow"],"picked":"Demon Form","floor":6.0},{"not_picked":["Iron Wave","Clothesline"],"picked":"Disarm","floor":10.0},{"not_picked":["Shockwave","Armaments"],"picked":"Disarm","floor":11.0},{"not_picked":["Thunderclap","Burning Pact"],"picked":"Shrug It Off","floor":12.0},{"not_picked":["Blood for Blood","Battle Trance","Pommel Strike"],"picked":"SKIP","floor":13.0},{"not_picked":["Juggernaut","Bludgeon"],"picked":"Immolate","floor":16.0},{"not_picked":["Battle Trance","Wild Strike","Sever Soul"],"picked":"SKIP","floor":18.0},{"not_picked":["Headbutt","Flex+1","Reckless Charge+1"],"picked":"SKIP","floor":19.0},{"not_picked":["Perfected Strike+1","Dual Wield","Evolve+1"],"picked":"SKIP","floor":22.0},{"not_picked":["Clash","Dropkick"],"picked":"Shockwave","floor":24.0},{"not_picked":["Bloodletting","Cleave","Warcry","Rampage"],"picked":"SKIP","floor":27.0},{"not_picked":["Wild Strike","Clash","Sever Soul"],"picked":"Ghostly Armor+1","floor":30.0},{"not_picked":["Warcry","Rage","Pummel","Clash+1"],"picked":"SKIP","floor":31.0},{"not_picked":["Armaments","Sword Boomerang","Immolate"],"picked":"Flame Barrier","floor":32.0}],"player_experience":767039,"relics_obtained":[{"floor":6.0,"key":"Boot"},{"floor":9.0,"key":"Dream Catcher"},{"floor":11.0,"key":"Whetstone"},{"floor":13.0,"key":"Omamori"},{"floor":24.0,"key":"War Paint"},{"floor":26.0,"key":"Question Card"},{"floor":27.0,"key":"MawBank"},{"floor":31.0,"key":"Smiling Mask"}],"event_choices":[{"damage_healed":0.0,"max_hp_gain":0.0,"max_hp_loss":0.0,"gold_gain":175.0,"event_name":"Liars Game","player_choice":"AGREE","floor":14.0,"gold_loss":0.0,"damage_taken":0.0,"cards_obtained":["Doubt"]},{"cards_removed":["Strike_R"],"damage_healed":0.0,"max_hp_gain":0.0,"max_hp_loss":0.0,"gold_gain":0.0,"event_name":"Beggar","player_choice":"Gave Gold","floor":20.0,"gold_loss":75.0,"damage_taken":0.0},{"damage_healed":0.0,"max_hp_gain":0.0,"max_hp_loss":0.0,"gold_gain":0.0,"event_name":"Drug Dealer","player_choice":"Inject Mutagens","floor":21.0,"gold_loss":0.0,"damage_taken":0.0,"relics_obtained":["MutagenicStrength"]},{"damage_healed":0.0,"max_hp_gain":0.0,"max_hp_loss":0.0,"gold_gain":0.0,"event_name":"Addict","player_choice":"Stole Relic","floor":28.0,"gold_loss":0.0,"damage_taken":0.0,"relics_obtained":["Paper Frog"],"cards_obtained":["Shame"]}],"is_beta":false,"boss_relics":[{"not_picked":["Tiny House","Ectoplasm"],"picked":"Philosopher\u0027s Stone"}],"items_purged_floors":[25],"is_endless":false,"potions_floor_spawned":[3,6,10,11,16,19,24,30,31],"killed_by":"Collector","ascension_level":5}