{"gold_per_floor":[215,290,304,304,322,336,336,362,440,390,406,406,38,66,66,165,165,177,210,210,33,33,33,53,87,87,104,104,136,136,149,149,250,250,264,35,35,49,69,95,110,138,206,237,237,109,124,149,149,149],"floor_reached":51,"playtime":1950,"items_purged":["Strike_R","Strike_R","Strike_R"],"score":1141,"play_id":"b4a52889-8621-4b77-b890-03d62be3b964","local_time":"20190713122106","is_ascension_mode":true,"campfire_choices":[{"data":"Bash","floor":7,"key":"SMITH"},{"data":"Inflame","floor":12,"key":"SMITH"},{"data":"Sword Boomerang","floor":15,"key":"SMITH"},{"data":"Limit Break","floor":23,"key":"SMITH"},{"floor":30,"key":"REST"},{"data":"Burning Pact","floor":32,"key":"SMITH"},{"data":"Limit Break","floor":49,"key":"SMITH"}],"neow_cost":"NONE","seed_source_timestamp":5157853057550,"circlet_count":0,"master_deck":["Defend_R","Defend_R","Defend_R","Defend_R","Bash+1","Inflame+1","Twin Strike","Burning Pact+1","Sword Boomerang+1","Dropkick","Limit Break+1","Limit Break+1","Impervious","Flame Barrier+1","Metallicize","Thunderclap+1","Shrug It Off+1","Reaper","Metallicize","Shockwave+1","Metallicize+1","Immolate","Discovery","Inflame+1","Discovery"],"relics":["Burning Blood","Singing Bowl","Tiny Chest","Ancient Tea Set","Lantern","Sozu","Red Mask","Gremlin Horn","Omamori","Self Forming Clay","Potion Belt","Lizard Tail","Calipers","Turnip","Frozen Egg 2","Dodecahedron","Mummified Hand"],"potions_floor_usage":[14,19],"damage_taken":[{"damage":0,"enemies":"Small Slimes","floor":1,"turns":3},{"damage":7,"enemies":"Jaw Worm","floor":3,"turns":3},{"damage":1,"enemies":"Cultist","floor":5,"turns":3},{"damage":12,"enemies":"Looter","floor":6,"turns":3},{"damage":30,"enemies":"Lagavulin","floor":8,"turns":5},{"damage":12,"enemies":"Exordium Wildlife","floor":11,"turns":3},{"damage":15,"enemies":"3 Sentries","floor":14,"turns":5},{"damage":0,"enemies":"Slime Boss","floor":16,"turns":4},{"damage":28,"enemies":"Spheric Guardian","floor":18,"turns":4},{"damage":28,"enemies":"Masked Bandits","floor":19,"turns":5},{"damage":3,"enemies":"Chosen","floor":24,"turns":6},{"damage":5,"enemies":"Gremlin Leader","floor":25,"turns":4},{"damage":19,"enemies":"Sentry and Sphere","floor":27,"turns":6},{"damage":33,"enemies":"Book of Stabbing","floor":29,"turns":5},{"damage":4,"enemies":"Cultist and Chosen","floor":31,"turns":4},{"damage":5,"enemies":"Automaton","floor":33,"turns":6},{"damage":2,"enemies":"Orb Walker","floor":35,"turns":3},{"damage":28,"enemies":"3 Darklings","floor":38,"turns":7},{"damage":11,"enemies":"Jaw Worm Horde","floor":39,"turns":6},{"damage":19,"enemies":"Reptomancer","floor":40,"turns":8},{"damage":36,"enemies":"Transient","floor":41,"turns":5},{"damage":53,"enemies":"Giant Head","floor":42,"turns":10},{"damage":29,"enemies":"Nemesis","floor":44,"turns":7},{"damage":44,"enemies":"Sphere and 2 Shapes","floor":47,"turns":8},{"damage":35,"enemies":"Reptomancer","floor":48,"turns":5},{"damage":32,"enemies":"Donu and Deca","floor":50,"turns":6}],"seed_played":"4705270323248778714","potions_obtained":[{"floor":1,"key":"Fire Potion"},{"floor":8,"key":"Block Potion"}],"is_trial":false,"path_per_floor":["M","?","M","?","M","M","R","E","T","?","M","R","$","E","R","B",null,"M","?","?","$","T","R","M","E","T","M","?","E","R","M","R","B",null,"M","$","?","M","M","E","M","E","T","E","?","$","M","E","R","B",null],"character_chosen":"IRONCLAD","items_purchased":["Limit Break","Ancient Tea Set","Metallicize","Metallicize","Shockwave","Inflame+1","Discovery"],"campfire_rested":1,"item_purchase_floors":[13,13,21,36,36,46,46],"current_hp_per_floor":[80,69,68,68,73,67,67,45,45,45,41,41,41,32,32,38,73,53,31,31,31,31,31,34,35,35,24,53,28,55,59,59,60,84,90,90,90,94,94,96,68,69,69,90,84,84,66,110,110,84],"gold":149,"neow_bonus":"HUNDRED_GOLD","is_prod":false,"is_daily":false,"chose_seed":false,"campfire_upgraded":6,"win_rate":0,"timestamp":1563009666,"path_taken":["M","?","M","?","?","M","R","E","T","?","M","R","?","E","R","BOSS","M","?","?","?","?","R","M","E","T","?","?","E","R","M","R","BOSS","M","$","?","M","?","E","M","E","T","E","?","$","M","E","R","BOSS"],"build_version":"2019-07-05","purchased_purges":3,"victory":true,"max_hp_per_floor":[80,80,80,80,80,80,80,82,82,82,84,84,84,84,84,84,84,86,86,86,86,86,86,86,86,86,88,88,90,90,92,92,92,92,94,94,94,94,94,96,98,100,100,102,106,106,108,110,110,110],"card_choices":[{"not_picked":["Hemokinesis","Cleave"],"picked":"Inflame","floor":1},{"not_picked":["Flex","Wild Strike"],"picked":"Twin Strike","floor":3},{"not_picked":["Shrug It Off","Rampage"],"picked":"Sword Boomerang","floor":5},{"not_picked":["Offering","Iron Wave"],"picked":"Dropkick","floor":6},{"not_picked":["Battle Trance","Blood for Blood","Cleave"],"picked":"Singing Bowl","floor":8},{"not_picked":["Second Wind","Rage","Clothesline"],"picked":"Singing Bowl","floor":11},{"not_picked":["Fiend Fire","Iron Wave"],"picked":"Limit Break","floor":14},{"not_picked":["Bludgeon","Exhume"],"picked":"Impervious","floor":16},{"not_picked":["Iron Wave","Bloodletting+1","Corruption"],"picked":"Singing Bowl","floor":18},{"not_picked":["Spot Weakness","Sentinel+1"],"picked":"Flame Barrier+1","floor":19},{"not_picked":["Clothesline","Carnage"],"picked":"Thunderclap+1","floor":24},{"not_picked":["Perfected Strike","Iron Wave"],"picked":"Shrug It Off+1","floor":25},{"not_picked":["Heavy Blade+1","Clothesline","Pommel Strike"],"picked":"Singing Bowl","floor":27},{"not_picked":["Brutality","Feel No Pain","Pommel Strike"],"picked":"Singing Bowl","floor":29},{"not_picked":["Headbutt+1","Pommel Strike","Infernal Blade+1"],"picked":"Singing Bowl","floor":31},{"not_picked":["Limit Break","Double Tap"],"picked":"Reaper","floor":33},{"not_picked":["Havoc+1","Rampage+1","Iron Wave+1"],"picked":"Singing Bowl","floor":35},{"not_picked":["Armaments","Thunderclap+1"],"picked":"Metallicize+1","floor":38},{"not_picked":["Wild Strike+1","Shockwave+1"],"picked":"Immolate","floor":39},{"not_picked":["Thunderclap+1","Pummel","Rupture+1"],"picked":"Singing Bowl","floor":40},{"not_picked":["Uppercut","Headbutt+1","Armaments+1"],"picked":"Singing Bowl","floor":41},{"not_picked":["Headbutt+1","Cleave+1","Hemokinesis"],"picked":"Singing Bowl","floor":42},{"not_picked":["Double Tap","Impervious","Warcry+1"],"picked":"Singing Bowl","floor":44},{"not_picked":["Flash of Steel","Finesse","Swift Strike"],"picked":"Singing Bowl","floor":45},{"not_picked":["Flash of Steel","Mayhem+1"],"picked":"Discovery","floor":45},{"not_picked":["Enlightenment","Trip","Impatience"],"picked":"Singing Bowl","floor":45},{"not_picked":["Body Slam+1","Rampage","Corruption+1"],"picked":"Singing Bowl","floor":47},{"not_picked":["Fire Breathing+1","Seeing Red","Shrug It Off+1"],"picked":"Singing Bowl","floor":48}],"player_experience":1056139,"relics_obtained":[{"floor":8,"key":"Singing Bowl"},{"floor":9,"key":"Tiny Chest"},{"floor":14,"key":"Lantern"},{"floor":19,"key":"Red Mask"},{"floor":22,"key":"Gremlin Horn"},{"floor":25,"key":"Omamori"},{"floor":26,"key":"Self Forming Clay"},{"floor":29,"key":"Potion Belt"},{"floor":40,"key":"Calipers"},{"floor":42,"key":"Turnip"},{"floor":43,"key":"Frozen Egg 2"},{"floor":44,"key":"Dodecahedron"},{"floor":48,"key":"Mummified Hand"}],"event_choices":[{"damage_healed":0,"gold_gain":75,"player_choice":"Gather Gold","damage_taken":11,"max_hp_gain":0,"max_hp_loss":0,"event_name":"World of Goop","floor":2,"gold_loss":0},{"damage_healed":0,"gold_gain":0,"cards_transformed":["Strike_R"],"player_choice":"Transformed","damage_taken":0,"max_hp_gain":0,"max_hp_loss":0,"event_name":"Transmorgrifier","floor":4,"gold_loss":0,"cards_obtained":["Burning Pact"]},{"cards_removed":["Strike_R"],"damage_healed":0,"gold_gain":0,"player_choice":"Card Removal","damage_taken":0,"max_hp_gain":0,"max_hp_loss":0,"event_name":"The Cleric","floor":10,"gold_loss":50},{"damage_healed":0,"gold_gain":0,"player_choice":"Fought Bandits","damage_taken":0,"max_hp_gain":0,"max_hp_loss":0,"event_name":"Masked Bandits","floor":19,"gold_loss":0},{"damage_healed":0,"gold_gain":0,"player_choice":"Ignored","damage_taken":0,"max_hp_gain":0,"max_hp_loss":0,"event_name":"Ghosts","floor":20,"gold_loss":0},{"damage_healed":29,"gold_gain":0,"player_choice":"Heal","damage_taken":0,"max_hp_gain":0,"max_hp_loss":0,"event_name":"The Library","floor":28,"gold_loss":0},{"damage_healed":0,"gold_gain":0,"player_choice":"Upgraded","damage_taken":0,"max_hp_gain":0,"max_hp_loss":0,"event_name":"Upgrade Shrine","floor":37,"gold_loss":0,"cards_upgraded":["Shockwave"]},{"damage_healed":0,"gold_gain":0,"player_choice":"Memory 3","damage_taken":10,"max_hp_gain":0,"max_hp_loss":0,"event_name":"SensoryStone","floor":45,"gold_loss":0}],"is_beta":false,"boss_relics":[{"not_picked":["Tiny House","Cursed Key"],"picked":"Sozu"},{"not_picked":["Mark of Pain","Black Blood"],"picked":"Lizard Tail"}],"items_purged_floors":[13,21,36],"is_endless":false,"potions_floor_spawned":[1,8,18,25,29,33,35,42,44,48],"ascension_level":5}