{"gold_per_floor":[116,133,148,148,223,251,32,32,32,57,77,77,77,90,90,168,218,232,232,232,10,26,26,126,126,174,186,186,199,216,228,228,305,305,319,334,409,424,436,436,436],"floor_reached":41,"playtime":3962,"items_purged":["Defend_R","Defend_R"],"score":689,"play_id":"bb79039d-2ac6-44e1-b476-9a27c1438291","local_time":"20190729154141","is_ascension_mode":true,"campfire_choices":[{"data":"Armaments","floor":13.0,"key":"SMITH"},{"data":"True Grit","floor":15.0,"key":"SMITH"},{"data":"Anger","floor":23.0,"key":"SMITH"},{"data":"Inflame","floor":25.0,"key":"SMITH"},{"data":"Disarm","floor":28.0,"key":"SMITH"},{"data":"Rage","floor":32.0,"key":"SMITH"},{"data":"Berserk","floor":40.0,"key":"SMITH"}],"neow_cost":"NONE","seed_source_timestamp":99589361042331,"circlet_count":0,"master_deck":["AscendersBane","Strike_R","Strike_R","Strike_R","Strike_R","Strike_R","Defend_R","Bash","Armaments+1","Reckless Charge","Battle Trance","True Grit+1","Impervious","Anger+1","Rage+1","Double Tap+1","Disarm+1","Inflame+1","Secret Technique","Whirlwind+1","Intimidate","Shrug It Off","Berserk+1","Intimidate+1","Disarm","Parasite"],"special_seed":0,"relics":["Burning Blood","Blood Vial","Unceasing Top","The Courier","Meat on the Bone","Tiny House","Smiling Mask","Velvet Choker"],"potions_floor_usage":[],"damage_taken":[{"damage":18.0,"enemies":"Jaw Worm","floor":1.0,"turns":4.0},{"damage":5.0,"enemies":"2 Louse","floor":2.0,"turns":3.0},{"damage":0.0,"enemies":"Small Slimes","floor":3.0,"turns":3.0},{"damage":29.0,"enemies":"3 Sentries","floor":6.0,"turns":10.0},{"damage":45.0,"enemies":"Gremlin Nob","floor":10.0,"turns":6.0},{"damage":4.0,"enemies":"Looter","floor":11.0,"turns":4.0},{"damage":0.0,"enemies":"2 Fungi Beasts","floor":14.0,"turns":4.0},{"damage":43.0,"enemies":"Slime Boss","floor":16.0,"turns":15.0},{"damage":22.0,"enemies":"Spheric Guardian","floor":18.0,"turns":6.0},{"damage":24.0,"enemies":"3 Byrds","floor":22.0,"turns":8.0},{"damage":25.0,"enemies":"Snecko","floor":27.0,"turns":7.0},{"damage":12.0,"enemies":"Chosen and Byrds","floor":29.0,"turns":6.0},{"damage":3.0,"enemies":"Centurion and Healer","floor":30.0,"turns":6.0},{"damage":25.0,"enemies":"3 Cultists","floor":31.0,"turns":5.0},{"damage":58.0,"enemies":"Collector","floor":33.0,"turns":11.0},{"damage":28.0,"enemies":"3 Darklings","floor":35.0,"turns":5.0},{"damage":18.0,"enemies":"Orb Walker","floor":36.0,"turns":4.0},{"damage":59.0,"enemies":"Sphere and 2 Shapes","floor":38.0,"turns":6.0},{"damage":23.0,"enemies":"Writhing Mass","floor":39.0,"turns":10.0},{"damage":35,"enemies":"3 Darklings","floor":41,"turns":2}],"seed_played":"-5851789762793882573","potions_obtained":[{"floor":2.0,"key":"Dexterity Potion"},{"floor":6.0,"key":"BloodPotion"},{"floor":11.0,"key":"Regen Potion"},{"floor":16.0,"key":"Strength Potion"},{"floor":17.0,"key":"Fruit Juice"},{"floor":22.0,"key":"Dexterity Potion"},{"floor":27.0,"key":"BloodPotion"},{"floor":30.0,"key":"BloodPotion"},{"floor":33.0,"key":"SpeedPotion"}],"is_trial":false,"path_per_floor":["M","M","M","?","?","E","$","?","T","E","M","?","R","M","R","B",null,"M","?","?","$","M","R","?","R","T","M","R","M","M","M","R","B",null,"M","M","?","M","M","R","M"],"character_chosen":"IRONCLAD","items_purchased":["Impervious","Secret Technique"],"campfire_rested":0,"item_purchase_floors":[7,21],"current_hp_per_floor":[56,57,63,60,49,28,28,28,28,9,25,25,25,45,45,37,71,62,46,46,46,42,42,42,42,42,37,37,45,62,57,57,41,78,58,60,51,34,31,31,0],"gold":436,"neow_bonus":"THREE_CARDS","is_prod":false,"is_daily":false,"chose_seed":false,"campfire_upgraded":7,"win_rate":0,"timestamp":1564407701,"path_taken":["M","M","M","?","?","E","?","?","T","E","M","?","R","M","R","BOSS","M","?","?","$","M","R","?","R","T","M","R","M","M","?","R","BOSS","M","M","?","M","M","R","M"],"build_version":"2019-07-05","purchased_purges":2,"victory":false,"max_hp_per_floor":[75,75,75,75,75,75,75,75,75,75,75,75,75,75,75,75,80,85,90,90,90,90,90,90,90,90,90,90,90,90,90,90,90,90,90,90,90,90,90,90,90],"card_choices":[{"not_picked":["Havoc","Heavy Blade"],"picked":"Armaments","floor":0.0},{"not_picked":["Heavy Blade","Clash","Sword Boomerang"],"picked":"SKIP","floor":1.0},{"not_picked":["Warcry","Cleave"],"picked":"Reckless Charge","floor":2.0},{"not_picked":["Second Wind","Fire Breathing"],"picked":"Battle Trance","floor":3.0},{"not_picked":["Sword Boomerang","Armaments"],"picked":"True Grit","floor":6.0},{"not_picked":["Cleave","Armaments"],"picked":"Anger","floor":10.0},{"not_picked":["Dual Wield","Pummel","Iron Wave"],"picked":"SKIP","floor":11.0},{"not_picked":["Metallicize","Body Slam"],"picked":"Rage","floor":14.0},{"not_picked":["Fiend Fire","Bludgeon"],"picked":"Double Tap","floor":16.0},{"not_picked":["True Grit","Cleave"],"picked":"Disarm","floor":17.0},{"not_picked":["Flex","Pommel Strike"],"picked":"Inflame","floor":18.0},{"not_picked":["Clothesline","Spot Weakness","Headbutt"],"picked":"SKIP","floor":22.0},{"not_picked":["Clothesline","Searing Blow"],"picked":"Whirlwind+1","floor":27.0},{"not_picked":["Clash","Carnage","Bloodletting"],"picked":"SKIP","floor":29.0},{"not_picked":["Warcry","Sword Boomerang"],"picked":"Intimidate","floor":30.0},{"not_picked":["Anger","Warcry"],"picked":"Shrug It Off","floor":31.0},{"not_picked":["Double Tap","Impervious"],"picked":"Berserk","floor":33.0},{"not_picked":["True Grit+1","Pommel Strike+1"],"picked":"Intimidate+1","floor":35.0},{"not_picked":["Shrug It Off+1","Sever Soul"],"picked":"Disarm","floor":36.0},{"not_picked":["Spot Weakness","Pummel","Sword Boomerang"],"picked":"SKIP","floor":38.0},{"not_picked":["Rupture","Cleave","True Grit"],"picked":"SKIP","floor":39.0}],"player_experience":379078,"relics_obtained":[{"floor":6.0,"key":"Unceasing Top"},{"floor":9.0,"key":"The Courier"},{"floor":10.0,"key":"Meat on the Bone"},{"floor":26.0,"key":"Smiling Mask"}],"event_choices":[{"damage_healed":0.0,"max_hp_gain":0.0,"max_hp_loss":0.0,"gold_gain":0.0,"event_name":"Scrap Ooze","player_choice":"Success","floor":4.0,"gold_loss":0.0,"damage_taken":3.0,"relics_obtained":["Blood Vial"]},{"damage_healed":0.0,"max_hp_gain":0.0,"max_hp_loss":0.0,"gold_gain":75.0,"event_name":"World of Goop","player_choice":"Gather Gold","floor":5.0,"gold_loss":0.0,"damage_taken":11.0},{"damage_healed":0.0,"max_hp_gain":0.0,"max_hp_loss":0.0,"gold_gain":0.0,"event_name":"Shining Light","player_choice":"Ignored","floor":8.0,"gold_loss":0.0,"damage_taken":0.0},{"cards_removed":["Defend_R"],"damage_healed":0.0,"max_hp_gain":0.0,"max_hp_loss":0.0,"gold_gain":0.0,"event_name":"Living Wall","player_choice":"Forget","floor":12.0,"gold_loss":0.0,"damage_taken":0.0},{"damage_healed":0.0,"max_hp_gain":5.0,"max_hp_loss":0.0,"gold_gain":0.0,"event_name":"Forgotten Altar","player_choice":"Shed Blood","floor":19.0,"gold_loss":0.0,"damage_taken":21.0},{"damage_healed":0.0,"max_hp_gain":0.0,"max_hp_loss":0.0,"gold_gain":0.0,"event_name":"Cursed Tome","player_choice":"Ignored","floor":20.0,"gold_loss":0.0,"damage_taken":0.0},{"damage_healed":0.0,"max_hp_gain":0.0,"max_hp_loss":0.0,"gold_gain":100.0,"event_name":"Golden Shrine","player_choice":"Pray","floor":24.0,"gold_loss":0.0,"damage_taken":0.0},{"damage_healed":0.0,"max_hp_gain":0.0,"max_hp_loss":0.0,"gold_gain":75.0,"event_name":"FaceTrader","player_choice":"Touch","floor":37.0,"gold_loss":0.0,"damage_taken":9.0}],"is_beta":false,"boss_relics":[{"not_picked":["Busted Crown","Snecko Eye"],"picked":"Tiny House"},{"not_picked":["Empty Cage","Calling Bell"],"picked":"Velvet Choker"}],"items_purged_floors":[7,21],"is_endless":false,"potions_floor_spawned":[2,6,11,16,22,27,30,33],"killed_by":"3 Darklings","ascension_level":14}