{"gold_per_floor":[218,49,49,49,63,88,88,106,106,106,106,124,124,143,143,143],"floor_reached":16,"playtime":456,"items_purged":[],"score":175,"play_id":"a650137a-c94f-46ca-b154-f43d53a52adf","local_time":"20180823042424","is_ascension_mode":true,"campfire_choices":[{"floor":7,"key":"REST"},{"data":"Heavy Blade","floor":10,"key":"SMITH"},{"data":"Battle Trance","floor":13,"key":"SMITH"},{"data":"Flame Barrier","floor":15,"key":"SMITH"}],"neow_cost":"NONE","seed_source_timestamp":46617101103628,"circlet_count":0,"master_deck":["Strike_R","Strike_R","Strike_R","Strike_R","Defend_R","Defend_R","Defend_R","Defend_R","Bash","AscendersBane","Flex+1","Clothesline","Shrug It Off","Seeing Red","Heavy Blade+1","Battle Trance+1","Flame Barrier+1"],"relics":["Burning Blood","Happy Flower","Torii","Turnip"],"potions_floor_usage":[14],"damage_taken":[{"damage":0,"enemies":"Small Slimes","floor":1,"turns":3},{"damage":0,"enemies":"2 Louse","floor":5,"turns":2},{"damage":53,"enemies":"Gremlin Nob","floor":6,"turns":6},{"damage":1,"enemies":"Jaw Worm","floor":8,"turns":2},{"damage":12,"enemies":"2 Fungi Beasts","floor":12,"turns":3},{"damage":1,"enemies":"3 Louse","floor":14,"turns":4},{"damage":52,"enemies":"Slime Boss","floor":16,"turns":10}],"seed_played":"8484696604211068978","potions_obtained":[{"floor":8,"key":"Explosive Potion"},{"floor":12,"key":"Fruit Juice"},{"floor":14,"key":"SteroidPotion"}],"is_trial":false,"path_per_floor":["M","$","?","?","M","E","R","M","T","R","?","M","R","M","R"],"character_chosen":"IRONCLAD","items_purchased":["Clothesline","Happy Flower"],"campfire_rested":1,"item_purchase_floors":[2,2],"current_hp_per_floor":[74,74,74,74,75,28,50,55,55,55,48,42,42,52,52,0],"gold":143,"neow_bonus":"HUNDRED_GOLD","is_prod":false,"is_daily":false,"chose_seed":false,"campfire_upgraded":3,"win_rate":0,"timestamp":1534987464,"path_taken":["M","$","?","?","M","E","R","M","T","R","?","M","R","M","R","BOSS"],"build_version":"2018-08-16","purchased_purges":0,"victory":false,"max_hp_per_floor":[75,75,75,75,75,75,75,75,75,75,75,75,75,80,80,80],"card_choices":[{"not_picked":["Iron Wave","Armaments"],"picked":"Flex","floor":1},{"not_picked":["Shockwave","Second Wind"],"picked":"Shrug It Off","floor":5},{"not_picked":["Armaments","Combust"],"picked":"Seeing Red","floor":6},{"not_picked":["Anger","Clothesline"],"picked":"Heavy Blade","floor":8},{"not_picked":["Cleave","Perfected Strike"],"picked":"Battle Trance","floor":12},{"not_picked":["Anger","Pummel"],"picked":"Flame Barrier","floor":14}],"player_experience":441400,"relics_obtained":[{"floor":6,"key":"Torii"},{"floor":9,"key":"Turnip"}],"event_choices":[{"event_name":"The Cleric","player_choice":"Leave","floor":3,"damage_taken":0},{"event_name":"Living Wall","player_choice":"Grow","floor":4,"damage_taken":0},{"event_name":"Golden Wing","player_choice":"Card Removal","floor":11,"damage_taken":0}],"is_beta":false,"boss_relics":[],"items_purged_floors":[],"is_endless":false,"potions_floor_spawned":[8,12,14],"killed_by":"Slime Boss","ascension_level":15}