{"gold_per_floor":[110,70,83,101,118,144,144,156,156,156,175,175,186,203,203,307,307,323,323,248,93,93,93,108,108,108,143,143,160,173,173,173,173],"floor_reached":33,"playtime":6882,"items_purged":["Injury"],"score":269,"play_id":"79b90bd8-6688-4f0e-9249-e1380c71e8d9","local_time":"20190804221257","is_ascension_mode":false,"campfire_choices":[{"data":"Bash","floor":7,"key":"SMITH"},{"data":"Cleave","floor":15,"key":"SMITH"},{"data":"Infernal Blade","floor":23,"key":"SMITH"},{"data":"Dark Embrace","floor":25,"key":"SMITH"},{"data":"1","floor":28,"key":"LIFT"},{"floor":32,"key":"REST"}],"neow_cost":"","seed_source_timestamp":0,"circlet_count":0,"master_deck":["Strike_R","Strike_R","Strike_R","Defend_R","Defend_R","Defend_R","Bash+1","Clothesline","Disarm","Shrug It Off","Infernal Blade+1","Ghostly Armor","Cleave+1","Battle Trance","Searing Blow","Iron Wave","Bludgeon","Dark Embrace+1","Parasite","Shrug It Off+1","Corruption","Iron Wave","Writhe","Impervious","Warcry","Ghostly Armor","Hemokinesis","Intimidate","Berserk"],"special_seed":0,"relics":["Burning Blood","Potion Belt","Self Forming Clay","Gremlin Horn","Calling Bell","Oddly Smooth Stone","Shuriken","WingedGreaves","Bottled Tornado","Lantern","Mercury Hourglass","Girya"],"potions_floor_usage":[8,13,14,14,16,16,16,18,24,24,30,33],"damage_taken":[{"damage":10.0,"enemies":"Cultist","floor":1.0,"turns":4.0},{"damage":1.0,"enemies":"Jaw Worm","floor":3.0,"turns":3.0},{"damage":0.0,"enemies":"2 Louse","floor":4.0,"turns":2.0},{"damage":0.0,"enemies":"Large Slime","floor":5.0,"turns":6.0},{"damage":27.0,"enemies":"Lagavulin","floor":6.0,"turns":11.0},{"damage":0,"enemies":"3 Louse","floor":8,"turns":6},{"damage":2,"enemies":"Looter","floor":11,"turns":3},{"damage":0,"enemies":"Exordium Wildlife","floor":13,"turns":1},{"damage":7,"enemies":"Exordium Thugs","floor":14,"turns":4},{"damage":19,"enemies":"The Guardian","floor":16,"turns":7},{"damage":8,"enemies":"Chosen","floor":18,"turns":5},{"damage":4,"enemies":"2 Thieves","floor":24,"turns":4},{"damage":26,"enemies":"Slavers","floor":27,"turns":7},{"damage":29,"enemies":"Cultist and Chosen","floor":29,"turns":9},{"damage":3,"enemies":"Shelled Parasite and Fungi","floor":30,"turns":7},{"damage":79,"enemies":"Champ","floor":33,"turns":10}],"seed_played":"-4754903919966514084","potions_obtained":[{"floor":2.0,"key":"Fruit Juice"},{"floor":2.0,"key":"EssenceOfSteel"},{"floor":2.0,"key":"EntropicBrew"},{"floor":3.0,"key":"Explosive Potion"},{"floor":6,"key":"SteroidPotion"},{"floor":8,"key":"Fire Potion"},{"floor":18,"key":"Regen Potion"},{"floor":29,"key":"Swift Potion"},{"floor":30,"key":"FearPotion"}],"is_trial":false,"path_per_floor":["M","?","M","M","M","E","R","M","T","?","M","T","M","M","R","B",null,"M","T","?","$","?","R","M","R","T","E","R","M","M","?","R","B"],"character_chosen":"IRONCLAD","items_purchased":["Corruption","Iron Wave"],"campfire_rested":1,"item_purchase_floors":[21,21],"current_hp_per_floor":[76,76,85,85,85,64,64,70,70,70,74,74,80,79,79,66,85,83,83,83,83,83,83,85,85,85,65,65,42,45,45,70,0],"gold":173,"neow_bonus":"","is_prod":false,"is_daily":false,"chose_seed":false,"campfire_upgraded":4,"win_rate":0.0,"timestamp":1564971177,"path_taken":["M","?","M","M","M","E","R","M","T","?","M","?","?","M","R","BOSS","M","?","?","$","?","R","M","R","T","E","R","M","M","?","R","BOSS"],"build_version":"2019-07-17","purchased_purges":1,"victory":false,"max_hp_per_floor":[80,80,85,85,85,85,85,85,85,85,85,85,85,85,85,85,85,85,85,85,85,85,85,85,85,85,85,85,85,85,85,85,85],"card_choices":[{"not_picked":["Shrug It Off","Dual Wield"],"picked":"Clothesline","floor":1.0},{"not_picked":["Blood for Blood","Clash"],"picked":"Disarm","floor":3.0},{"not_picked":["Pommel Strike","Body Slam"],"picked":"Shrug It Off","floor":4.0},{"not_picked":["Carnage","Body Slam"],"picked":"Infernal Blade","floor":5.0},{"not_picked":["Hemokinesis","Shrug It Off"],"picked":"Ghostly Armor","floor":6},{"not_picked":["Sever Soul","Blood for Blood"],"picked":"Cleave","floor":8},{"not_picked":["Barricade","Armaments"],"picked":"Searing Blow","floor":11},{"not_picked":["Thunderclap","Metallicize"],"picked":"Iron Wave","floor":13},{"not_picked":["Armaments","Clothesline"],"picked":"Bludgeon","floor":14},{"not_picked":["Berserk","Bludgeon"],"picked":"Dark Embrace","floor":16},{"not_picked":["Body Slam+1","Anger"],"picked":"Shrug It Off+1","floor":18},{"not_picked":["Clash+1","True Grit"],"picked":"Impervious","floor":24},{"not_picked":["Entrench","Shrug It Off+1"],"picked":"Warcry","floor":27},{"not_picked":["Thunderclap","Body Slam"],"picked":"Ghostly Armor","floor":29},{"not_picked":["Shrug It Off","Cleave+1"],"picked":"Hemokinesis","floor":30}],"player_experience":0,"relics_obtained":[{"floor":6,"key":"Potion Belt"},{"floor":9,"key":"Self Forming Clay"},{"floor":12,"key":"Gremlin Horn"},{"floor":17,"key":"Oddly Smooth Stone"},{"floor":17,"key":"Shuriken"},{"floor":17,"key":"WingedGreaves"},{"floor":19,"key":"Bottled Tornado"},{"floor":26,"key":"Mercury Hourglass"},{"floor":27,"key":"Girya"}],"event_choices":[{"damage_healed":0.0,"max_hp_gain":0.0,"max_hp_loss":0.0,"gold_gain":0.0,"event_name":"The Woman in Blue","player_choice":"Bought 3 Potions","floor":2.0,"gold_loss":0.0,"damage_taken":0.0},{"damage_healed":0,"gold_gain":0,"cards_transformed":["Strike_R"],"player_choice":"Change","damage_taken":0,"max_hp_gain":0,"max_hp_loss":0,"event_name":"Living Wall","floor":10,"gold_loss":0,"cards_obtained":["Battle Trance"]},{"cards_removed":["Regret"],"damage_healed":0,"gold_gain":0,"player_choice":"Gave Gold","damage_taken":0,"max_hp_gain":0,"max_hp_loss":0,"event_name":"Beggar","floor":20,"gold_loss":75},{"damage_healed":0,"gold_gain":0,"player_choice":"Opened","damage_taken":0,"relics_obtained":["Lantern"],"max_hp_gain":0,"max_hp_loss":0,"event_name":"The Mausoleum","floor":22,"gold_loss":0,"cards_obtained":["Writhe"]},{"damage_healed":0,"gold_gain":0,"cards_transformed":["Strike_R","Defend_R"],"player_choice":"Became Test Subject","damage_taken":0,"max_hp_gain":0,"max_hp_loss":0,"event_name":"Drug Dealer","floor":31,"gold_loss":0,"cards_obtained":["Intimidate","Berserk"]}],"is_beta":false,"boss_relics":[{"not_picked":["White Beast Statue","Runic Pyramid"],"picked":"Calling Bell"}],"items_purged_floors":[21],"is_endless":false,"potions_floor_spawned":[3,5,6,8,18,29,30],"killed_by":"Champ","ascension_level":0}