{"gold_per_floor":[111,111,111,131,131,161,161,189,201,225,298,310,338,377,389,506,518,542,573,598,624,636,648,691,719,757,797,134,150,180,200,200,299,299,318,367,367,367,380,415,432,432,455,455,487,11,57,76,76,76],"floor_reached":51,"playtime":4688,"items_purged":["Normality","Decay"],"score":1029,"play_id":"204f2a18-8cd5-41c8-b98c-49f97c01c7e8","local_time":"20180905205526","is_ascension_mode":true,"campfire_choices":[{"data":"Inflame","floor":7.0,"key":"SMITH"},{"data":"Sentinel","floor":12.0,"key":"SMITH"},{"data":"Double Tap","floor":15.0,"key":"SMITH"},{"data":"Defend_R","floor":23.0,"key":"SMITH"},{"data":"Secret Technique","floor":32.0,"key":"SMITH"},{"floor":42.0,"key":"DIG"},{"floor":44.0,"key":"DIG"},{"floor":49.0,"key":"DIG"}],"neow_cost":"","seed_source_timestamp":0,"circlet_count":0,"master_deck":["Strike_R","Strike_R","Strike_R","Strike_R","Defend_R+1","Defend_R","Defend_R+1","Defend_R","Inflame+1","Dual Wield+1","Clash","Sentinel+1","Anger","Double Tap+1","Burning Pact","Offering","Doubt","Havoc+1","Burning Pact","Reaper","Warcry+1","Secret Technique+1","Second Wind","Offering+1","Whirlwind+1","Limit Break","Battle Trance+1","Seeing Red+1","Clash","Clash","Sentinel+1","Intimidate+1"],"special_seed":0,"relics":["Burning Blood","Charon\u0027s Ashes","Vajra","MawBank","Dead Branch","Tiny Chest","Bottled Tornado","Calling Bell","Bag of Marbles","Dodecahedron","Sundial","Centennial Puzzle","Strawberry","StoneCalendar","Shuriken","Red Skull","Ginger","Runic Pyramid","Bag of Preparation","Shovel","Pen Nib","Potion Belt","Blood Vial","Bottled Lightning","Anchor","Toolbox","Lantern","Du-Vu Doll","War Paint"],"potions_floor_usage":[50],"damage_taken":[{"damage":0.0,"enemies":"2 Louse","floor":1.0,"turns":4.0},{"damage":9.0,"enemies":"Jaw Worm","floor":4.0,"turns":5.0},{"damage":30.0,"enemies":"3 Sentries","floor":6.0,"turns":7.0},{"damage":20.0,"enemies":"Lagavulin","floor":8.0,"turns":5.0},{"damage":0.0,"enemies":"Small Slimes","floor":10.0,"turns":1.0},{"damage":0.0,"enemies":"3 Sentries","floor":11.0,"turns":4.0},{"damage":3.0,"enemies":"2 Fungi Beasts","floor":13.0,"turns":3.0},{"damage":7.0,"enemies":"Gremlin Nob","floor":14.0,"turns":3.0},{"damage":30.0,"enemies":"Hexaghost","floor":16.0,"turns":6.0},{"damage":6.0,"enemies":"2 Thieves","floor":18.0,"turns":2.0},{"damage":24.0,"enemies":"Shell Parasite","floor":19.0,"turns":3.0},{"damage":0.0,"enemies":"Sentry and Sphere","floor":20.0,"turns":3.0},{"damage":20.0,"enemies":"Centurion and Healer","floor":21.0,"turns":3.0},{"damage":33.0,"enemies":"Gremlin Leader","floor":24.0,"turns":5.0},{"damage":6.0,"enemies":"Shelled Parasite and Fungi","floor":25.0,"turns":2.0},{"damage":19.0,"enemies":"Slavers","floor":27.0,"turns":7.0},{"damage":25.0,"enemies":"Snake Plant","floor":29.0,"turns":2.0},{"damage":13.0,"enemies":"Book of Stabbing","floor":30.0,"turns":3.0},{"damage":6.0,"enemies":"3 Cultists","floor":31.0,"turns":2.0},{"damage":47.0,"enemies":"Automaton","floor":33.0,"turns":6.0},{"damage":36.0,"enemies":"3 Darklings","floor":35.0,"turns":3.0},{"damage":7.0,"enemies":"Mind Bloom Boss Battle","floor":37.0,"turns":2.0},{"damage":4.0,"enemies":"3 Shapes","floor":39.0,"turns":2.0},{"damage":56.0,"enemies":"2 Orb Walkers","floor":40.0,"turns":5.0},{"damage":6.0,"enemies":"Sphere and 2 Shapes","floor":41.0,"turns":2.0},{"damage":14.0,"enemies":"Nemesis","floor":45.0,"turns":3.0},{"damage":6.0,"enemies":"Mysterious Sphere","floor":47.0,"turns":1.0},{"damage":6.0,"enemies":"Maw","floor":48.0,"turns":2.0},{"damage":82,"enemies":"Awakened One","floor":50,"turns":8}],"seed_played":"-4542274784402353649","potions_obtained":[{"floor":6.0,"key":"FearPotion"},{"floor":8.0,"key":"Strength Potion"},{"floor":10.0,"key":"FairyPotion"},{"floor":14.0,"key":"FairyPotion"},{"floor":18.0,"key":"FearPotion"},{"floor":29.0,"key":"Swift Potion"},{"floor":30.0,"key":"SpeedPotion"},{"floor":35.0,"key":"BloodPotion"},{"floor":37.0,"key":"Regen Potion"},{"floor":48.0,"key":"SneckoOil"}],"is_trial":false,"path_per_floor":["M","?","?","M","?","E","R","E","T","M","E","R","M","E","R","B",null,"M","M","M","M","?","R","E","M","T","E","$","M","E","M","R","B",null,"M","T","?","?","M","E","M","R","T","R","E","$","?","M","R","B"],"character_chosen":"IRONCLAD","items_purchased":["Shuriken","Secret Technique","Red Skull","Clash","Toolbox","Lantern"],"campfire_rested":0,"item_purchase_floors":[28,28,28,46,46,46],"current_hp_per_floor":[80,80,73,70,70,46,46,32,32,38,44,44,47,46,46,22,80,80,62,68,75,75,75,48,72,79,71,71,58,71,87,87,58,87,57,57,64,64,87,62,62,62,62,62,69,69,87,87,87,27],"gold":76,"neow_bonus":"","is_prod":false,"is_daily":false,"chose_seed":false,"campfire_upgraded":5,"win_rate":0,"timestamp":1536206126,"path_taken":["M","?","?","M","?","E","R","E","T","M","E","R","M","E","R","BOSS","M","?","?","M","?","R","E","M","T","E","?","?","E","M","R","BOSS","M","?","?","?","M","E","?","R","T","R","E","?","?","M","R","BOSS"],"build_version":"2018-08-30","purchased_purges":2,"victory":true,"max_hp_per_floor":[80,80,80,80,80,80,80,80,80,80,80,80,80,80,80,80,80,80,80,80,80,80,80,80,80,87,87,87,87,87,87,87,87,87,87,87,87,87,87,87,87,87,87,87,87,87,87,87,87,87],"card_choices":[{"not_picked":["Wild Strike","Perfected Strike"],"picked":"Inflame","floor":1.0},{"not_picked":["Clash","Clothesline"],"picked":"Dual Wield","floor":4.0},{"not_picked":["Rage","Body Slam"],"picked":"Clash","floor":6.0},{"not_picked":["Anger","Flame Barrier"],"picked":"Sentinel","floor":8.0},{"not_picked":["Sword Boomerang","Iron Wave","Flex"],"picked":"SKIP","floor":10.0},{"not_picked":["Sword Boomerang","Wild Strike"],"picked":"Anger","floor":11.0},{"not_picked":["Heavy Blade","Wild Strike"],"picked":"Double Tap","floor":13.0},{"not_picked":["Pommel Strike","Bludgeon"],"picked":"Burning Pact","floor":14.0},{"not_picked":["Juggernaut","Brutality"],"picked":"Offering","floor":16.0},{"not_picked":["Clothesline","Wild Strike","Combust"],"picked":"SKIP","floor":18.0},{"not_picked":["Body Slam","Uppercut","Iron Wave"],"picked":"SKIP","floor":19.0},{"not_picked":["Iron Wave","Perfected Strike"],"picked":"Havoc+1","floor":20.0},{"not_picked":["Wild Strike+1","True Grit","Blood for Blood+1"],"picked":"SKIP","floor":21.0},{"not_picked":["Havoc","Sword Boomerang"],"picked":"Reaper","floor":24.0},{"not_picked":["True Grit","Flex","Heavy Blade"],"picked":"SKIP","floor":25.0},{"not_picked":["Wild Strike","Evolve"],"picked":"Warcry+1","floor":27.0},{"not_picked":["Infernal Blade","Sentinel"],"picked":"Second Wind","floor":29.0},{"not_picked":["Fiend Fire","Wild Strike"],"picked":"Offering","floor":30.0},{"not_picked":["Havoc","Entrench"],"picked":"Whirlwind+1","floor":31.0},{"not_picked":["Juggernaut","Dark Embrace"],"picked":"Limit Break","floor":33.0},{"not_picked":["Carnage+1","Pommel Strike+1"],"picked":"Battle Trance+1","floor":35.0},{"not_picked":["Cleave+1","Intimidate"],"picked":"Seeing Red+1","floor":37.0},{"not_picked":["Flex","Perfected Strike+1","Thunderclap"],"picked":"SKIP","floor":39.0},{"not_picked":["Iron Wave+1","Anger"],"picked":"Clash","floor":40.0},{"not_picked":["Warcry+1","Thunderclap","Pommel Strike"],"picked":"SKIP","floor":41.0},{"not_picked":["Shockwave","Heavy Blade+1","Armaments"],"picked":"SKIP","floor":45.0},{"not_picked":["Bludgeon","Spot Weakness+1"],"picked":"Sentinel+1","floor":47.0},{"not_picked":["Fire Breathing","Flex+1"],"picked":"Intimidate+1","floor":48.0}],"player_experience":260246,"relics_obtained":[{"floor":6.0,"key":"Vajra"},{"floor":8.0,"key":"MawBank"},{"floor":9.0,"key":"Dead Branch"},{"floor":11.0,"key":"Tiny Chest"},{"floor":14.0,"key":"Bottled Tornado"},{"floor":17.0,"key":"Bag of Marbles"},{"floor":17.0,"key":"Dodecahedron"},{"floor":17.0,"key":"Sundial"},{"floor":24.0,"key":"Centennial Puzzle"},{"floor":26.0,"key":"Strawberry"},{"floor":27.0,"key":"StoneCalendar"},{"floor":30.0,"key":"Ginger"},{"floor":36.0,"key":"Bag of Preparation"},{"floor":37.0,"key":"Shovel"},{"floor":40.0,"key":"Pen Nib"},{"floor":42.0,"key":"Potion Belt"},{"floor":43.0,"key":"Blood Vial"},{"floor":44.0,"key":"Bottled Lightning"},{"floor":45.0,"key":"Anchor"},{"floor":47.0,"key":"Du-Vu Doll"},{"floor":49.0,"key":"War Paint"}],"event_choices":[{"event_name":"Big Fish","player_choice":"Box","floor":2.0,"damage_taken":0.0},{"event_name":"Golden Wing","player_choice":"Card Removal","floor":3.0,"damage_taken":0.0},{"event_name":"Living Wall","player_choice":"Grow","floor":5.0,"damage_taken":0.0},{"event_name":"Transmorgrifier","player_choice":"Transform","floor":22.0,"damage_taken":0.0},{"event_name":"MindBloom","player_choice":"Fight","floor":37.0,"damage_taken":0.0},{"event_name":"Falling","player_choice":"Removed Attack","floor":38.0,"damage_taken":0.0},{"event_name":"Mysterious Sphere","player_choice":"Fight","floor":47.0,"damage_taken":0.0}],"is_beta":false,"boss_relics":[{"not_picked":["Cursed Key","Lizard Tail"],"picked":"Calling Bell"},{"not_picked":["Orrery","Philosopher\u0027s Stone"],"picked":"Runic Pyramid"}],"items_purged_floors":[28,46],"is_endless":false,"potions_floor_spawned":[6,8,10,14,18,19,21,29,30,31,35,37,39,48],"ascension_level":4}