{"gold_per_floor":[117,292,292,303,313,313,330,330,330,340,265,265],"floor_reached":12,"playtime":372,"items_purged":["Doubt"],"score":70,"play_id":"57b51105-7e16-44a5-b5c8-0ea330e55e79","local_time":"20190711155119","is_ascension_mode":false,"campfire_choices":[{"floor":6.0,"key":"RECALL"},{"data":"Noxious Fumes","floor":8.0,"key":"SMITH"}],"neow_cost":"NONE","seed_source_timestamp":867911075304,"circlet_count":0,"master_deck":["Strike_G","Strike_G","Strike_G","Strike_G","Strike_G","Defend_G","Defend_G","Defend_G","Defend_G","Defend_G","Survivor","Neutralize","Blur+1","Caltrops","Noxious Fumes+1","Burst"],"special_seed":0,"relics":["Ring of the Snake"],"potions_floor_usage":[12],"damage_taken":[{"damage":3.0,"enemies":"2 Louse","floor":1.0,"turns":3.0},{"damage":0.0,"enemies":"Small Slimes","floor":4.0,"turns":4.0},{"damage":1.0,"enemies":"Cultist","floor":5.0,"turns":6.0},{"damage":10.0,"enemies":"Looter","floor":7.0,"turns":4.0},{"damage":14.0,"enemies":"3 Louse","floor":10.0,"turns":4.0},{"damage":52,"enemies":"Gremlin Nob","floor":12,"turns":5}],"seed_played":"8213080277380012588","potions_obtained":[{"floor":4.0,"key":"SteroidPotion"},{"floor":7.0,"key":"LiquidBronze"}],"is_trial":false,"path_per_floor":["M","?","?","M","M","R","M","R","T","M","$","E"],"character_chosen":"THE_SILENT","items_purchased":[],"campfire_rested":0,"item_purchase_floors":[],"current_hp_per_floor":[74,74,74,74,73,73,63,63,63,49,49,0],"gold":265,"neow_bonus":"TEN_PERCENT_HP_BONUS","is_prod":false,"is_daily":false,"chose_seed":false,"campfire_upgraded":1,"win_rate":0,"timestamp":1562885479,"path_taken":["M","?","?","M","M","R","?","R","T","M","$","E"],"build_version":"2019-07-05","purchased_purges":1,"victory":false,"max_hp_per_floor":[77,77,77,77,77,77,77,77,77,77,77,77],"card_choices":[{"not_picked":["Outmaneuver","Quick Slash"],"picked":"Blur","floor":1.0},{"not_picked":["Outmaneuver","Deadly Poison"],"picked":"Caltrops","floor":4.0},{"not_picked":["Masterful Stab","Expertise","Flechettes"],"picked":"SKIP","floor":5.0},{"not_picked":["Bane","Endless Agony"],"picked":"Noxious Fumes","floor":7.0},{"not_picked":["Slice","Catalyst"],"picked":"Burst","floor":10.0}],"player_experience":554504,"relics_obtained":[],"event_choices":[{"damage_healed":0.0,"max_hp_gain":0.0,"max_hp_loss":0.0,"gold_gain":175.0,"event_name":"Liars Game","player_choice":"AGREE","floor":2.0,"gold_loss":0.0,"damage_taken":0.0,"cards_obtained":["Doubt"]},{"damage_healed":0.0,"max_hp_gain":0.0,"max_hp_loss":0.0,"gold_gain":0.0,"event_name":"Accursed Blacksmith","player_choice":"Forge","floor":3.0,"gold_loss":0.0,"damage_taken":0.0,"cards_upgraded":["Blur"]}],"is_beta":false,"boss_relics":[],"items_purged_floors":[11],"is_endless":false,"potions_floor_spawned":[4,7],"killed_by":"Gremlin Nob","ascension_level":0}