{"gold_per_floor":[117,117,117,134,147,36,111,129,156,181,181,18,31,31,31,129,129,147,160,160],"floor_reached":20,"playtime":1285,"items_purged":[],"score":225,"play_id":"0b45c347-fd75-4682-b492-a61d44decf34","local_time":"20180822213901","is_ascension_mode":true,"campfire_choices":[{"data":"Envenom","floor":11,"key":"SMITH"},{"data":"Accuracy","floor":15,"key":"SMITH"}],"neow_cost":"","seed_source_timestamp":0,"circlet_count":0,"master_deck":["Defend_G","Defend_G","Defend_G","Defend_G","Defend_G","Strike_G","Strike_G","Strike_G","Strike_G","Survivor","Neutralize","Cloak And Dagger","Neutralize","Unload","PiercingWail","Discovery","Flechettes","Cloak And Dagger","Predator","Cloak And Dagger","Accuracy+1","Finisher","Cloak And Dagger","Envenom+1","Riddle With Holes","Caltrops","Outmaneuver","Distraction","A Thousand Cuts","Accuracy","Setup+1"],"special_seed":0,"relics":["Ring of the Snake","Strawberry","Vajra","Smiling Mask","Coffee Dripper"],"potions_floor_usage":[13,16,19,19],"damage_taken":[{"damage":2.0,"enemies":"2 Louse","floor":1.0,"turns":5.0},{"damage":0,"enemies":"Cultist","floor":4,"turns":3},{"damage":0,"enemies":"Small Slimes","floor":5,"turns":2},{"damage":0,"enemies":"Blue Slaver","floor":8,"turns":3},{"damage":23,"enemies":"Lagavulin","floor":10,"turns":8},{"damage":0,"enemies":"Gremlin Gang","floor":13,"turns":3},{"damage":10,"enemies":"The Guardian","floor":16,"turns":12},{"damage":24,"enemies":"Shell Parasite","floor":18,"turns":6},{"damage":38,"enemies":"3 Byrds","floor":19,"turns":5}],"seed_played":"6411214921966349607","potions_obtained":[{"floor":5,"key":"Ancient Potion"},{"floor":8,"key":"Explosive Potion"},{"floor":13,"key":"Swift Potion"},{"floor":16,"key":"EssenceOfSteel"},{"floor":18,"key":"GamblersBrew"}],"is_trial":false,"path_per_floor":["M","?","?","M","M","$","?","M","T","E","R","$","M","T","R","B",null,"M","M"],"character_chosen":"THE_SILENT","items_purchased":["Accuracy","Finisher","Riddle With Holes","Caltrops","Outmaneuver"],"campfire_rested":0,"item_purchase_floors":[6,6,12,12,12],"current_hp_per_floor":[68,68,68,68,68,68,57,57,64,41,41,41,41,41,41,31,77,53,15,0],"gold":160,"neow_bonus":"","is_prod":false,"is_daily":false,"chose_seed":false,"campfire_upgraded":2,"win_rate":0,"timestamp":1534999141,"path_taken":["M","?","?","M","M","$","?","M","T","E","R","?","M","?","R","BOSS","M","M","?"],"build_version":"2018-08-16","purchased_purges":0,"victory":false,"max_hp_per_floor":[70,70,70,70,70,70,70,70,77,77,77,77,77,77,77,77,77,77,77,77],"card_choices":[{"not_picked":["Flying Knee","PiercingWail"],"picked":"Cloak And Dagger","floor":1.0},{"not_picked":["PiercingWail","Quick Slash"],"picked":"Predator","floor":4},{"not_picked":["Deadly Poison","Prepared"],"picked":"Cloak And Dagger","floor":5},{"not_picked":["Terror","Underhanded Strike"],"picked":"Cloak And Dagger","floor":8},{"not_picked":["Masterful Stab","Backflip"],"picked":"Envenom","floor":10},{"not_picked":["Sucker Punch","Bouncing Flask"],"picked":"Distraction","floor":13},{"not_picked":["Venomology","Bullet Time"],"picked":"A Thousand Cuts","floor":16},{"not_picked":["Catalyst","Backflip"],"picked":"Accuracy","floor":18},{"not_picked":["Prepared","Deadly Poison"],"picked":"Setup+1","floor":19}],"player_experience":166823,"relics_obtained":[{"floor":9,"key":"Strawberry"},{"floor":10,"key":"Vajra"},{"floor":14,"key":"Smiling Mask"}],"event_choices":[{"event_name":"Match and Keep!","player_choice":"5 cards matched","floor":2,"damage_taken":0},{"event_name":"Living Wall","player_choice":"Change","floor":3,"damage_taken":0},{"event_name":"World of Goop","player_choice":"Gather Gold","floor":7,"damage_taken":0}],"is_beta":false,"boss_relics":[{"not_picked":["Lizard Tail","Philosopher\u0027s Stone"],"picked":"Coffee Dripper"}],"items_purged_floors":[],"is_endless":false,"potions_floor_spawned":[5,8,13,16,18],"ascension_level":3}