{"gold_per_floor":[113,125,125,200,98,98,112,130,156,156,185,185,212,227,227,301,301,301,301,2,0,0,0,0,0,0,0,0,0,0,0,0,0,0,0,0,0,0,0,0,0,0,0,0,0,0,0,0,0,0],"floor_reached":51,"playtime":1821,"items_purged":["Strike_B","Normality"],"score":1196,"play_id":"54a60ad4-d385-43bc-a017-5b8b8726170d","local_time":"20180803181633","is_ascension_mode":true,"campfire_choices":[{"data":"Zap","floor":6.0,"key":"SMITH"},{"floor":10.0,"key":"REST"},{"floor":12.0,"key":"REST"},{"floor":15.0,"key":"REST"},{"floor":23.0,"key":"REST"},{"data":"Sweeping Beam","floor":27.0,"key":"SMITH"},{"floor":32.0,"key":"REST"},{"data":"Consume","floor":40,"key":"SMITH"},{"floor":45,"key":"REST"},{"floor":49,"key":"REST"}],"neow_cost":"NONE","seed_source_timestamp":7856663274417,"circlet_count":0,"master_deck":["Strike_B","Strike_B","Defend_B","Defend_B","Defend_B","Defend_B","Zap+1","Dualcast","AscendersBane","Go for the Eyes","Ball Lightning","Sweeping Beam+1","Ball Lightning","White Noise","Leap","Echo Form","Coolheaded","Self Repair+1","Barrage","Machine Learning","Cold Snap","Chill","Enlightenment","Consume+1","BootSequence+1","Madness","Madness","Conserve Battery"],"special_seed":0,"relics":["Cracked Core","Potion Belt","Juzu Bracelet","DataDisk","Orichalcum","Ectoplasm","Happy Flower","Runic Capacitor","Regal Pillow","Dream Catcher","Nuclear Battery","Symbiotic Virus","Matryoshka"],"potions_floor_usage":[35,35,50,50],"damage_taken":[{"damage":2.0,"enemies":"Small Slimes","floor":1.0,"turns":3.0},{"damage":2.0,"enemies":"Jaw Worm","floor":2.0,"turns":3.0},{"damage":1.0,"enemies":"2 Louse","floor":7.0,"turns":3.0},{"damage":18.0,"enemies":"Lots of Slimes","floor":8.0,"turns":3.0},{"damage":23.0,"enemies":"Gremlin Nob","floor":11.0,"turns":4.0},{"damage":22.0,"enemies":"3 Sentries","floor":13.0,"turns":4.0},{"damage":0.0,"enemies":"Large Slime","floor":14.0,"turns":3.0},{"damage":4.0,"enemies":"Slime Boss","floor":16.0,"turns":8.0},{"damage":9.0,"enemies":"3 Byrds","floor":18.0,"turns":4.0},{"damage":17.0,"enemies":"Chosen","floor":22.0,"turns":6.0},{"damage":23.0,"enemies":"Slaver and Parasite","floor":24.0,"turns":6.0},{"damage":24.0,"enemies":"Gremlin Leader","floor":25.0,"turns":7.0},{"damage":18.0,"enemies":"Snake Plant","floor":28.0,"turns":5.0},{"damage":2.0,"enemies":"Sentry and Sphere","floor":31.0,"turns":4.0},{"damage":65.0,"enemies":"Automaton","floor":33.0,"turns":7.0},{"damage":57,"enemies":"3 Darklings","floor":35,"turns":5},{"damage":17,"enemies":"3 Shapes","floor":36,"turns":6},{"damage":6,"enemies":"Maw","floor":39,"turns":8},{"damage":30,"enemies":"Nemesis","floor":41,"turns":7},{"damage":5,"enemies":"Sphere and 2 Shapes","floor":42,"turns":5},{"damage":11,"enemies":"Spire Growth","floor":44,"turns":5},{"damage":67,"enemies":"Donu and Deca","floor":50,"turns":10}],"seed_played":"675443621938934013","potions_obtained":[{"floor":2.0,"key":"AttackPotion"},{"floor":7.0,"key":"AttackPotion"},{"floor":13.0,"key":"EssenceOfSteel"},{"floor":14.0,"key":"Regen Potion"},{"floor":18.0,"key":"EntropicBrew"},{"floor":25.0,"key":"AttackPotion"},{"floor":41,"key":"FearPotion"},{"floor":42,"key":"PowerPotion"}],"is_trial":false,"path_per_floor":["M","M","$","?","$","R","M","M","T","R","E","R","E","M","R","B",null,"M","?","$","?","M","R","M","E","T","R","M","?","?","M","R","B",null,"M","M","?","?","M","R","E","M","T","M","R","$","?","?","R","B"],"character_chosen":"DEFECT","items_purchased":["Ball Lightning","Runic Capacitor"],"campfire_rested":7,"item_purchase_floors":[5,20],"current_hp_per_floor":[62,60,60,49,49,49,48,30,30,51,28,49,27,27,48,44,64,62,62,62,62,45,66,58,34,34,34,33,47,47,45,71,16,57,24,27,27,27,41,41,21,16,16,25,61,61,48,48,71,14],"gold":0,"neow_bonus":"RANDOM_COMMON_RELIC","is_prod":false,"is_daily":false,"chose_seed":false,"campfire_upgraded":3,"win_rate":0,"timestamp":1533309393,"path_taken":["M","M","$","?","$","R","M","M","T","R","E","R","E","M","R","BOSS","M","?","$","?","M","R","M","E","T","R","M","?","?","M","R","BOSS","M","M","?","?","M","R","E","M","T","M","R","$","?","?","R","BOSS"],"build_version":"2018-08-02","purchased_purges":2,"victory":true,"max_hp_per_floor":[71,71,71,71,71,71,71,71,71,71,71,71,71,71,71,71,71,71,71,71,71,71,71,71,71,71,71,71,71,71,71,71,71,71,71,71,71,71,71,71,71,71,71,71,71,71,71,71,71,71],"card_choices":[{"not_picked":["Hologram","Recycle"],"picked":"Go for the Eyes","floor":1.0},{"not_picked":["Hologram","Stack","Aggregate"],"picked":"SKIP","floor":2.0},{"not_picked":["Streamline","Compile Driver"],"picked":"Sweeping Beam","floor":7.0},{"not_picked":["Streamline","Hologram","Multi-Cast"],"picked":"SKIP","floor":8.0},{"not_picked":["Beam Cell","Go for the Eyes"],"picked":"Ball Lightning","floor":11.0},{"not_picked":["Sweeping Beam","Leap"],"picked":"White Noise","floor":13.0},{"not_picked":["Ball Lightning","Redo"],"picked":"Leap","floor":14.0},{"not_picked":["All For One","Buffer"],"picked":"Echo Form","floor":16.0},{"not_picked":["Beam Cell","Chaos","Steam"],"picked":"SKIP","floor":18.0},{"not_picked":["Melter","Capacitor"],"picked":"Coolheaded","floor":22.0},{"not_picked":["Heatsinks","Go for the Eyes","Conserve Battery"],"picked":"SKIP","floor":24.0},{"not_picked":["Barrage","Multi-Cast"],"picked":"Self Repair+1","floor":25.0},{"not_picked":["Coolheaded","Compile Driver"],"picked":"Barrage","floor":28.0},{"not_picked":["Steam Power","Compile Driver+1","Streamline"],"picked":"SKIP","floor":31.0},{"not_picked":["Core Surge","All For One"],"picked":"Machine Learning","floor":33.0},{"not_picked":["Rebound+1","Doom and Gloom+1"],"picked":"Cold Snap","floor":35},{"not_picked":["Redo+1","Rebound"],"picked":"Chill","floor":36},{"not_picked":["Transmutation","Master of Strategy"],"picked":"Enlightenment","floor":37},{"not_picked":["Steam","Sweeping Beam"],"picked":"Consume","floor":39},{"not_picked":["Auto Shields+1","Streamline"],"picked":"BootSequence+1","floor":41},{"not_picked":["Machine Learning","BootSequence+1","Ball Lightning"],"picked":"SKIP","floor":42},{"not_picked":["Coolheaded","Gash","BootSequence"],"picked":"SKIP","floor":44},{"not_picked":["Go for the Eyes","Rebound"],"picked":"Conserve Battery","floor":49}],"player_experience":399637,"relics_obtained":[{"floor":9.0,"key":"Juzu Bracelet"},{"floor":11.0,"key":"DataDisk"},{"floor":13.0,"key":"Orichalcum"},{"floor":25.0,"key":"Regal Pillow"},{"floor":26.0,"key":"Dream Catcher"},{"floor":41,"key":"Symbiotic Virus"},{"floor":43,"key":"Matryoshka"}],"event_choices":[{"event_name":"World of Goop","player_choice":"Gather Gold","floor":4.0,"damage_taken":0.0},{"event_name":"Accursed Blacksmith","player_choice":"Rummage","floor":19.0,"damage_taken":0.0},{"event_name":"Masked Bandits","player_choice":"Paid Bandits 2 gold","floor":21.0,"damage_taken":0.0},{"event_name":"The Library","player_choice":"Heal","floor":29.0,"damage_taken":0.0},{"event_name":"Beggar","player_choice":"Ignored","floor":30.0,"damage_taken":0.0},{"event_name":"SensoryStone","player_choice":"Memory 1","floor":37,"damage_taken":0},{"event_name":"Falling","player_choice":"Removed Attack","floor":38,"damage_taken":0},{"event_name":"Winding Halls","player_choice":"Embrace Madness","floor":47,"damage_taken":0},{"event_name":"Mysterious Sphere","player_choice":"Ignore","floor":48,"damage_taken":0}],"is_beta":false,"boss_relics":[{"not_picked":["Runic Pyramid","White Beast Statue"],"picked":"Ectoplasm"},{"not_picked":["Runic Dome","Inserter"],"picked":"Nuclear Battery"}],"items_purged_floors":[5,20],"is_endless":false,"potions_floor_spawned":[2,7,13,14,18,25,31,41,42],"ascension_level":15}