{"gold_per_floor":[109,59,72,72,72,105,105,115,115,16,35,35,61,92,92,168,168,184,197,217,316,326,326,361,361,361,22,22,51,67,87,87,161,161,177,177,177,0,17,17,29,29,29,29,29,42,57,57,57,57],"floor_reached":51,"playtime":1851,"items_purged":["Defend_B","Defend_B"],"score":1317,"play_id":"70195c31-8613-42ab-8ded-3cae76636896","local_time":"20180801145217","is_ascension_mode":true,"campfire_choices":[{"data":"Defragment","floor":7.0,"key":"SMITH"},{"data":"Zap","floor":12.0,"key":"SMITH"},{"data":"Defragment","floor":15.0,"key":"SMITH"},{"data":"Loop","floor":23.0,"key":"SMITH"},{"data":"Defragment","floor":25.0,"key":"SMITH"},{"data":"Loop","floor":32.0,"key":"SMITH"},{"data":"Capacitor","floor":40.0,"key":"SMITH"},{"data":"Buffer","floor":45.0,"key":"SMITH"},{"data":"Capacitor","floor":49.0,"key":"SMITH"}],"neow_cost":"NONE","seed_source_timestamp":1896187221383,"circlet_count":0,"master_deck":["Strike_B","Strike_B","Strike_B","Defend_B","Defend_B","Zap+1","Dualcast+1","AscendersBane","Defragment+1","Self Repair+1","Loop+1","Coolheaded","Defragment+1","Redo+1","Steam+1","Leap+1","Rainbow+1","Cold Snap","Defragment+1","Capacitor+1","Capacitor+1","Loop+1","Buffer+1","BootSequence+1","Streamline+1","Writhe"],"special_seed":0,"relics":["Cracked Core","NeowsBlessing","Torii","Toxic Egg 2","Omamori","Cables","Cursed Key","Dream Catcher","Bag of Preparation","Lee\u0027s Waffle","Happy Flower","Blue Candle"],"potions_floor_usage":[50,50],"damage_taken":[{"damage":0.0,"enemies":"2 Louse","floor":1.0,"turns":1.0},{"damage":0.0,"enemies":"Jaw Worm","floor":3.0,"turns":1.0},{"damage":0.0,"enemies":"Lagavulin","floor":6.0,"turns":2.0},{"damage":1.0,"enemies":"Cultist","floor":8.0,"turns":3.0},{"damage":15.0,"enemies":"Large Slime","floor":11.0,"turns":5.0},{"damage":13.0,"enemies":"Gremlin Nob","floor":14.0,"turns":5.0},{"damage":0.0,"enemies":"Slime Boss","floor":16.0,"turns":9.0},{"damage":18.0,"enemies":"Chosen","floor":18.0,"turns":5.0},{"damage":2.0,"enemies":"3 Byrds","floor":19.0,"turns":4.0},{"damage":12.0,"enemies":"3 Cultists","floor":20.0,"turns":7.0},{"damage":1.0,"enemies":"Snecko","floor":22.0,"turns":5.0},{"damage":32.0,"enemies":"Slavers","floor":24.0,"turns":5.0},{"damage":8.0,"enemies":"Book of Stabbing","floor":29.0,"turns":6.0},{"damage":8.0,"enemies":"Centurion and Healer","floor":30.0,"turns":7.0},{"damage":15.0,"enemies":"Slaver and Parasite","floor":31.0,"turns":4.0},{"damage":9.0,"enemies":"Champ","floor":33.0,"turns":14.0},{"damage":0.0,"enemies":"3 Shapes","floor":35.0,"turns":4.0},{"damage":19.0,"enemies":"3 Darklings","floor":39.0,"turns":5.0},{"damage":1.0,"enemies":"Transient","floor":41.0,"turns":5.0},{"damage":27.0,"enemies":"4 Shapes","floor":46.0,"turns":6.0},{"damage":0.0,"enemies":"Maw","floor":47.0,"turns":8.0},{"damage":41,"enemies":"Awakened One","floor":50,"turns":16}],"seed_played":"-7685184963108749306","potions_obtained":[{"floor":1.0,"key":"SneckoOil"},{"floor":3.0,"key":"Weak Potion"},{"floor":14.0,"key":"SkillPotion"},{"floor":20.0,"key":"LiquidBronze"},{"floor":24.0,"key":"Poison Potion"},{"floor":29.0,"key":"LiquidBronze"},{"floor":31.0,"key":"Weak Potion"}],"is_trial":false,"path_per_floor":["M","?","M","?","?","E","R","M","T","$","M","R","T","E","R","B",null,"M","M","M","?","M","R","E","R","T","$","?","E","M","M","R","B",null,"M","?","T","$","M","R","M","$","T","$","R","M","M","?","R","B"],"character_chosen":"DEFECT","items_purchased":["Defragment","Redo+1","Capacitor","Lee\u0027s Waffle","BootSequence+1"],"campfire_rested":0,"item_purchase_floors":[10,10,27,27,38],"current_hp_per_floor":[64,64,64,50,50,60,60,69,69,69,54,54,54,51,51,61,69,61,69,67,67,71,71,49,49,49,78,78,78,78,73,73,74,77,77,70,70,70,61,61,70,70,70,70,70,53,63,78,78,37],"gold":57,"neow_bonus":"THREE_ENEMY_KILL","is_prod":false,"is_daily":false,"chose_seed":false,"campfire_upgraded":9,"win_rate":0,"timestamp":1533124337,"path_taken":["M","?","M","?","?","E","R","M","T","$","M","R","?","E","R","BOSS","M","M","M","?","M","R","E","R","T","$","?","E","M","M","R","BOSS","M","?","?","$","?","R","M","$","T","?","R","M","M","?","R","BOSS"],"build_version":"2018-07-26","purchased_purges":2,"victory":true,"max_hp_per_floor":[71,71,71,71,71,71,71,71,71,71,71,71,71,71,71,71,71,71,71,71,71,71,71,71,71,71,78,78,78,78,78,78,78,78,78,78,78,78,78,78,78,78,78,78,78,78,78,78,78,78],"card_choices":[{"not_picked":["Lockon","Skim"],"picked":"Defragment","floor":1.0},{"not_picked":["Scrape","White Noise"],"picked":"Self Repair","floor":3.0},{"not_picked":["Gash","Turbo"],"picked":"Loop","floor":6.0},{"not_picked":["Steam","Barrage"],"picked":"Coolheaded","floor":8.0},{"not_picked":["Stack+1","Force Field+1"],"picked":"Steam+1","floor":11.0},{"not_picked":["Multi-Cast+1","Reinforced Body+1"],"picked":"Leap+1","floor":14.0},{"not_picked":["Seek+1","Meteor Strike"],"picked":"Rainbow+1","floor":16.0},{"not_picked":["Sweeping Beam","Barrage"],"picked":"Cold Snap","floor":18.0},{"not_picked":["Aggregate+1","Sweeping Beam","Hologram+1"],"picked":"SKIP","floor":19.0},{"not_picked":["Self Repair","Barrage","Go for the Eyes"],"picked":"SKIP","floor":20.0},{"not_picked":["Go for the Eyes","Streamline","Static Discharge"],"picked":"SKIP","floor":22.0},{"not_picked":["Core Surge","Rip and Tear"],"picked":"Defragment","floor":24.0},{"not_picked":["Doom and Gloom","Reprogram+1"],"picked":"Capacitor","floor":29.0},{"not_picked":["Leap+1","Conserve Battery+1","Stack+1"],"picked":"SKIP","floor":30.0},{"not_picked":["Cold Snap","Undo+1"],"picked":"Loop","floor":31.0},{"not_picked":["Core Surge","Meteor Strike"],"picked":"Buffer","floor":33.0},{"not_picked":["Tempest+1","Scrape","Genetic Algorithm+1"],"picked":"SKIP","floor":35.0},{"not_picked":["Redo+1","Tempest+1","Cold Snap"],"picked":"SKIP","floor":39.0},{"not_picked":["Sweeping Beam+1","Cold Snap","Recycle+1"],"picked":"SKIP","floor":41.0},{"not_picked":["Conserve Battery+1","Stack+1"],"picked":"Streamline+1","floor":46.0},{"not_picked":["Reinforced Body+1","Coolheaded+1","Beam Cell+1"],"picked":"SKIP","floor":47.0}],"player_experience":388989,"relics_obtained":[{"floor":6.0,"key":"Torii"},{"floor":9.0,"key":"Toxic Egg 2"},{"floor":13.0,"key":"Omamori"},{"floor":14.0,"key":"Cables"},{"floor":24.0,"key":"Dream Catcher"},{"floor":26.0,"key":"Bag of Preparation"},{"floor":29.0,"key":"Happy Flower"},{"floor":37.0,"key":"Blue Candle"}],"event_choices":[{"event_name":"The Cleric","player_choice":"Card Removal","floor":2.0,"damage_taken":0.0},{"event_name":"Shining Light","player_choice":"Entered Light","floor":4.0,"damage_taken":0.0},{"event_name":"The Woman in Blue","player_choice":"Bought 0 Potions","floor":5.0,"damage_taken":0.0},{"event_name":"Nest","player_choice":"Stole From Cult","floor":21.0,"damage_taken":0.0},{"event_name":"Vampires","player_choice":"Ignored","floor":28.0,"damage_taken":0.0},{"event_name":"Wheel of Change","player_choice":"Damage","floor":36.0,"damage_taken":0.0},{"event_name":"Winding Halls","player_choice":"Writhe","floor":48.0,"damage_taken":0.0}],"is_beta":false,"boss_relics":[{"not_picked":["White Beast Statue","Fusion Hammer"],"picked":"Cursed Key"},{"not_picked":["Velvet Choker","Runic Dome","Philosopher\u0027s Stone"]}],"items_purged_floors":[27,38],"is_endless":false,"potions_floor_spawned":[1,3,11,14,20,24,29,31,39,46],"ascension_level":14}