{"gold_per_floor":[112,123,123,273,348,348,358,358,432,432,49,74,74,100,100,176,176,192,31,60,60,21,21,21,55,55,55,73,73,73,83,83,162,162,175,175,175,38,49,49,78,78,153,179,189,189,411,436,436,436,436],"floor_reached":52,"playtime":2038,"items_purged":["Doubt","Pain"],"score":1941,"play_id":"c0f96146-e1a4-4911-84fe-7d1e70ea728f","local_time":"20190728214247","is_ascension_mode":true,"campfire_choices":[{"data":"Backstab","floor":6.0,"key":"SMITH"},{"data":"Neutralize","floor":8.0,"key":"SMITH"},{"data":"After Image","floor":10.0,"key":"SMITH"},{"data":"Footwork","floor":13.0,"key":"SMITH"},{"data":"Deadly Poison","floor":15.0,"key":"SMITH"},{"data":"Catalyst","floor":23,"key":"SMITH"},{"floor":27,"key":"REST"},{"data":"Corpse Explosion","floor":30,"key":"SMITH"},{"data":"Backflip","floor":32,"key":"SMITH"},{"data":"Envenom","floor":40,"key":"SMITH"},{"data":"Backstab","floor":42,"key":"SMITH"},{"floor":46,"key":"REST"},{"floor":49,"key":"REST"}],"neow_cost":"NONE","seed_source_timestamp":17910910546994,"circlet_count":0,"master_deck":["AscendersBane","Strike_G","Strike_G","Strike_G","Strike_G","Defend_G","Defend_G+1","Defend_G","Defend_G","Survivor","Neutralize+1","After Image+1","Backstab+1","Deflect","Leg Sweep+1","Footwork+1","Deadly Poison+1","Backstab+1","PiercingWail","Corpse Explosion+1","Backflip+1","Catalyst+1","Escape Plan","Envenom+1","Caltrops","Blur","Caltrops","Dodge and Roll+1","Dodge and Roll"],"special_seed":0,"relics":["Ring of the Snake","Mercury Hourglass","Oddly Smooth Stone","Pen Nib","Centennial Puzzle","Sozu","Blood Vial","Red Mask","Torii","War Paint","Question Card","Empty Cage","WarpedTongs","Bronze Scales","Gremlin Horn","Pantograph","Gambling Chip"],"potions_floor_usage":[16,33],"damage_taken":[{"damage":0.0,"enemies":"Cultist","floor":1.0,"turns":5.0},{"damage":2.0,"enemies":"2 Louse","floor":2.0,"turns":4.0},{"damage":0.0,"enemies":"Small Slimes","floor":7.0,"turns":5.0},{"damage":14.0,"enemies":"Gremlin Nob","floor":12.0,"turns":5.0},{"damage":3.0,"enemies":"Lagavulin","floor":14.0,"turns":7.0},{"damage":6,"enemies":"Slime Boss","floor":16,"turns":15},{"damage":0,"enemies":"Chosen","floor":18,"turns":4},{"damage":2,"enemies":"Masked Bandits","floor":20,"turns":5},{"damage":24,"enemies":"Gremlin Leader","floor":25,"turns":7},{"damage":3,"enemies":"3 Byrds","floor":28,"turns":3},{"damage":0,"enemies":"Sentry and Sphere","floor":31,"turns":4},{"damage":35,"enemies":"Collector","floor":33,"turns":11},{"damage":0,"enemies":"3 Darklings","floor":35,"turns":2},{"damage":12,"enemies":"Orb Walker","floor":39,"turns":4},{"damage":11,"enemies":"Reptomancer","floor":41,"turns":10},{"damage":32,"enemies":"Giant Head","floor":44,"turns":9},{"damage":0,"enemies":"3 Darklings","floor":45,"turns":2},{"damage":1,"enemies":"Reptomancer","floor":48,"turns":8},{"damage":29,"enemies":"Awakened One","floor":50,"turns":20},{"damage":45,"enemies":"Donu and Deca","floor":51,"turns":11}],"seed_played":"177702485681121416","potions_obtained":[{"floor":1.0,"key":"SkillPotion"},{"floor":2.0,"key":"Energy Potion"}],"is_trial":false,"path_per_floor":["M","M","?","?","?","R","M","R","T","R","$","E","R","E","R","B",null,"M","$","?","?","$","R","T","E","T","R","M","$","R","M","R","B",null,"M","?","?","$","M","R","E","R","T","E","M","R","?","E","R","B","B",null],"character_chosen":"THE_SILENT","items_purchased":["Footwork","Oddly Smooth Stone","Deadly Poison","Blood Vial","Catalyst","Caltrops"],"campfire_rested":3,"item_purchase_floors":[11,11,11,19,22,38],"current_hp_per_floor":[59,57,62,62,51,51,51,51,51,51,51,37,37,34,34,28,60,60,60,60,40,40,40,40,18,18,40,39,39,39,41,41,8,59,61,61,61,61,51,51,42,42,42,12,14,35,35,36,57,43,25],"gold":436,"neow_bonus":"ONE_RANDOM_RARE_CARD","is_prod":false,"is_daily":false,"chose_seed":false,"campfire_upgraded":10,"win_rate":0,"timestamp":1564339367,"path_taken":["M","M","?","?","?","R","M","R","T","R","$","E","R","E","R","BOSS","M","$","?","?","$","R","?","E","T","R","M","$","R","M","R","BOSS","M","?","?","$","M","R","E","R","T","E","?","R","?","E","R","BOSS","BOSS"],"build_version":"2019-07-17","purchased_purges":2,"victory":true,"max_hp_per_floor":[66,66,71,71,71,71,71,71,71,71,71,71,71,71,71,71,71,71,71,71,76,76,76,76,76,76,76,76,76,76,76,76,76,76,76,72,72,72,72,72,72,72,72,72,72,72,72,72,72,72,72],"card_choices":[{"not_picked":["Flying Knee","Heel Hook"],"picked":"Backstab","floor":1.0},{"not_picked":["Dodge and Roll","Sucker Punch"],"picked":"Deflect","floor":2.0},{"not_picked":["Outmaneuver","Bane"],"picked":"Leg Sweep","floor":7.0},{"not_picked":["Envenom","Prepared"],"picked":"Backstab","floor":12.0},{"not_picked":["Outmaneuver","Skewer"],"picked":"PiercingWail","floor":14.0},{"not_picked":["Die Die Die","A Thousand Cuts"],"picked":"Corpse Explosion","floor":16},{"not_picked":["Deadly Poison","Quick Slash"],"picked":"Backflip","floor":18},{"not_picked":["Bane","Venomology","Outmaneuver"],"picked":"SKIP","floor":25},{"not_picked":["Flying Knee","Infinite Blades","Predator"],"picked":"Escape Plan","floor":28},{"not_picked":["Outmaneuver","Blade Dance","Deadly Poison","Prepared"],"picked":"SKIP","floor":31},{"not_picked":["Malaise","Wraith Form v2","Phantasmal Killer"],"picked":"Envenom","floor":33},{"not_picked":["Dagger Throw","Blade Dance","Finisher","Dodge and Roll"],"picked":"SKIP","floor":35},{"not_picked":["Cloak And Dagger","Underhanded Strike","Bane","Calculated Gamble"],"picked":"SKIP","floor":39},{"not_picked":["Slice","Cloak And Dagger","Corpse Explosion"],"picked":"Blur","floor":41},{"not_picked":["Infinite Blades","Masterful Stab","Distraction"],"picked":"Caltrops","floor":44},{"not_picked":["Blade Dance+1","Dagger Spray","Deadly Poison"],"picked":"Dodge and Roll+1","floor":45},{"not_picked":["Eviscerate","Heel Hook+1","Predator"],"picked":"Dodge and Roll","floor":48}],"player_experience":1110046,"relics_obtained":[{"floor":9.0,"key":"Mercury Hourglass"},{"floor":12.0,"key":"Pen Nib"},{"floor":14.0,"key":"Centennial Puzzle"},{"floor":20,"key":"Red Mask"},{"floor":24,"key":"Torii"},{"floor":25,"key":"War Paint"},{"floor":26,"key":"Question Card"},{"floor":41,"key":"Bronze Scales"},{"floor":43,"key":"Gremlin Horn"},{"floor":44,"key":"Pantograph"},{"floor":48,"key":"Gambling Chip"}],"event_choices":[{"damage_healed":0.0,"max_hp_gain":5.0,"max_hp_loss":0.0,"gold_gain":0.0,"event_name":"Big Fish","player_choice":"Donut","floor":3.0,"gold_loss":0.0,"damage_taken":0.0},{"damage_healed":0.0,"max_hp_gain":0.0,"max_hp_loss":0.0,"gold_gain":150.0,"event_name":"Liars Game","player_choice":"AGREE","floor":4.0,"gold_loss":0.0,"damage_taken":0.0,"cards_obtained":["Doubt"]},{"damage_healed":0.0,"max_hp_gain":0.0,"max_hp_loss":0.0,"gold_gain":75.0,"event_name":"World of Goop","player_choice":"Gather Gold","floor":5.0,"gold_loss":0.0,"damage_taken":11.0},{"damage_healed":0,"gold_gain":0,"player_choice":"Fought Bandits","damage_taken":0,"max_hp_gain":0,"max_hp_loss":0,"event_name":"Masked Bandits","floor":20,"gold_loss":0},{"damage_healed":0,"gold_gain":0,"player_choice":"Shed Blood","damage_taken":25,"max_hp_gain":5,"max_hp_loss":0,"event_name":"Forgotten Altar","floor":21,"gold_loss":0},{"damage_healed":0,"gold_gain":0,"player_choice":"Max HP","damage_taken":0,"max_hp_gain":0,"max_hp_loss":4,"event_name":"Winding Halls","floor":36,"gold_loss":0},{"damage_healed":0,"gold_gain":0,"player_choice":"Rummage","damage_taken":0,"relics_obtained":["WarpedTongs"],"max_hp_gain":0,"max_hp_loss":0,"event_name":"Accursed Blacksmith","floor":37,"gold_loss":0,"cards_obtained":["Pain"]},{"damage_healed":0,"gold_gain":222,"player_choice":"Wore Mask","damage_taken":0,"max_hp_gain":0,"max_hp_loss":0,"event_name":"Tomb of Lord Red Mask","floor":47,"gold_loss":0}],"is_beta":false,"boss_relics":[{"not_picked":["Black Star","Orrery"],"picked":"Sozu"},{"not_picked":["HoveringKite","Calling Bell"],"picked":"Empty Cage"}],"items_purged_floors":[11,38],"is_endless":false,"potions_floor_spawned":[1,2,12,25,33,35,41,45],"ascension_level":20}