{"gold_per_floor":[112,128,146,163,42,42,42,42,42,42,70,70,96,120,120,246,246,267,12,32,32,56,56,91,91,116,131,151,151,167,207,219,231],"floor_reached":33,"playtime":1249,"items_purged":[],"score":484,"play_id":"86e03859-8314-480c-88b6-f72317ff9e3f","local_time":"20181114002856","is_ascension_mode":true,"campfire_choices":[{"data":"Underhanded Strike","floor":6.0,"key":"SMITH"},{"data":"Backstab","floor":8.0,"key":"SMITH"},{"data":"Backstab","floor":10.0,"key":"SMITH"},{"data":"Sucker Punch","floor":15.0,"key":"SMITH"},{"floor":23.0,"key":"REST"},{"floor":25.0,"key":"REST"},{"floor":29.0,"key":"REST"},{"floor":32,"key":"REST"}],"neow_cost":"NONE","seed_source_timestamp":46728641168548,"circlet_count":0,"master_deck":["AscendersBane","Survivor","Neutralize","Reflex","Quick Slash","Poisoned Stab","Setup","Dagger Spray","Finisher","PiercingWail","Deadly Poison","Deflect","Heel Hook","Underhanded Strike+1","Blur","Backstab+1","Sucker Punch+1","Backstab+1","Cloak And Dagger","Well Laid Plans","Grand Finale","Terror","Caltrops","Backstab","Backstab"],"special_seed":0,"relics":["Pandora\u0027s Box","Question Card","Pear","Golden Idol","Bag of Marbles","Philosopher\u0027s Stone","Oddly Smooth Stone","MutagenicStrength","Blood Vial","Anchor","MawBank"],"potions_floor_usage":[31],"damage_taken":[{"damage":0.0,"enemies":"Cultist","floor":1.0,"turns":3.0},{"damage":0.0,"enemies":"Small Slimes","floor":2.0,"turns":2.0},{"damage":4.0,"enemies":"Jaw Worm","floor":3.0,"turns":3.0},{"damage":8.0,"enemies":"Looter","floor":4.0,"turns":3.0},{"damage":21.0,"enemies":"3 Sentries","floor":11.0,"turns":6.0},{"damage":0.0,"enemies":"3 Louse","floor":14.0,"turns":1.0},{"damage":35.0,"enemies":"The Guardian","floor":16.0,"turns":12.0},{"damage":12.0,"enemies":"3 Byrds","floor":18.0,"turns":5.0},{"damage":10.0,"enemies":"Chosen","floor":20.0,"turns":4.0},{"damage":13.0,"enemies":"Snecko","floor":22.0,"turns":3.0},{"damage":39.0,"enemies":"Book of Stabbing","floor":24.0,"turns":6.0},{"damage":21.0,"enemies":"Sentry and Sphere","floor":27.0,"turns":5.0},{"damage":5.0,"enemies":"Cultist and Chosen","floor":28.0,"turns":6.0},{"damage":21.0,"enemies":"Snake Plant","floor":30.0,"turns":3.0},{"damage":7,"enemies":"Slavers","floor":31,"turns":6},{"damage":58,"enemies":"Champ","floor":33,"turns":6}],"seed_played":"-510652581651226903","potions_obtained":[{"floor":1.0,"key":"SkillPotion"},{"floor":3.0,"key":"Ancient Potion"},{"floor":16.0,"key":"Energy Potion"},{"floor":20.0,"key":"Weak Potion"},{"floor":24.0,"key":"SneckoOil"}],"is_trial":false,"path_per_floor":["M","M","M","M","$","R","$","R","T","R","E","?","T","M","R","B",null,"M","$","M","?","M","R","E","R","T","M","M","R","M","E","R","B"],"character_chosen":"THE_SILENT","items_purchased":["Backstab","Cloak And Dagger","Oddly Smooth Stone","Fruit Juice"],"campfire_rested":4,"item_purchase_floors":[5,5,19,19],"current_hp_per_floor":[63,63,59,51,51,51,51,51,51,51,40,40,40,40,40,5,57,45,45,40,40,27,50,11,34,34,15,12,35,16,11,34,0],"gold":231,"neow_bonus":"BOSS_RELIC","is_prod":false,"is_daily":false,"chose_seed":false,"campfire_upgraded":4,"win_rate":0,"timestamp":1542144536,"path_taken":["M","?","M","?","$","R","?","R","T","R","E","?","?","M","R","BOSS","M","$","M","?","M","R","E","R","T","M","M","R","M","E","R","BOSS"],"build_version":"2018-11-08","purchased_purges":0,"victory":false,"max_hp_per_floor":[70,70,70,70,70,70,70,70,70,70,80,74,74,74,74,74,74,74,74,79,79,79,79,79,79,79,79,79,79,79,79,79,79],"card_choices":[{"not_picked":["Dagger Spray","Quick Slash"],"picked":"Underhanded Strike","floor":1.0},{"not_picked":["Skewer","Bane"],"picked":"Blur","floor":2.0},{"not_picked":["Cloak And Dagger","Riddle With Holes"],"picked":"Backstab","floor":3.0},{"not_picked":["Riddle With Holes","Backflip"],"picked":"Sucker Punch","floor":4.0},{"not_picked":["Deadly Poison","Quick Slash","Blur","Poisoned Stab"],"picked":"SKIP","floor":11.0},{"not_picked":["Glass Knife","Masterful Stab","Slice"],"picked":"Well Laid Plans","floor":14.0},{"not_picked":["Venomology","Tools of the Trade","Envenom"],"picked":"Grand Finale","floor":16.0},{"not_picked":["Heel Hook","Calculated Gamble+1","Sucker Punch+1"],"picked":"Terror","floor":18.0},{"not_picked":["Outmaneuver","Skewer","Accuracy","Poisoned Stab"],"picked":"SKIP","floor":20.0},{"not_picked":["Dodge and Roll","Quick Slash+1","Blade Dance","PiercingWail"],"picked":"SKIP","floor":22.0},{"not_picked":["Dodge and Roll","Expertise","Bouncing Flask","Sucker Punch"],"picked":"SKIP","floor":24.0},{"not_picked":["Setup+1","Underhanded Strike","Flechettes"],"picked":"Caltrops","floor":27.0},{"not_picked":["Flying Knee","Poisoned Stab","Outmaneuver","Unload"],"picked":"SKIP","floor":28.0},{"not_picked":["Acrobatics+1","Dodge and Roll","Finisher"],"picked":"Backstab","floor":30.0},{"not_picked":["Deflect","Masterful Stab","Envenom"],"picked":"Backstab","floor":31}],"player_experience":510255,"relics_obtained":[{"floor":9.0,"key":"Question Card"},{"floor":11.0,"key":"Pear"},{"floor":13.0,"key":"Bag of Marbles"},{"floor":24.0,"key":"Blood Vial"},{"floor":26.0,"key":"Anchor"},{"floor":31,"key":"MawBank"}],"event_choices":[{"damage_healed":0.0,"max_hp_gain":0.0,"max_hp_loss":6.0,"gold_gain":0.0,"event_name":"Golden Idol","player_choice":"Lose Max HP","floor":12.0,"gold_loss":0.0,"damage_taken":0.0,"relics_obtained":["Golden Idol"]},{"damage_healed":0.0,"max_hp_gain":0.0,"max_hp_loss":0.0,"gold_gain":0.0,"event_name":"Drug Dealer","player_choice":"Inject Mutagens","floor":21.0,"gold_loss":0.0,"damage_taken":0.0,"relics_obtained":["MutagenicStrength"]}],"is_beta":false,"boss_relics":[{"not_picked":["Astrolabe","Lizard Tail"],"picked":"Philosopher\u0027s Stone"}],"items_purged_floors":[],"is_endless":false,"potions_floor_spawned":[1,3,14,16,20,24,27],"killed_by":"Champ","ascension_level":12}