{"gold_per_floor":[119,137,70,70,90,90,118,4,4,4,34,34,34,53,53,154,154,138,138,150,75,85,85,85,85,85,85,114,132,132,165,165,267,267,285,305,205,217,236,236,262,262,342,342,342,217,230,230,230,230],"floor_reached":51,"playtime":3919,"items_purged":["Strike_R","Strike_R","Writhe"],"score":870,"play_id":"b43aef2e-323b-4475-b373-96f4fc2707ab","local_time":"20190712001512","is_ascension_mode":true,"campfire_choices":[{"data":"Uppercut","floor":6,"key":"SMITH"},{"data":"True Grit","floor":10,"key":"SMITH"},{"data":"Inflame","floor":13,"key":"SMITH"},{"data":"Armaments","floor":15,"key":"SMITH"},{"data":"Juggernaut","floor":23,"key":"SMITH"},{"data":"Disarm","floor":25,"key":"SMITH"},{"data":"Flame Barrier","floor":27,"key":"SMITH"},{"data":"Feel No Pain","floor":30,"key":"SMITH"},{"floor":32,"key":"REST"},{"data":"Immolate","floor":40,"key":"SMITH"},{"floor":42,"key":"REST"},{"data":"Ghostly Armor","floor":44,"key":"SMITH"},{"floor":49,"key":"REST"}],"neow_cost":"NONE","seed_source_timestamp":26396880430647,"circlet_count":0,"master_deck":["Strike_R","Strike_R","Strike_R","Defend_R","Defend_R","Defend_R","Defend_R","Bash","Armaments+1","Uppercut+1","Ghostly Armor+1","Inflame+1","True Grit+1","Feel No Pain+1","Flame Barrier+1","Juggernaut+1","Disarm+1","Body Slam+1","Clumsy","Pommel Strike+1","Entrench+1","Immolate+1","Infernal Blade+1","Dual Wield+1","Purity"],"relics":["Burning Blood","Pocketwatch","Pear","Cursed Key","Blue Candle","Strawberry","Kunai","Runic Pyramid","Red Skull","Paper Frog"],"potions_floor_usage":[7,16,22,31,50,50],"damage_taken":[{"damage":5,"enemies":"2 Louse","floor":1,"turns":3},{"damage":2,"enemies":"Jaw Worm","floor":2,"turns":4},{"damage":2,"enemies":"Small Slimes","floor":5,"turns":4},{"damage":17,"enemies":"Gremlin Nob","floor":7,"turns":4},{"damage":12,"enemies":"Gremlin Gang","floor":14,"turns":6},{"damage":59,"enemies":"Hexaghost","floor":16,"turns":13},{"damage":6,"enemies":"2 Thieves","floor":18,"turns":4},{"damage":0,"enemies":"Shell Parasite","floor":20,"turns":6},{"damage":8,"enemies":"Centurion and Healer","floor":22,"turns":8},{"damage":22,"enemies":"Gremlin Leader","floor":28,"turns":8},{"damage":13,"enemies":"Shelled Parasite and Fungi","floor":29,"turns":5},{"damage":26,"enemies":"Slavers","floor":31,"turns":6},{"damage":39,"enemies":"Collector","floor":33,"turns":13},{"damage":11,"enemies":"3 Darklings","floor":35,"turns":5},{"damage":0,"enemies":"3 Shapes","floor":36,"turns":3},{"damage":6,"enemies":"Writhing Mass","floor":38,"turns":7},{"damage":8,"enemies":"4 Shapes","floor":39,"turns":5},{"damage":67,"enemies":"Giant Head","floor":41,"turns":9},{"damage":38,"enemies":"Transient","floor":47,"turns":5},{"damage":26,"enemies":"Awakened One","floor":50,"turns":11}],"seed_played":"5128558414339792841","potions_obtained":[{"floor":1,"key":"Explosive Potion"},{"floor":12,"key":"FearPotion"},{"floor":12,"key":"EssenceOfSteel"},{"floor":12,"key":"Poison Potion"},{"floor":16,"key":"Strength Potion"},{"floor":22,"key":"Swift Potion"},{"floor":39,"key":"SteroidPotion"},{"floor":47,"key":"Dexterity Potion"}],"is_trial":false,"path_per_floor":["M","M","$","?","M","R","E","$","T","R","?","?","R","M","R","B",null,"M","?","M","$","M","R","$","R","T","R","E","M","R","E","R","B",null,"M","M","$","M","M","R","E","R","T","R","?","$","M","?","R","B",null],"character_chosen":"IRONCLAD","items_purchased":["Ghostly Armor","True Grit","Feel No Pain"],"campfire_rested":3,"item_purchase_floors":[3,8,8],"current_hp_per_floor":[88,88,88,93,93,93,82,82,82,82,92,92,92,86,86,33,103,103,103,103,103,101,101,101,101,101,101,92,85,85,65,98,65,110,105,110,110,110,108,108,47,80,80,80,80,80,48,48,81,61],"gold":230,"neow_bonus":"TEN_PERCENT_HP_BONUS","is_prod":false,"is_daily":false,"chose_seed":false,"campfire_upgraded":10,"win_rate":0,"timestamp":1562883312,"path_taken":["M","M","$","?","M","R","E","$","T","R","?","?","R","?","R","BOSS","M","?","M","$","M","R","?","R","T","R","E","M","R","E","R","BOSS","M","M","$","M","M","R","E","R","T","R","?","$","M","?","R","BOSS"],"build_version":"2019-07-05","purchased_purges":3,"victory":true,"max_hp_per_floor":[88,88,88,93,93,93,93,93,93,93,103,103,103,103,103,103,103,103,103,103,103,103,103,103,103,103,103,110,110,110,110,110,110,110,110,110,110,110,110,110,110,110,110,110,110,110,110,110,110,110],"card_choices":[{"not_picked":["Entrench","Heavy Blade"],"picked":"Armaments","floor":1},{"not_picked":["Searing Blow","Sword Boomerang"],"picked":"Uppercut","floor":2},{"not_picked":["Sever Soul","Clothesline"],"picked":"Evolve","floor":5},{"not_picked":["Pommel Strike","Wild Strike"],"picked":"Inflame","floor":7},{"not_picked":["Thunderclap","Blood for Blood"],"picked":"Flame Barrier","floor":14},{"not_picked":["Double Tap","Berserk"],"picked":"Juggernaut","floor":16},{"not_picked":["Metallicize","Dual Wield"],"picked":"Disarm","floor":18},{"not_picked":["Iron Wave+1","Armaments","Havoc"],"picked":"SKIP","floor":20},{"not_picked":["Clothesline","Flame Barrier"],"picked":"Body Slam+1","floor":22},{"not_picked":["Juggernaut","Armaments","Perfected Strike+1"],"picked":"SKIP","floor":28},{"not_picked":["Sword Boomerang","Flex"],"picked":"Pommel Strike+1","floor":29},{"not_picked":["Armaments","Dropkick"],"picked":"Entrench+1","floor":31},{"not_picked":["Fiend Fire","Reaper"],"picked":"Immolate","floor":33},{"not_picked":["Warcry+1","Carnage","Clash"],"picked":"SKIP","floor":35},{"not_picked":["Twin Strike+1","Evolve+1"],"picked":"Infernal Blade+1","floor":36},{"not_picked":["Clash","Warcry+1"],"picked":"Dual Wield+1","floor":38},{"not_picked":["Iron Wave","Pommel Strike+1","Fire Breathing+1"],"picked":"SKIP","floor":39},{"not_picked":["Rage","Dual Wield","Sword Boomerang"],"picked":"SKIP","floor":41},{"not_picked":["Rampage","Sword Boomerang","Warcry+1"],"picked":"SKIP","floor":47},{"not_picked":["Flash of Steel","Swift Strike"],"picked":"Purity","floor":48}],"player_experience":423021,"relics_obtained":[{"floor":7,"key":"Pocketwatch"},{"floor":26,"key":"Blue Candle"},{"floor":28,"key":"Strawberry"},{"floor":31,"key":"Kunai"},{"floor":41,"key":"Red Skull"},{"floor":43,"key":"Paper Frog"}],"event_choices":[{"damage_healed":0,"gold_gain":0,"player_choice":"Donut","damage_taken":0,"max_hp_gain":5,"max_hp_loss":0,"event_name":"Big Fish","floor":4,"gold_loss":0},{"damage_healed":0,"gold_gain":30,"player_choice":"Searched \u00273\u0027 times","damage_taken":0,"relics_obtained":["Pear"],"max_hp_gain":0,"max_hp_loss":0,"event_name":"Dead Adventurer","floor":11,"gold_loss":0},{"damage_healed":0,"gold_gain":0,"player_choice":"Got Potions","damage_taken":0,"max_hp_gain":0,"max_hp_loss":0,"event_name":"Lab","floor":12,"gold_loss":0},{"damage_healed":0,"gold_gain":0,"player_choice":"Ignored","damage_taken":0,"max_hp_gain":0,"max_hp_loss":0,"event_name":"NoteForYourself","floor":19,"gold_loss":0},{"cards_removed":["Evolve"],"damage_healed":0,"gold_gain":0,"player_choice":"Removed Power","damage_taken":0,"max_hp_gain":0,"max_hp_loss":0,"event_name":"Falling","floor":45,"gold_loss":0},{"damage_healed":0,"gold_gain":0,"player_choice":"Memory 1","damage_taken":0,"max_hp_gain":0,"max_hp_loss":0,"event_name":"SensoryStone","floor":48,"gold_loss":0}],"is_beta":false,"boss_relics":[{"not_picked":["Runic Cube","Busted Crown"],"picked":"Cursed Key"},{"not_picked":["Sozu","Eternal Feather"],"picked":"Runic Pyramid"}],"items_purged_floors":[21,37,46],"is_endless":false,"potions_floor_spawned":[1,14,16,18,22,28,39,47],"ascension_level":1}