{"gold_per_floor":[110,35,53,53,128,163,173,255,255,282,293,312,312,331,331,331],"floor_reached":16,"playtime":796,"items_purged":["Strike_R"],"score":112,"play_id":"1a39db50-a064-41ae-9735-c2e361b174d4","local_time":"20181125093843","is_ascension_mode":false,"campfire_choices":[{"data":"Juggernaut","floor":13.0,"key":"SMITH"},{"floor":15.0,"key":"REST"}],"neow_cost":"TEN_PERCENT_HP_LOSS","seed_source_timestamp":44351376476975,"circlet_count":0,"master_deck":["Strike_R","Strike_R","Strike_R","Strike_R","Defend_R","Defend_R","Defend_R","Defend_R","Bash","Juggernaut+1","Ghostly Armor","Exhume","Intimidate","Combust"],"special_seed":0,"relics":["Burning Blood","Smiling Mask","Dodecahedron","Mummified Hand","Mango","Paper Frog"],"potions_floor_usage":[],"damage_taken":[{"damage":0.0,"enemies":"2 Louse","floor":1.0,"turns":3.0},{"damage":10.0,"enemies":"Jaw Worm","floor":3.0,"turns":4.0},{"damage":37.0,"enemies":"3 Sentries","floor":6.0,"turns":8.0},{"damage":1.0,"enemies":"Cultist","floor":7.0,"turns":4.0},{"damage":22.0,"enemies":"Gremlin Nob","floor":10.0,"turns":5.0},{"damage":8.0,"enemies":"Exordium Thugs","floor":11.0,"turns":5.0},{"damage":1.0,"enemies":"2 Fungi Beasts","floor":12.0,"turns":4.0},{"damage":5.0,"enemies":"Lots of Slimes","floor":14.0,"turns":4.0},{"damage":47,"enemies":"Hexaghost","floor":16,"turns":11}],"seed_played":"-8464120613859007124","potions_obtained":[{"floor":1.0,"key":"Strength Potion"},{"floor":3.0,"key":"LiquidBronze"},{"floor":10.0,"key":"PowerPotion"}],"is_trial":false,"path_per_floor":["M","$","M","?","?","E","M","T","T","E","M","M","R","M","R","B"],"character_chosen":"IRONCLAD","items_purchased":[],"campfire_rested":1,"item_purchase_floors":[],"current_hp_per_floor":[72,72,68,56,45,14,19,19,33,17,15,20,20,21,46,0],"gold":331,"neow_bonus":"THREE_RARE_CARDS","is_prod":false,"is_daily":false,"chose_seed":false,"campfire_upgraded":1,"win_rate":0,"timestamp":1543167523,"path_taken":["M","$","M","?","?","E","M","?","T","E","M","M","R","M","R","BOSS"],"build_version":"2018-11-15","purchased_purges":1,"victory":false,"max_hp_per_floor":[72,72,72,72,72,72,72,72,86,86,86,86,86,86,86,86],"card_choices":[{"not_picked":["Reaper","Immolate"],"picked":"Juggernaut","floor":0.0},{"not_picked":["Burning Pact","Blood for Blood","Body Slam"],"picked":"SKIP","floor":1.0},{"not_picked":["Second Wind","Warcry","Infernal Blade"],"picked":"SKIP","floor":3.0},{"not_picked":["Armaments","Cleave","Blood for Blood"],"picked":"SKIP","floor":6.0},{"not_picked":["Anger","Clothesline"],"picked":"Ghostly Armor","floor":7.0},{"not_picked":["Armaments","Iron Wave"],"picked":"Exhume","floor":10.0},{"not_picked":["Body Slam","Pummel"],"picked":"Intimidate","floor":11.0},{"not_picked":["Cleave","Twin Strike"],"picked":"Combust","floor":12.0},{"not_picked":["Infernal Blade","Wild Strike","Pommel Strike"],"picked":"SKIP","floor":14.0}],"player_experience":490403,"relics_obtained":[{"floor":6.0,"key":"Dodecahedron"},{"floor":8.0,"key":"Mummified Hand"},{"floor":9.0,"key":"Mango"},{"floor":10.0,"key":"Paper Frog"}],"event_choices":[{"damage_healed":0.0,"max_hp_gain":0.0,"max_hp_loss":0.0,"gold_gain":0.0,"event_name":"Scrap Ooze","player_choice":"Success","floor":4.0,"gold_loss":0.0,"damage_taken":12.0,"relics_obtained":["Smiling Mask"]},{"damage_healed":0.0,"max_hp_gain":0.0,"max_hp_loss":0.0,"gold_gain":75.0,"event_name":"World of Goop","player_choice":"Gather Gold","floor":5.0,"gold_loss":0.0,"damage_taken":11.0}],"is_beta":false,"boss_relics":[],"items_purged_floors":[2],"is_endless":false,"potions_floor_spawned":[1,3,10],"killed_by":"Hexaghost","ascension_level":0}