{"gold_per_floor":[112,287,287,287,301,301,334,334,407,425,425,439,0,16,16,117,117,130,130,130,147,157,184,195,222,301,319,319,395,395,67,67,170,170,183,183,183,433,445,477,526,553,553,553,33,33,59,0,0,0],"floor_reached":51,"playtime":3560,"items_purged":["Regret","Regret"],"score":884,"play_id":"b2fe864f-133e-444d-badc-0fa9ea62a9bf","local_time":"20180727233405","is_ascension_mode":false,"campfire_choices":[{"data":"Leg Sweep","floor":6.0,"key":"SMITH"},{"floor":8.0,"key":"REST"},{"floor":11.0,"key":"REST"},{"floor":15.0,"key":"REST"},{"floor":28,"key":"REST"},{"floor":32,"key":"REST"},{"floor":44,"key":"REST"},{"floor":46,"key":"REST"},{"floor":49,"key":"REST"}],"neow_cost":"","seed_source_timestamp":49596391680550,"circlet_count":0,"master_deck":["Defend_G","Defend_G","Defend_G","Defend_G","Defend_G","Strike_G","Strike_G","Strike_G","Strike_G","Survivor","Neutralize","Predator","Doubt","After Image+1","Leg Sweep+1","Accuracy","Slice","Sucker Punch","Prepared","Deep Breath","Deadly Poison","Predator","Corpse Explosion","Dagger Spray+1","Necronomicurse","Dagger Throw","Acrobatics+1","Bane+1","Dash+1","Noxious Fumes","Catalyst","RitualDagger","Venomology+1","Dodge and Roll+1","Bullet Time+1","Pain","Injury","Doubt","Backflip+1","Dramatic Entrance","Distraction+1","Bouncing Flask+1","Riddle With Holes+1","Secret Weapon+1","Infinite Blades","Dark Shackles+1","Bane","Backstab","Expertise+1","Finisher"],"special_seed":0,"relics":["Ring of the Snake","Shuriken","Dodecahedron","Paper Crane","Sling","Fusion Hammer","Necronomicon","Matryoshka","Orichalcum","Tiny Chest","Boot","Pear","Toxic Egg 2","Bronze Scales","Calling Bell","Blood Vial","The Courier","Tingsha","Tough Bandages","Vajra","Gambling Chip","Regal Pillow","Juzu Bracelet","Happy Flower"],"potions_floor_usage":[23,24,33,33,33,33,33,35,40,41,50,50,50,50],"damage_taken":[{"damage":7.0,"enemies":"Jaw Worm","floor":1.0,"turns":5.0},{"damage":17.0,"enemies":"Small Slimes","floor":5.0,"turns":3.0},{"damage":38.0,"enemies":"3 Sentries","floor":7.0,"turns":15.0},{"damage":3.0,"enemies":"2 Louse","floor":10.0,"turns":4.0},{"damage":4.0,"enemies":"Blue Slaver","floor":12.0,"turns":5.0},{"damage":0.0,"enemies":"Large Slime","floor":14.0,"turns":7.0},{"damage":20.0,"enemies":"The Guardian","floor":16.0,"turns":16.0},{"damage":3.0,"enemies":"3 Byrds","floor":18.0,"turns":3.0},{"damage":10,"enemies":"2 Thieves","floor":21,"turns":3},{"damage":5,"enemies":"Centurion and Healer","floor":22,"turns":7},{"damage":6,"enemies":"Gremlin Leader","floor":23,"turns":6},{"damage":3,"enemies":"Snecko","floor":24,"turns":6},{"damage":5,"enemies":"Book of Stabbing","floor":25,"turns":4},{"damage":3,"enemies":"Snake Plant","floor":27,"turns":4},{"damage":3,"enemies":"Champ","floor":33,"turns":5},{"damage":0,"enemies":"Orb Walker","floor":35,"turns":2},{"damage":17,"enemies":"Flame Bruiser 1 Orb","floor":39,"turns":5},{"damage":20,"enemies":"Giant Head","floor":40,"turns":8},{"damage":17,"floor":41,"turns":3},{"damage":43,"enemies":"Time Eater","floor":50,"turns":10}],"seed_played":"2509535260895557847","potions_obtained":[{"floor":7.0,"key":"SneckoOil"},{"floor":14.0,"key":"Weak Potion"},{"floor":16.0,"key":"Ancient Potion"},{"floor":18.0,"key":"Dexterity Potion"},{"floor":25,"key":"EntropicBrew"},{"floor":27,"key":"PowerPotion"},{"floor":41,"key":"Fire Potion"}],"is_trial":false,"path_per_floor":["M","?","?","?","M","R","E","R","T","M","R","M","$","M","R","B",null,"M","?","?","M","M","E","M","E","T","M","R","T","?","$","R","B",null,"M","T","?","?","M","E","?","T","T","R","$","R","T","$","R","B"],"character_chosen":"THE_SILENT","items_purchased":["Prepared","Deep Breath","Sling","Deadly Poison","Bronze Scales","Venomology+1","Dodge and Roll+1","Secret Weapon+1","Infinite Blades","Dark Shackles+1","Bane","Backstab","Expertise+1","Finisher"],"campfire_rested":8,"item_purchase_floors":[13,13,13,13,31,31,31,45,45,45,45,45,45,48],"current_hp_per_floor":[63,63,63,63,46,46,8,29,29,26,47,43,43,43,64,44,70,67,67,51,41,36,30,27,22,22,19,40,50,44,44,68,65,80,80,80,80,80,63,45,30,30,30,69,69,80,80,80,80,37],"gold":0,"neow_bonus":"","is_prod":false,"is_daily":false,"chose_seed":false,"campfire_upgraded":1,"win_rate":0,"timestamp":1532727245,"path_taken":["M","?","?","?","?","R","E","R","T","M","R","M","$","M","R","BOSS","M","?","?","M","M","E","M","E","T","?","R","?","?","?","R","BOSS","M","?","?","?","M","E","?","?","T","R","?","R","?","$","R","BOSS"],"build_version":"2018-07-19v2","purchased_purges":2,"victory":true,"max_hp_per_floor":[70,70,70,70,70,70,70,70,70,70,70,70,70,70,70,70,70,70,70,70,70,70,70,70,70,70,70,70,80,80,80,80,80,80,80,80,80,80,80,80,80,80,80,80,80,80,80,80,80,80],"card_choices":[{"not_picked":["Dodge and Roll","Outmaneuver"],"picked":"Predator","floor":1.0},{"not_picked":["Calculated Gamble","Outmaneuver"],"picked":"Leg Sweep","floor":5.0},{"not_picked":["Backflip","Slice"],"picked":"Accuracy","floor":7.0},{"not_picked":["Tactician","Quick Slash"],"picked":"Slice","floor":10.0},{"not_picked":["Prepared","Backflip"],"picked":"Sucker Punch","floor":12.0},{"not_picked":["Prepared","Calculated Gamble"],"picked":"Predator","floor":14.0},{"not_picked":["Unload","Envenom"],"picked":"Corpse Explosion","floor":16.0},{"not_picked":["Cloak And Dagger","Prepared"],"picked":"Dagger Spray+1","floor":18.0},{"not_picked":["Eviscerate","Masterful Stab"],"picked":"Dagger Throw","floor":21},{"not_picked":["Slice","Skewer"],"picked":"Acrobatics+1","floor":22},{"not_picked":["Deflect","Blade Dance"],"picked":"Bane+1","floor":23},{"not_picked":["Poisoned Stab","Dagger Throw"],"picked":"Dash+1","floor":24},{"not_picked":["Underhanded Strike","Calculated Gamble"],"picked":"Noxious Fumes","floor":25},{"not_picked":["Tactician","All Out Attack"],"picked":"Catalyst","floor":27},{"not_picked":["Malaise+1","Doppelganger+1"],"picked":"Bullet Time+1","floor":33},{"not_picked":["Dash","Flying Knee"],"picked":"Backflip+1","floor":35},{"not_picked":["Underhanded Strike","Deflect+1"],"picked":"Distraction+1","floor":39},{"not_picked":["Dagger Spray","Underhanded Strike"],"picked":"Bouncing Flask+1","floor":40},{"not_picked":["Slice+1","Blur+1"],"picked":"Riddle With Holes+1","floor":41}],"player_experience":74012,"relics_obtained":[{"floor":7.0,"key":"Dodecahedron"},{"floor":9.0,"key":"Paper Crane"},{"floor":20,"key":"Necronomicon"},{"floor":23,"key":"Matryoshka"},{"floor":25,"key":"Orichalcum"},{"floor":26,"key":"Tiny Chest"},{"floor":26,"key":"Boot"},{"floor":29,"key":"Pear"},{"floor":29,"key":"Toxic Egg 2"},{"floor":34,"key":"Blood Vial"},{"floor":34,"key":"The Courier"},{"floor":34,"key":"Tingsha"},{"floor":36,"key":"Tough Bandages"},{"floor":40,"key":"Vajra"},{"floor":41,"key":"Gambling Chip"},{"floor":42,"key":"Regal Pillow"},{"floor":43,"key":"Juzu Bracelet"},{"floor":47,"key":"Happy Flower"}],"event_choices":[{"event_name":"Liars Game","player_choice":"agreed","floor":2.0,"damage_taken":0.0},{"event_name":"Big Fish","player_choice":"Box","floor":3.0,"damage_taken":0.0},{"event_name":"Living Wall","player_choice":"Change","floor":4.0,"damage_taken":0.0},{"event_name":"Upgrade Shrine","player_choice":"Upgraded","floor":19.0,"damage_taken":0.0},{"event_name":"Cursed Tome","player_choice":"Obtained Book","floor":20,"damage_taken":0},{"event_name":"Nest","player_choice":"Joined the Cult","floor":30,"damage_taken":0},{"event_name":"Match and Keep!","player_choice":"1 cards matched","floor":37,"damage_taken":0},{"event_name":"Golden Shrine","player_choice":"Desecrate","floor":38,"damage_taken":0},{"event_name":"Mysterious Sphere","player_choice":"Fight","floor":41,"damage_taken":0}],"is_beta":false,"boss_relics":[{"not_picked":["Busted Crown","Tiny House"],"picked":"Fusion Hammer"},{"not_picked":["Snecko Eye","Black Star"],"picked":"Calling Bell"}],"items_purged_floors":[13,45],"is_endless":false,"potions_floor_spawned":[7,14,16,18,22,25,27,41],"ascension_level":0}