{"gold_per_floor":[115,127,127,145,145,145,173,186,209,236,1,33,33,33,33,33],"floor_reached":16,"playtime":1011,"items_purged":["Strike_B"],"score":186,"play_id":"85e61930-067d-49bb-bb8b-2a2dee83f234","local_time":"20190803172900","is_ascension_mode":true,"campfire_choices":[{"data":"Sunder","floor":6,"key":"SMITH"},{"floor":13,"key":"REST"},{"data":"Defragment","floor":15,"key":"SMITH"}],"neow_cost":"NONE","seed_source_timestamp":1633931183104600,"circlet_count":0,"master_deck":["Strike_B","Strike_B","Defend_B+1","Defend_B","Defend_B","Defend_B+1","Zap","Dualcast","Sunder+1","Loop","Creative AI","Steam","Core Surge","Sweeping Beam","Defragment+1","Chill","Coolheaded"],"relics":["Cracked Core","Omamori","War Paint","Bronze Scales","Boot"],"potions_floor_usage":[10,12,16],"damage_taken":[{"damage":13,"enemies":"Jaw Worm","floor":1,"turns":5},{"damage":3,"enemies":"Small Slimes","floor":2,"turns":2},{"damage":5,"enemies":"Cultist","floor":4,"turns":5},{"damage":19,"enemies":"3 Sentries","floor":7,"turns":7},{"damage":8,"enemies":"Exordium Thugs","floor":8,"turns":4},{"damage":26,"enemies":"Gremlin Nob","floor":10,"turns":4},{"damage":0,"enemies":"Lagavulin","floor":12,"turns":6},{"damage":28,"enemies":"Slime Boss","floor":16,"turns":3}],"seed_played":"-4651423818416996628","potions_obtained":[{"floor":1,"key":"Poison Potion"},{"floor":2,"key":"SkillPotion"},{"floor":8,"key":"Block Potion"},{"floor":10,"key":"Strength Potion"}],"is_trial":false,"path_per_floor":["M","M","?","M","?","R","E","M","T","E","$","E","R","$","R","B"],"character_chosen":"DEFECT","items_purchased":["Defragment","Chill"],"campfire_rested":1,"item_purchase_floors":[11,11],"current_hp_per_floor":[62,59,59,54,54,54,35,27,27,1,1,1,25,25,25,0],"gold":33,"neow_bonus":"TEN_PERCENT_HP_BONUS","is_prod":false,"is_daily":false,"chose_seed":false,"campfire_upgraded":2,"win_rate":0,"timestamp":1564867740,"path_taken":["M","M","?","M","?","R","E","M","T","E","?","E","R","$","R","BOSS"],"build_version":"2019-07-17","purchased_purges":1,"victory":false,"max_hp_per_floor":[82,82,82,82,82,82,82,82,82,82,82,82,82,82,82,82],"card_choices":[{"not_picked":["Chill","Undo"],"picked":"Sunder","floor":1},{"not_picked":["Gash","Barrage"],"picked":"Loop","floor":2},{"not_picked":["Beam Cell","Streamline"],"picked":"Steam","floor":4},{"not_picked":["Steam","Barrage","Lockon"],"picked":"SKIP","floor":7},{"not_picked":["Sweeping Beam","Redo"],"picked":"Core Surge","floor":8},{"not_picked":["Barrage","Rebound"],"picked":"Sweeping Beam","floor":10},{"not_picked":["Aggregate","Gash"],"picked":"Coolheaded","floor":12}],"player_experience":522328,"relics_obtained":[{"floor":7,"key":"Omamori"},{"floor":9,"key":"War Paint"},{"floor":10,"key":"Bronze Scales"},{"floor":12,"key":"Boot"}],"event_choices":[{"damage_healed":0,"gold_gain":0,"cards_transformed":["Strike_B"],"player_choice":"Change","damage_taken":0,"max_hp_gain":0,"max_hp_loss":0,"event_name":"Living Wall","floor":3,"gold_loss":0,"cards_obtained":["Creative AI"]},{"damage_healed":0,"gold_gain":0,"player_choice":"Ignored","damage_taken":0,"max_hp_gain":0,"max_hp_loss":0,"event_name":"Golden Idol","floor":5,"gold_loss":0}],"is_beta":false,"boss_relics":[],"items_purged_floors":[11],"is_endless":false,"potions_floor_spawned":[1,2,8,10],"killed_by":"Slime Boss","ascension_level":6}