{"gold_per_floor":[115,63,63,63,10,10,22,34,34,34,61,61,89,101,101,175,175,188,206,216,69,69,69,80,106,106,106,156,182,182,202,202,277,277,295,306,306],"floor_reached":37,"playtime":1148,"items_purged":["Strike_R"],"score":730,"play_id":"94dfdd8f-8a54-490a-bfec-eac0876a89ce","local_time":"20190501175215","is_ascension_mode":true,"campfire_choices":[{"data":"Iron Wave","floor":6,"key":"SMITH"},{"data":"Uppercut","floor":10,"key":"SMITH"},{"data":"Disarm","floor":12,"key":"SMITH"},{"data":"Inflame","floor":15,"key":"SMITH"},{"data":"Double Tap","floor":23,"key":"SMITH"},{"data":"Sword Boomerang","floor":27,"key":"SMITH"},{"floor":32,"key":"REST"}],"neow_cost":"NONE","seed_source_timestamp":17248940858225,"circlet_count":0,"master_deck":["AscendersBane","Strike_R+1","Strike_R+1","Defend_R+1","Defend_R+1","Defend_R+1","Bash","Iron Wave+1","Pommel Strike","Shrug It Off","Uppercut+1","Disarm+1","Inflame+1","Double Tap+1","Metallicize","Shrug It Off+1","Battle Trance","Sword Boomerang+1","Feed","Cleave+1","Demon Form+1","Clash+1","Disarm"],"relics":["Burning Blood","Dream Catcher","Ornamental Fan","Boot","Blue Candle","Velvet Choker","Darkstone Periapt","Singing Bowl","Vajra","Astrolabe"],"potions_floor_usage":[11,11,13,25,33,33],"damage_taken":[{"damage":12,"enemies":"Jaw Worm","floor":1,"turns":2},{"damage":7,"enemies":"2 Louse","floor":7,"turns":2},{"damage":0,"enemies":"Small Slimes","floor":8,"turns":3},{"damage":7,"enemies":"Gremlin Nob","floor":11,"turns":4},{"damage":7,"enemies":"Lagavulin","floor":13,"turns":5},{"damage":11,"enemies":"Gremlin Gang","floor":14,"turns":5},{"damage":15,"enemies":"The Guardian","floor":16,"turns":12},{"damage":7,"enemies":"Chosen","floor":18,"turns":4},{"damage":6,"enemies":"Shell Parasite","floor":19,"turns":5},{"damage":1,"enemies":"Centurion and Healer","floor":20,"turns":7},{"damage":0,"enemies":"Chosen and Byrds","floor":24,"turns":5},{"damage":30,"enemies":"Slavers","floor":25,"turns":8},{"damage":12,"enemies":"Book of Stabbing","floor":29,"turns":5},{"damage":12,"enemies":"Shelled Parasite and Fungi","floor":31,"turns":4},{"damage":60,"enemies":"Automaton","floor":33,"turns":11},{"damage":46,"enemies":"3 Darklings","floor":35,"turns":8},{"damage":15,"enemies":"3 Shapes","floor":36,"turns":5},{"damage":33,"enemies":"Spire Growth","floor":37,"turns":3}],"seed_played":"7229722627539233357","potions_obtained":[{"floor":1,"key":"EntropicBrew"},{"floor":8,"key":"Ancient Potion"},{"floor":13,"key":"Block Potion"},{"floor":25,"key":"BloodPotion"},{"floor":35,"key":"Weak Potion"}],"is_trial":false,"path_per_floor":["M","$","?","?","$","R","M","M","T","R","E","R","E","M","R","B",null,"M","M","M","$","?","R","M","E","T","R","?","E","?","M","R","B",null,"M","M","M"],"character_chosen":"IRONCLAD","items_purchased":["Pommel Strike","Shrug It Off","Battle Trance"],"campfire_rested":1,"item_purchase_floors":[2,5,21],"current_hp_per_floor":[62,62,39,39,39,39,38,44,44,44,43,43,42,37,37,28,63,62,62,67,67,67,67,73,49,49,49,49,45,41,37,62,16,65,28,24,0],"gold":306,"neow_bonus":"RANDOM_COMMON_RELIC","is_prod":false,"is_daily":false,"chose_seed":false,"campfire_upgraded":6,"win_rate":0,"timestamp":1556722335,"path_taken":["M","$","?","?","?","R","M","M","T","R","E","R","E","M","R","BOSS","M","M","M","$","?","R","M","E","T","R","?","E","?","M","R","BOSS","M","M","?"],"build_version":"2019-01-23","purchased_purges":1,"victory":false,"max_hp_per_floor":[75,75,75,75,75,75,75,75,75,75,75,75,75,75,75,75,75,75,75,75,75,75,75,75,75,75,75,75,77,77,79,81,81,81,84,89,89],"card_choices":[{"not_picked":["Infernal Blade","Body Slam"],"picked":"Iron Wave","floor":1},{"not_picked":["Headbutt","Burning Pact"],"picked":"Uppercut","floor":7},{"not_picked":["Sever Soul","Bloodletting","Clash"],"picked":"SKIP","floor":8},{"not_picked":["Clothesline","Sword Boomerang"],"picked":"Disarm","floor":11},{"not_picked":["Entrench","Burning Pact","Fire Breathing"],"picked":"SKIP","floor":13},{"not_picked":["Sentinel","Perfected Strike"],"picked":"Inflame","floor":14},{"not_picked":["Brutality","Barricade"],"picked":"Double Tap","floor":16},{"not_picked":["Warcry+1","Clothesline"],"picked":"Metallicize","floor":18},{"not_picked":["True Grit","Intimidate"],"picked":"Shrug It Off+1","floor":19},{"not_picked":["Reckless Charge","Heavy Blade","True Grit"],"picked":"SKIP","floor":20},{"not_picked":["Cleave","Iron Wave","Rupture+1"],"picked":"SKIP","floor":24},{"not_picked":["Carnage","Clothesline"],"picked":"Sword Boomerang","floor":25},{"not_picked":["Heavy Blade","Perfected Strike","Anger"],"picked":"Singing Bowl","floor":29},{"not_picked":["Evolve","Brutality","Havoc"],"picked":"Singing Bowl","floor":31},{"not_picked":["Searing Blow","Thunderclap+1","Rampage"],"picked":"Singing Bowl","floor":32},{"not_picked":["Brutality","Barricade"],"picked":"Feed","floor":33},{"not_picked":["Carnage","Body Slam"],"picked":"Disarm","floor":35},{"not_picked":["Power Through+1","Iron Wave","True Grit"],"picked":"Singing Bowl","floor":36}],"player_experience":872269,"relics_obtained":[{"floor":9,"key":"Ornamental Fan"},{"floor":11,"key":"Boot"},{"floor":13,"key":"Blue Candle"},{"floor":25,"key":"Darkstone Periapt"},{"floor":26,"key":"Singing Bowl"},{"floor":29,"key":"Vajra"}],"event_choices":[{"damage_healed":0,"gold_gain":0,"player_choice":"Entered Light","damage_taken":23,"max_hp_gain":0,"max_hp_loss":0,"event_name":"Shining Light","floor":3,"gold_loss":0,"cards_upgraded":["Strike_R","Strike_R"]},{"damage_healed":0,"gold_gain":0,"player_choice":"Leave","damage_taken":0,"max_hp_gain":0,"max_hp_loss":0,"event_name":"The Cleric","floor":4,"gold_loss":0},{"damage_healed":0,"gold_gain":0,"player_choice":"Simplicity","damage_taken":0,"max_hp_gain":0,"max_hp_loss":0,"event_name":"Back to Basics","floor":22,"gold_loss":0,"cards_upgraded":["Strike_R","Strike_R","Defend_R","Defend_R","Defend_R","Defend_R"]},{"damage_healed":0,"gold_gain":50,"player_choice":"Stole From Cult","damage_taken":0,"max_hp_gain":0,"max_hp_loss":0,"event_name":"Nest","floor":28,"gold_loss":0},{"damage_healed":0,"gold_gain":0,"player_choice":"Bought 0 Potions","damage_taken":0,"max_hp_gain":0,"max_hp_loss":0,"event_name":"The Woman in Blue","floor":30,"gold_loss":0}],"is_beta":false,"boss_relics":[{"not_picked":["Pandora\u0027s Box","Orrery"],"picked":"Velvet Choker"},{"not_picked":["Black Blood","Fusion Hammer"],"picked":"Astrolabe"}],"items_purged_floors":[21],"is_endless":false,"potions_floor_spawned":[1,8,13,14,20,25,29,31,35],"killed_by":"Spire Growth","ascension_level":15}