{"gold_per_floor":[112,112,122,141,0,35,35,35,103,119,135,169,169,181,181,181],"floor_reached":16,"playtime":1224,"items_purged":[],"score":165,"play_id":"f378f156-6d0a-40d3-9cfa-2888ffd8bce1","local_time":"20190709215301","is_ascension_mode":true,"campfire_choices":[{"data":"Inflame","floor":8,"key":"SMITH"},{"floor":13,"key":"REST"},{"data":"Immolate","floor":15,"key":"SMITH"}],"neow_cost":"NONE","seed_source_timestamp":4277164630700,"circlet_count":0,"master_deck":["Strike_R","Strike_R","Strike_R","Strike_R","Strike_R","Defend_R","Defend_R","Defend_R","Defend_R","Bash","Sword Boomerang","Blood for Blood","Doubt","Immolate+1","Shrug It Off","Inflame+1","Feed","Battle Trance","Uppercut","Whirlwind","Clothesline"],"relics":["Burning Blood","Bag of Marbles","Shuriken","Singing Bowl"],"potions_floor_usage":[12,16],"damage_taken":[{"damage":6,"enemies":"Cultist","floor":1,"turns":4},{"damage":6,"enemies":"2 Louse","floor":3,"turns":3},{"damage":0,"enemies":"Small Slimes","floor":4,"turns":3},{"damage":32,"enemies":"Gremlin Nob","floor":6,"turns":4},{"damage":26,"enemies":"3 Louse","floor":10,"turns":3},{"damage":0,"enemies":"Gremlin Gang","floor":11,"turns":1},{"damage":40,"enemies":"Lagavulin","floor":12,"turns":6},{"damage":11,"enemies":"2 Fungi Beasts","floor":14,"turns":3},{"damage":45,"enemies":"The Guardian","floor":16,"turns":10}],"seed_played":"-7937527393523405041","potions_obtained":[{"floor":6,"key":"SmokeBomb"},{"floor":10,"key":"Strength Potion"},{"floor":12,"key":"Explosive Potion"},{"floor":14,"key":"Ancient Potion"}],"is_trial":false,"path_per_floor":["M","?","M","M","$","E","$","R","T","M","M","E","R","M","R","B"],"character_chosen":"IRONCLAD","items_purchased":["Feed"],"campfire_rested":1,"item_purchase_floors":[5],"current_hp_per_floor":[88,88,88,88,88,62,62,62,62,45,51,17,44,44,44,0],"gold":181,"neow_bonus":"TEN_PERCENT_HP_BONUS","is_prod":false,"is_daily":false,"chose_seed":false,"campfire_upgraded":2,"win_rate":0,"timestamp":1562723581,"path_taken":["M","?","M","M","$","E","$","R","T","M","M","E","R","M","R","BOSS"],"build_version":"2019-07-05","purchased_purges":0,"victory":false,"max_hp_per_floor":[88,88,88,88,88,88,88,88,88,91,91,91,91,96,96,96],"card_choices":[{"not_picked":["Iron Wave","Wild Strike"],"picked":"Sword Boomerang","floor":1},{"not_picked":["Disarm","Headbutt"],"picked":"Shrug It Off","floor":3},{"not_picked":["Clothesline","Cleave"],"picked":"Inflame","floor":4},{"not_picked":["Seeing Red","Blood for Blood"],"picked":"Battle Trance","floor":6},{"not_picked":["Perfected Strike","Anger"],"picked":"Uppercut","floor":10},{"not_picked":["Entrench","Pommel Strike"],"picked":"Whirlwind","floor":11},{"not_picked":["Rage","Anger"],"picked":"Clothesline","floor":12},{"not_picked":["Pummel","Twin Strike","Entrench"],"picked":"Singing Bowl","floor":14}],"player_experience":468745,"relics_obtained":[{"floor":6,"key":"Bag of Marbles"},{"floor":9,"key":"Shuriken"},{"floor":12,"key":"Singing Bowl"}],"event_choices":[{"damage_healed":0,"gold_gain":0,"player_choice":"3 cards matched","damage_taken":0,"max_hp_gain":0,"max_hp_loss":0,"event_name":"Match and Keep!","floor":2,"gold_loss":0,"cards_obtained":["Blood for Blood","Doubt","Immolate"]}],"is_beta":false,"boss_relics":[],"items_purged_floors":[],"is_endless":false,"potions_floor_spawned":[6,10,12,14],"killed_by":"The Guardian","ascension_level":5}