{"gold_per_floor":[119,129,129,17,17,33,53,114,183,183,196,206,206,237,237,336,336,354,269,194,44,44,44,44],"floor_reached":24,"playtime":2019,"items_purged":["Strike_R"],"score":309,"play_id":"2db4348e-93a9-4431-9660-3a5222e7b2ca","local_time":"20190801204930","is_ascension_mode":true,"campfire_choices":[{"data":"Clothesline","floor":10,"key":"SMITH"},{"floor":13,"key":"REST"},{"data":"Bash","floor":15,"key":"SMITH"},{"floor":23,"key":"REST"}],"neow_cost":"NONE","seed_source_timestamp":611810638620432,"circlet_count":0,"master_deck":["Strike_R","Strike_R","Strike_R","Defend_R","Defend_R","Defend_R+1","Defend_R+1","Bash+1","Clothesline+1","Rampage","Evolve","Ghostly Armor","Power Through","Shrug It Off","Seeing Red","Ghostly Armor","Barricade","True Grit+1","Body Slam","Feel No Pain"],"relics":["Burning Blood","Du-Vu Doll","Omamori","Tiny Chest","WingedGreaves","Cursed Key","War Paint"],"potions_floor_usage":[14,20,24],"damage_taken":[{"damage":2,"enemies":"Jaw Worm","floor":1,"turns":3},{"damage":5,"enemies":"2 Louse","floor":2,"turns":4},{"damage":2,"enemies":"Cultist","floor":6,"turns":4},{"damage":16,"enemies":"Blue Slaver","floor":7,"turns":5},{"damage":25,"enemies":"3 Sentries","floor":8,"turns":11},{"damage":7,"enemies":"Looter","floor":11,"turns":4},{"damage":0,"enemies":"Red Slaver","floor":12,"turns":5},{"damage":0,"enemies":"Lagavulin","floor":14,"turns":6},{"damage":35,"enemies":"The Guardian","floor":16,"turns":17},{"damage":6,"enemies":"Chosen","floor":18,"turns":7},{"damage":34,"enemies":"2 Thieves","floor":20,"turns":5},{"damage":91,"enemies":"Gremlin Leader","floor":24,"turns":15}],"seed_played":"1981716797815743828","potions_obtained":[{"floor":1,"key":"Dexterity Potion"},{"floor":6,"key":"FearPotion"},{"floor":12,"key":"Explosive Potion"},{"floor":18,"key":"BloodPotion"}],"is_trial":false,"path_per_floor":["M","M","?","$","?","M","M","E","T","R","M","M","R","E","R","B",null,"M","?","M","$","?","R","E"],"character_chosen":"IRONCLAD","items_purchased":["Evolve","True Grit","Body Slam","Feel No Pain"],"campfire_rested":2,"item_purchase_floors":[4,21,21,21],"current_hp_per_floor":[76,77,65,65,65,69,59,40,40,40,39,45,69,75,75,46,72,72,72,44,44,44,68,0],"gold":44,"neow_bonus":"REMOVE_CARD","is_prod":false,"is_daily":false,"chose_seed":false,"campfire_upgraded":2,"win_rate":0,"timestamp":1564710570,"path_taken":["M","M","?","$","?","M","M","E","T","R","?","M","R","E","R","BOSS","M","?","M","$","?","R","E"],"build_version":"2019-07-17","purchased_purges":1,"victory":false,"max_hp_per_floor":[80,80,80,80,80,80,80,80,80,80,80,80,80,80,80,80,80,80,80,80,80,80,80,80],"card_choices":[{"not_picked":["Uppercut","Fire Breathing"],"picked":"Clothesline","floor":1},{"not_picked":["Clash","Burning Pact"],"picked":"Rampage","floor":2},{"not_picked":["Heavy Blade","Perfected Strike","Cleave"],"picked":"SKIP","floor":6},{"not_picked":["Rampage","Pommel Strike"],"picked":"Ghostly Armor","floor":7},{"not_picked":["Wild Strike","Infernal Blade"],"picked":"Power Through","floor":8},{"not_picked":["Cleave","Dropkick"],"picked":"Shrug It Off","floor":11},{"not_picked":["Bloodletting","Heavy Blade"],"picked":"Seeing Red","floor":12},{"not_picked":["Second Wind","Corruption"],"picked":"Ghostly Armor","floor":14},{"not_picked":["Offering","Fiend Fire"],"picked":"Barricade","floor":16},{"not_picked":["Sword Boomerang+1","Twin Strike","Cleave+1"],"picked":"SKIP","floor":18},{"not_picked":["Rampage","Anger","Cleave"],"picked":"SKIP","floor":20}],"player_experience":555436,"relics_obtained":[{"floor":8,"key":"Tiny Chest"},{"floor":14,"key":"WingedGreaves"}],"event_choices":[{"damage_healed":0,"gold_gain":0,"player_choice":"Success","damage_taken":12,"relics_obtained":["Du-Vu Doll"],"max_hp_gain":0,"max_hp_loss":0,"event_name":"Scrap Ooze","floor":3,"gold_loss":0},{"damage_healed":0,"gold_gain":0,"player_choice":"Gave Potion","damage_taken":0,"relics_obtained":["Omamori"],"max_hp_gain":0,"max_hp_loss":0,"event_name":"WeMeetAgain","floor":5,"gold_loss":0},{"damage_healed":0,"gold_gain":0,"player_choice":"Obtained Relic","damage_taken":0,"relics_obtained":["War Paint"],"max_hp_gain":0,"max_hp_loss":0,"event_name":"Addict","floor":19,"gold_loss":85},{"damage_healed":0,"gold_gain":0,"player_choice":"Upgraded","damage_taken":0,"max_hp_gain":0,"max_hp_loss":0,"event_name":"Upgrade Shrine","floor":22,"gold_loss":0,"cards_upgraded":["True Grit"]}],"is_beta":false,"boss_relics":[{"not_picked":["Tiny House","White Beast Statue"],"picked":"Cursed Key"}],"items_purged_floors":[4],"is_endless":false,"potions_floor_spawned":[1,6,12,18],"killed_by":"Gremlin Leader","ascension_level":7}