{"gold_per_floor":[115,115,80,96,27,56,56,82,109,109,126,126,142,168,168,168],"floor_reached":16,"playtime":843,"items_purged":[],"score":177,"play_id":"0ee7e8d9-6d1d-4adc-9e75-0dd74e00ae9e","local_time":"20190803173401","is_ascension_mode":true,"campfire_choices":[{"data":"Footwork","floor":7,"key":"SMITH"},{"floor":10,"key":"REST"},{"floor":15,"key":"REST"}],"neow_cost":"NONE","seed_source_timestamp":2746477743718,"circlet_count":0,"master_deck":["AscendersBane","Strike_G","Strike_G","Strike_G","Strike_G","Strike_G+1","Defend_G","Defend_G","Defend_G","Defend_G","Defend_G+1","Survivor","Neutralize","Cloak And Dagger","Dagger Spray","Footwork+1","Leg Sweep","Finisher","Predator","Deadly Poison"],"relics":["Ring of the Snake","Pen Nib","Potion Belt","PreservedInsect","Darkstone Periapt"],"potions_floor_usage":[14,16,16,16],"damage_taken":[{"damage":1,"enemies":"2 Louse","floor":1,"turns":3},{"damage":1,"enemies":"Jaw Worm","floor":4,"turns":4},{"damage":26,"enemies":"3 Sentries","floor":6,"turns":9},{"damage":20,"enemies":"Lagavulin","floor":8,"turns":13},{"damage":1,"enemies":"Cultist","floor":11,"turns":4},{"damage":3,"enemies":"Large Slime","floor":13,"turns":7},{"damage":3,"enemies":"3 Sentries","floor":14,"turns":5},{"damage":70,"enemies":"Slime Boss","floor":16,"turns":11}],"seed_played":"-4478751694502565031","potions_obtained":[{"floor":8,"key":"Dexterity Potion"},{"floor":12,"key":"Dexterity Potion"},{"floor":12,"key":"Fire Potion"},{"floor":12,"key":"FearPotion"},{"floor":13,"key":"Regen Potion"},{"floor":14,"key":"FearPotion"}],"is_trial":false,"path_per_floor":["M","?","?","M","$","E","R","E","T","R","M","?","M","E","R","B"],"character_chosen":"THE_SILENT","items_purchased":["Footwork"],"campfire_rested":2,"item_purchase_floors":[5],"current_hp_per_floor":[69,54,73,72,72,46,46,26,26,49,48,48,45,42,65,0],"gold":168,"neow_bonus":"TEN_PERCENT_HP_BONUS","is_prod":false,"is_daily":false,"chose_seed":false,"campfire_upgraded":1,"win_rate":0,"timestamp":1564846441,"path_taken":["M","?","?","M","?","E","R","E","T","R","M","?","M","E","R","BOSS"],"build_version":"2019-07-17","purchased_purges":0,"victory":false,"max_hp_per_floor":[77,77,77,77,77,77,77,77,77,77,77,77,77,77,77,77],"card_choices":[{"not_picked":["Sucker Punch","Bouncing Flask"],"picked":"Cloak And Dagger","floor":1},{"not_picked":["PiercingWail","Deflect"],"picked":"Dagger Spray","floor":4},{"not_picked":["Sucker Punch","Dodge and Roll"],"picked":"Leg Sweep","floor":6},{"not_picked":["Riddle With Holes","Flying Knee"],"picked":"Finisher","floor":8},{"not_picked":["Underhanded Strike","Quick Slash"],"picked":"Predator","floor":11},{"not_picked":["Underhanded Strike","Outmaneuver"],"picked":"Deadly Poison","floor":13},{"not_picked":["Venomology","Acrobatics","Bane"],"picked":"SKIP","floor":14}],"player_experience":707920,"relics_obtained":[{"floor":6,"key":"Pen Nib"},{"floor":8,"key":"Potion Belt"},{"floor":9,"key":"PreservedInsect"},{"floor":14,"key":"Darkstone Periapt"}],"event_choices":[{"damage_healed":0,"gold_gain":0,"player_choice":"Entered Light","damage_taken":15,"max_hp_gain":0,"max_hp_loss":0,"event_name":"Shining Light","floor":2,"gold_loss":0,"cards_upgraded":["Strike_G","Defend_G"]},{"damage_healed":19,"gold_gain":0,"player_choice":"Healed","damage_taken":0,"max_hp_gain":0,"max_hp_loss":0,"event_name":"The Cleric","floor":3,"gold_loss":35},{"damage_healed":0,"gold_gain":0,"player_choice":"Got Potions","damage_taken":0,"max_hp_gain":0,"max_hp_loss":0,"event_name":"Lab","floor":12,"gold_loss":0}],"is_beta":false,"boss_relics":[],"items_purged_floors":[],"is_endless":false,"potions_floor_spawned":[8,13,14],"killed_by":"Slime Boss","ascension_level":10}