{"gold_per_floor":[110,110,110,121,131,131,162,162,186,186,199,216,230,243,243,340,340,355,555,566,248,266,293,293,326,326,326,339,438,473,473,473,569,569,588,588,313,313,324,324,94,128,128,159,171,171,182,192,192,192,192,192,3,28,28],"floor_reached":56,"playtime":2799,"items_purged":["Strike_R","Strike_R","Armaments+1","Strike_R+1"],"score":1418,"play_id":"c0094a19-668c-465a-8b3a-01dc4c4a32a5","local_time":"20190704190502","is_ascension_mode":true,"campfire_choices":[{"data":"Feed","floor":6.0,"key":"SMITH"},{"data":"Shrug It Off","floor":8.0,"key":"SMITH"},{"data":"Bash","floor":10.0,"key":"SMITH"},{"data":"Spot Weakness","floor":15.0,"key":"SMITH"},{"data":"Limit Break","floor":24.0,"key":"SMITH"},{"data":"Flame Barrier","floor":27.0,"key":"SMITH"},{"data":"Metallicize","floor":32.0,"key":"SMITH"},{"floor":40.0,"key":"RECALL"},{"data":"Apotheosis","floor":46,"key":"SMITH"},{"data":"Metallicize","floor":49,"key":"SMITH"},{"data":"Warcry","floor":52,"key":"SMITH"}],"neow_cost":"PERCENT_DAMAGE","seed_source_timestamp":12620183743429,"circlet_count":0,"master_deck":["Strike_R+1","Defend_R","Defend_R","Defend_R","Bash+1","Feed+1","Spot Weakness+1","Shrug It Off+1","Clothesline","Metallicize+1","Limit Break+1","Metallicize","Shrug It Off","Warcry+1","Flame Barrier+1","Metallicize+1","Exhume","Shockwave+1","Burning Pact","Double Tap","Shrug It Off+1","Apotheosis+1","Corruption","Impervious","Feel No Pain+1"],"special_seed":0,"relics":["Burning Blood","PreservedInsect","Anchor","Philosopher\u0027s Stone","Membership Card","Happy Flower","Champion Belt","Meat on the Bone","Singing Bowl","Dead Branch","Runic Pyramid","Mummified Hand","Strawberry","Bag of Marbles","Omamori","Dream Catcher","Bag of Preparation","Letter Opener"],"potions_floor_usage":[55,55,55],"damage_taken":[{"damage":6.0,"enemies":"Small Slimes","floor":1.0,"turns":4.0},{"damage":3.0,"enemies":"Jaw Worm","floor":4.0,"turns":3.0},{"damage":1.0,"enemies":"Cultist","floor":5.0,"turns":3.0},{"damage":36.0,"enemies":"Lagavulin","floor":7.0,"turns":6.0},{"damage":7.0,"enemies":"3 Louse","floor":11.0,"turns":4.0},{"damage":10.0,"enemies":"Exordium Thugs","floor":12.0,"turns":3.0},{"damage":0.0,"enemies":"2 Fungi Beasts","floor":13.0,"turns":3.0},{"damage":0.0,"enemies":"3 Louse","floor":14.0,"turns":2.0},{"damage":49.0,"enemies":"The Guardian","floor":16.0,"turns":16.0},{"damage":3.0,"enemies":"Shell Parasite","floor":18.0,"turns":5.0},{"damage":24.0,"enemies":"Spheric Guardian","floor":20.0,"turns":6.0},{"damage":1.0,"enemies":"Centurion and Healer","floor":22.0,"turns":7.0},{"damage":17.0,"enemies":"Gremlin Leader","floor":23.0,"turns":8.0},{"damage":27.0,"enemies":"Slavers","floor":25.0,"turns":5.0},{"damage":19.0,"enemies":"Cultist and Chosen","floor":28.0,"turns":8.0},{"damage":28.0,"enemies":"Book of Stabbing","floor":30.0,"turns":8.0},{"damage":35.0,"enemies":"Champ","floor":33.0,"turns":12.0},{"damage":0.0,"enemies":"Orb Walker","floor":35.0,"turns":5.0},{"damage":30.0,"enemies":"3 Darklings","floor":39.0,"turns":7.0},{"damage":11.0,"enemies":"Giant Head","floor":42.0,"turns":8.0},{"damage":4,"enemies":"Reptomancer","floor":44,"turns":4},{"damage":0,"enemies":"Jaw Worm Horde","floor":45,"turns":5},{"damage":4,"enemies":"Sphere and 2 Shapes","floor":47,"turns":5},{"damage":2,"enemies":"Spire Growth","floor":48,"turns":3},{"damage":13,"enemies":"Awakened One","floor":50,"turns":5},{"damage":0,"enemies":"Shield and Spear","floor":54,"turns":5},{"damage":27,"enemies":"The Heart","floor":55,"turns":7}],"seed_played":"-1005200449927534426","potions_obtained":[{"floor":1.0,"key":"Fire Potion"},{"floor":7.0,"key":"EssenceOfSteel"},{"floor":12.0,"key":"AttackPotion"},{"floor":16.0,"key":"Swift Potion"},{"floor":25.0,"key":"EssenceOfSteel"},{"floor":39.0,"key":"Strength Potion"},{"floor":42,"key":"PowerPotion"},{"floor":54,"key":"LiquidBronze"}],"is_trial":false,"path_per_floor":["M","?","?","M","M","R","E","R","T","R","M","M","M","M","R","B",null,"M","?","M","$","M","E","R","E","T","R","M","?","E","?","R","B",null,"M","?","$","?","M","R","$","E","T","E","M","R","M","M","R","B",null,"R","$","E","B",null],"character_chosen":"IRONCLAD","items_purchased":["Membership Card","Happy Flower","Mummified Hand","Burning Pact","Double Tap","Bag of Marbles","Apotheosis","Bag of Preparation","Impervious"],"campfire_rested":0,"item_purchase_floors":[21,21,37,37,37,41,41,53,53],"current_hp_per_floor":[59,42,47,53,61,61,35,35,35,35,38,38,48,58,58,19,118,122,122,108,108,117,110,110,93,93,93,84,84,78,78,78,65,150,154,154,154,161,141,141,141,140,140,148,164,164,172,182,182,183,205,205,205,213,196],"gold":28,"neow_bonus":"THREE_RARE_CARDS","is_prod":false,"is_daily":false,"chose_seed":false,"campfire_upgraded":10,"win_rate":0,"timestamp":1562256302,"path_taken":["M","?","?","M","M","R","E","R","T","R","?","M","?","M","R","BOSS","M","?","?","$","M","E","R","E","T","R","M","?","E","?","R","BOSS","M","?","$","?","?","R","$","E","T","E","M","R","M","M","R","BOSS","R","$","E","BOSS"],"build_version":"2019-07-01","purchased_purges":4,"victory":true,"max_hp_per_floor":[83,83,88,91,94,94,98,98,98,98,102,106,110,114,114,118,118,122,122,126,126,130,134,134,138,138,138,142,142,146,146,146,150,150,154,154,154,161,165,165,165,169,169,175,185,185,191,197,197,205,205,205,205,213,217],"card_choices":[{"not_picked":["Offering","Brutality"],"picked":"Feed","floor":0.0},{"not_picked":["Bloodletting","Wild Strike","Iron Wave"],"picked":"SKIP","floor":1.0},{"not_picked":["Iron Wave","Pummel","Clothesline"],"picked":"SKIP","floor":4.0},{"not_picked":["Whirlwind","Second Wind"],"picked":"Spot Weakness","floor":5.0},{"not_picked":["Berserk","Disarm"],"picked":"Shrug It Off","floor":7.0},{"not_picked":["Fire Breathing","Wild Strike"],"picked":"Clothesline","floor":11.0},{"not_picked":["Havoc","True Grit"],"picked":"Metallicize","floor":12.0},{"not_picked":["Headbutt","Thunderclap","Havoc"],"picked":"SKIP","floor":13.0},{"not_picked":["Twin Strike","Havoc","Armaments"],"picked":"SKIP","floor":14.0},{"not_picked":["Berserk","Juggernaut"],"picked":"Limit Break","floor":16.0},{"not_picked":["Cleave","Wild Strike","Twin Strike"],"picked":"SKIP","floor":18.0},{"not_picked":["Searing Blow","Dropkick+1"],"picked":"Metallicize","floor":20.0},{"not_picked":["Clothesline","Body Slam"],"picked":"Shrug It Off","floor":22.0},{"not_picked":["Flex","Cleave"],"picked":"Warcry","floor":23.0},{"not_picked":["Bloodletting","Double Tap"],"picked":"Flame Barrier","floor":25.0},{"not_picked":["Searing Blow","Rage"],"picked":"Armaments+1","floor":28.0},{"not_picked":["Headbutt","Perfected Strike+1"],"picked":"Metallicize","floor":30.0},{"not_picked":["Bludgeon","Dark Embrace"],"picked":"Exhume","floor":33.0},{"not_picked":["Heavy Blade","Twin Strike"],"picked":"Shockwave+1","floor":35.0},{"not_picked":["Clothesline","Whirlwind+1"],"picked":"Shrug It Off+1","floor":39.0},{"not_picked":["Havoc+1","Anger"],"picked":"Corruption","floor":42},{"not_picked":["Shrug It Off+1","Fiend Fire","Thunderclap+1"],"picked":"Singing Bowl","floor":44},{"not_picked":["Pummel","Anger+1","Entrench+1"],"picked":"Singing Bowl","floor":45},{"not_picked":["Sentinel","Infernal Blade","Perfected Strike+1"],"picked":"Singing Bowl","floor":47},{"not_picked":["Bloodletting+1","Armaments+1","Power Through+1"],"picked":"Singing Bowl","floor":48},{"not_picked":["Shrug It Off","Twin Strike+1"],"picked":"Feel No Pain+1","floor":54}],"player_experience":1044076,"relics_obtained":[{"floor":7.0,"key":"PreservedInsect"},{"floor":9.0,"key":"Anchor"},{"floor":23.0,"key":"Champion Belt"},{"floor":25.0,"key":"Meat on the Bone"},{"floor":26.0,"key":"Singing Bowl"},{"floor":30.0,"key":"Dead Branch"},{"floor":42,"key":"Omamori"},{"floor":44,"key":"Dream Catcher"},{"floor":54,"key":"Letter Opener"}],"event_choices":[{"damage_healed":0.0,"max_hp_gain":0.0,"max_hp_loss":0.0,"gold_gain":0.0,"event_name":"Shining Light","player_choice":"Entered Light","floor":2.0,"gold_loss":0.0,"damage_taken":17.0,"cards_upgraded":["Strike_R","Strike_R"]},{"damage_healed":0.0,"max_hp_gain":5.0,"max_hp_loss":0.0,"gold_gain":0.0,"event_name":"Big Fish","player_choice":"Donut","floor":3.0,"gold_loss":0.0,"damage_taken":0.0},{"damage_healed":0.0,"max_hp_gain":0.0,"max_hp_loss":0.0,"gold_gain":250.0,"event_name":"The Joust","player_choice":"Bet on Owner","floor":19.0,"gold_loss":50.0,"damage_taken":0.0},{"damage_healed":0.0,"max_hp_gain":0.0,"max_hp_loss":0.0,"gold_gain":99.0,"event_name":"Nest","player_choice":"Stole From Cult","floor":29.0,"gold_loss":0.0,"damage_taken":0.0},{"cards_removed":["Strike_R"],"damage_healed":0.0,"max_hp_gain":0.0,"max_hp_loss":0.0,"gold_gain":0.0,"event_name":"Back to Basics","player_choice":"Elegance","floor":31.0,"gold_loss":0.0,"damage_taken":0.0},{"cards_removed":["Defend_R"],"damage_healed":0.0,"max_hp_gain":0.0,"max_hp_loss":0.0,"gold_gain":0.0,"event_name":"Falling","player_choice":"Removed Skill","floor":36.0,"gold_loss":0.0,"damage_taken":0.0},{"damage_healed":0.0,"max_hp_gain":0.0,"max_hp_loss":0.0,"gold_gain":0.0,"event_name":"WeMeetAgain","player_choice":"Gave Potion","floor":38.0,"gold_loss":0.0,"damage_taken":0.0,"relics_obtained":["Strawberry"]}],"is_beta":false,"boss_relics":[{"not_picked":["Runic Dome","Tiny House"],"picked":"Philosopher\u0027s Stone"},{"not_picked":["Velvet Choker","Calling Bell"],"picked":"Runic Pyramid"}],"items_purged_floors":[21,37,41,53],"is_endless":false,"potions_floor_spawned":[1,7,12,16,18,20,25,39,42,45,54],"ascension_level":1}