{"gold_per_floor":[10,10,10,10,24,24,38,58,135,166,166,316,104,118,118,193,193,212,212,112,112,129,129,86,86,86,86,104,104,115,134,134,134],"floor_reached":33,"playtime":1001,"items_purged":["Doubt","Defend_R"],"score":478,"play_id":"9da91ff2-1bc2-47c0-b5b5-b08be486b0c8","local_time":"20181104011158","is_ascension_mode":true,"campfire_choices":[{"data":"Thunderclap","floor":6.0,"key":"SMITH"},{"data":"Flex","floor":11.0,"key":"SMITH"},{"floor":15.0,"key":"REST"},{"data":"Armaments","floor":23.0,"key":"SMITH"},{"data":"Dramatic Entrance","floor":25.0,"key":"SMITH"},{"data":"Seeing Red","floor":27.0,"key":"SMITH"},{"data":"Offering","floor":29.0,"key":"SMITH"},{"floor":32.0,"key":"REST"}],"neow_cost":"NO_GOLD","seed_source_timestamp":42174751165740,"circlet_count":0,"master_deck":["AscendersBane","Strike_R","Strike_R","Strike_R","Defend_R","Defend_R+1","Bash+1","Forethought","Dramatic Entrance+1","Pommel Strike","Thunderclap+1","Flex+1","Clothesline","Immolate","Armaments+1","Shrug It Off","Offering+1","True Grit+1","Shrug It Off+1","Immolate+1","Flex+1","Seeing Red+1","Sword Boomerang","Fire Breathing"],"special_seed":0,"relics":["Burning Blood","Tiny Chest","Blood Vial","Astrolabe","Bottled Flame","Self Forming Clay"],"potions_floor_usage":[33,33],"damage_taken":[{"damage":8.0,"enemies":"2 Louse","floor":1.0,"turns":4.0},{"damage":0.0,"enemies":"Small Slimes","floor":5.0,"turns":3.0},{"damage":1.0,"enemies":"Cultist","floor":7.0,"turns":3.0},{"damage":7.0,"enemies":"Exordium Wildlife","floor":8.0,"turns":2.0},{"damage":19.0,"enemies":"Lagavulin","floor":10.0,"turns":6.0},{"damage":13.0,"enemies":"Exordium Thugs","floor":14.0,"turns":4.0},{"damage":56.0,"enemies":"Slime Boss","floor":16.0,"turns":10.0},{"damage":6.0,"enemies":"Chosen","floor":18.0,"turns":3.0},{"damage":0.0,"enemies":"Spheric Guardian","floor":22.0,"turns":3.0},{"damage":20.0,"enemies":"Centurion and Healer","floor":28.0,"turns":8.0},{"damage":14.0,"enemies":"Shelled Parasite and Fungi","floor":30.0,"turns":3.0},{"damage":6.0,"enemies":"Sentry and Sphere","floor":31.0,"turns":1.0},{"damage":107,"enemies":"Champ","floor":33,"turns":11}],"seed_played":"-5630206571925738161","potions_obtained":[{"floor":1.0,"key":"Energy Potion"},{"floor":8.0,"key":"FearPotion"},{"floor":14.0,"key":"Ancient Potion"},{"floor":18.0,"key":"AttackPotion"},{"floor":22.0,"key":"Block Potion"}],"is_trial":false,"path_per_floor":["M","?","?","$","M","R","M","M","T","E","R","?","$","M","R","B",null,"M","?","$","T","M","R","$","R","T","R","M","R","M","M","R","B"],"character_chosen":"IRONCLAD","items_purchased":["Immolate","Armaments","Seeing Red"],"campfire_rested":2,"item_purchase_floors":[13,13,24],"current_hp_per_floor":[66,43,43,43,49,49,54,53,53,40,40,40,40,35,57,9,59,61,61,61,61,69,69,69,69,69,69,57,57,51,53,75,0],"gold":134,"neow_bonus":"RANDOM_COLORLESS_2","is_prod":false,"is_daily":false,"chose_seed":false,"campfire_upgraded":6,"win_rate":0,"timestamp":1541283118,"path_taken":["M","?","?","$","M","R","M","M","T","E","R","?","$","M","R","BOSS","M","?","$","?","M","R","$","R","T","R","M","R","M","M","R","BOSS"],"build_version":"2018-11-01","purchased_purges":2,"victory":false,"max_hp_per_floor":[75,75,75,75,75,75,75,75,75,75,75,75,75,75,75,75,75,75,75,75,75,75,75,75,75,75,75,75,75,75,75,75,75],"card_choices":[{"not_picked":["Rampage","Seeing Red"],"picked":"Pommel Strike","floor":1.0},{"not_picked":["Anger","Pommel Strike"],"picked":"Thunderclap","floor":5.0},{"not_picked":["Pummel","Feel No Pain","Pommel Strike"],"picked":"SKIP","floor":7.0},{"not_picked":["Shrug It Off","Body Slam"],"picked":"Flex","floor":8.0},{"not_picked":["Sentinel","Wild Strike"],"picked":"Clothesline","floor":10.0},{"not_picked":["Warcry","Bloodletting"],"picked":"Shrug It Off","floor":14.0},{"not_picked":["Impervious","Limit Break"],"picked":"Offering","floor":16.0},{"not_picked":["Shrug It Off","Sword Boomerang","Entrench"],"picked":"SKIP","floor":18.0},{"not_picked":["Clash","Havoc","Anger"],"picked":"SKIP","floor":22.0},{"not_picked":["Seeing Red","Perfected Strike","Cleave+1"],"picked":"SKIP","floor":28.0},{"not_picked":["Perfected Strike","Twin Strike"],"picked":"Sword Boomerang","floor":30.0},{"not_picked":["Battle Trance","Twin Strike+1"],"picked":"Fire Breathing","floor":31.0}],"player_experience":496336,"relics_obtained":[{"floor":9.0,"key":"Tiny Chest"},{"floor":10.0,"key":"Blood Vial"},{"floor":21.0,"key":"Bottled Flame"},{"floor":26.0,"key":"Self Forming Clay"}],"event_choices":[{"damage_healed":0.0,"max_hp_gain":0.0,"max_hp_loss":0.0,"gold_gain":0.0,"event_name":"Shining Light","player_choice":"Entered Light","floor":2.0,"gold_loss":0.0,"damage_taken":23.0,"cards_upgraded":["Bash","Defend_R"]},{"damage_healed":0.0,"max_hp_gain":0.0,"max_hp_loss":0.0,"gold_gain":0.0,"event_name":"The Cleric","player_choice":"Leave","floor":3.0,"gold_loss":0.0,"damage_taken":0.0},{"damage_healed":0.0,"max_hp_gain":0.0,"max_hp_loss":0.0,"gold_gain":150.0,"event_name":"Liars Game","player_choice":"AGREE","floor":12.0,"gold_loss":0.0,"damage_taken":0.0,"cards_obtained":["Doubt"]},{"damage_healed":0.0,"max_hp_gain":0.0,"max_hp_loss":0.0,"gold_gain":0.0,"event_name":"Duplicator","player_choice":"Copied","floor":19.0,"gold_loss":0.0,"damage_taken":0.0,"cards_obtained":["Flex"]}],"is_beta":false,"boss_relics":[{"not_picked":["Tiny House","Eternal Feather"],"picked":"Astrolabe"}],"items_purged_floors":[13,20],"is_endless":false,"potions_floor_spawned":[1,8,14,18,22],"killed_by":"Champ","ascension_level":19}