{"gold_per_floor":[116,116,116,116,141,141,155,155,155,155,190,204,204,88,88,184,184,207,231,270,289,312,312,327,327,327,351,1,1,1,1,1,92,92,116,116,136,44,44,44,44,44,44,80,80,104,122,135,135,135],"floor_reached":51,"playtime":1397,"items_purged":["Strike_R","Defend_R"],"score":1306,"play_id":"7ca804b7-1600-4a91-aa24-45dad9b89f25","local_time":"20180911182356","is_ascension_mode":true,"campfire_choices":[{"data":"Thunderclap","floor":6.0,"key":"SMITH"},{"data":"Bludgeon","floor":8.0,"key":"SMITH"},{"data":"Strike_R","floor":10.0,"key":"SMITH"},{"data":"Defend_R","floor":13.0,"key":"SMITH"},{"data":"Flame Barrier","floor":15.0,"key":"SMITH"},{"floor":23.0,"key":"REST"},{"floor":25.0,"key":"REST"},{"data":"Inflame","floor":30.0,"key":"SMITH"},{"floor":32.0,"key":"REST"},{"floor":40.0,"key":"REST"},{"floor":42.0,"key":"REST"},{"floor":45.0,"key":"REST"},{"floor":49.0,"key":"REST"}],"neow_cost":"NONE","seed_source_timestamp":23177420201245,"circlet_count":0,"master_deck":["Strike_R+1","Strike_R+1","Defend_R+1","Defend_R","Bash+1","AscendersBane","Thunderclap+1","Bludgeon+1","Flame Barrier+1","Offering","Inflame+1","Flex","Shockwave+1","Reaper+1","Ghostly Armor","Necronomicurse","Double Tap","Uppercut+1","Immolate+1"],"special_seed":0,"relics":["Burning Blood","Golden Idol","FossilizedHelix","Singing Bowl","Empty Cage","Red Mask","Molten Egg 2","Orichalcum","Necronomicon","Fusion Hammer","Torii","Sundial","Meat on the Bone"],"potions_floor_usage":[50],"damage_taken":[{"damage":7.0,"enemies":"Small Slimes","floor":1.0,"turns":3.0},{"damage":1.0,"enemies":"Cultist","floor":5.0,"turns":3.0},{"damage":2.0,"enemies":"Jaw Worm","floor":7.0,"turns":3.0},{"damage":25.0,"enemies":"3 Sentries","floor":11.0,"turns":7.0},{"damage":6.0,"enemies":"Exordium Thugs","floor":12.0,"turns":3.0},{"damage":43.0,"enemies":"Slime Boss","floor":16.0,"turns":7.0},{"damage":0.0,"enemies":"3 Byrds","floor":18.0,"turns":1.0},{"damage":28.0,"enemies":"Shell Parasite","floor":19.0,"turns":5.0},{"damage":14.0,"enemies":"Masked Bandits","floor":20.0,"turns":4.0},{"damage":19.0,"enemies":"Centurion and Healer","floor":21.0,"turns":7.0},{"damage":0.0,"enemies":"Snake Plant","floor":22.0,"turns":3.0},{"damage":18.0,"enemies":"Sentry and Sphere","floor":24.0,"turns":5.0},{"damage":12.0,"enemies":"Centurion and Healer","floor":27.0,"turns":4.0},{"damage":26.0,"enemies":"Automaton","floor":33.0,"turns":6.0},{"damage":0.0,"enemies":"Orb Walker","floor":35.0,"turns":3.0},{"damage":11.0,"enemies":"3 Shapes","floor":37.0,"turns":5.0},{"damage":12.0,"enemies":"Mind Bloom Boss Battle","floor":39.0,"turns":5.0},{"damage":20.0,"enemies":"Giant Head","floor":44.0,"turns":6.0},{"damage":0.0,"enemies":"Reptomancer","floor":46.0,"turns":2.0},{"damage":63.0,"enemies":"4 Shapes","floor":47.0,"turns":11.0},{"damage":0.0,"enemies":"Sphere and 2 Shapes","floor":48.0,"turns":1.0},{"damage":64,"enemies":"Awakened One","floor":50,"turns":8}],"seed_played":"-384345600714018192","potions_obtained":[{"floor":18.0,"key":"GamblersBrew"},{"floor":20.0,"key":"Ancient Potion"},{"floor":21.0,"key":"Ancient Potion"},{"floor":39.0,"key":"AttackPotion"},{"floor":46.0,"key":"Strength Potion"}],"is_trial":false,"path_per_floor":["M","?","?","?","M","R","M","R","T","R","E","M","R","$","R","B",null,"M","M","?","M","M","R","M","R","T","M","$","?","R","?","R","B",null,"M","$","M","$","?","R","?","R","T","E","R","M","M","M","R","B"],"character_chosen":"IRONCLAD","items_purchased":["Flame Barrier","Orichalcum","Ghostly Armor","Uppercut+1"],"campfire_rested":7,"item_purchase_floors":[14,28,28,38],"current_hp_per_floor":[67,67,67,67,68,68,68,68,68,68,51,53,53,53,53,16,58,66,44,36,25,31,53,43,66,66,60,60,60,60,39,62,42,69,77,77,82,82,84,84,80,80,80,80,80,82,59,67,86,40],"gold":135,"neow_bonus":"UPGRADE_CARD","is_prod":false,"is_daily":false,"chose_seed":false,"campfire_upgraded":6,"win_rate":0,"timestamp":1536679436,"path_taken":["M","?","?","?","?","R","M","R","T","R","E","M","R","$","R","BOSS","M","M","?","M","M","R","M","R","T","M","$","?","R","?","R","BOSS","M","$","M","$","?","R","?","R","T","E","R","M","?","M","R","BOSS"],"build_version":"2018-09-06","purchased_purges":2,"victory":true,"max_hp_per_floor":[75,68,68,68,68,68,68,68,68,68,70,72,72,72,72,72,72,74,74,74,76,76,76,78,78,78,78,78,78,78,78,78,78,78,80,80,82,82,84,84,80,80,80,80,80,82,84,86,86,86],"card_choices":[{"not_picked":["Armaments","Heavy Blade","Perfected Strike"],"picked":"SKIP","floor":1.0},{"not_picked":["Combust","Iron Wave"],"picked":"Thunderclap","floor":5.0},{"not_picked":["True Grit","Anger"],"picked":"Bludgeon","floor":7.0},{"not_picked":["Anger","Twin Strike","Iron Wave"],"picked":"Singing Bowl","floor":11.0},{"not_picked":["Warcry","Armaments","Cleave"],"picked":"Singing Bowl","floor":12.0},{"not_picked":["Fiend Fire","Impervious"],"picked":"Offering","floor":16.0},{"not_picked":["Armaments","True Grit","Havoc"],"picked":"Singing Bowl","floor":18.0},{"not_picked":["Warcry","Armaments"],"picked":"Inflame","floor":19.0},{"not_picked":["Body Slam+1","Cleave"],"picked":"Flex","floor":20.0},{"not_picked":["Rampage+1","Warcry","Cleave"],"picked":"Singing Bowl","floor":21.0},{"not_picked":["Rage","Body Slam"],"picked":"Shockwave+1","floor":22.0},{"not_picked":["Rampage","Heavy Blade","Spot Weakness"],"picked":"Singing Bowl","floor":24.0},{"not_picked":["Corruption","Wild Strike+1"],"picked":"Reaper+1","floor":27.0},{"not_picked":["Demon Form","Offering"],"picked":"Double Tap","floor":33.0},{"not_picked":["Heavy Blade+1","Wild Strike+1","Flame Barrier"],"picked":"Singing Bowl","floor":35.0},{"not_picked":["Twin Strike+1","Clothesline+1","Combust"],"picked":"Singing Bowl","floor":37.0},{"not_picked":["Heavy Blade+1","Thunderclap+1","Burning Pact+1"],"picked":"Singing Bowl","floor":39.0},{"not_picked":["Brutality","Headbutt+1"],"picked":"Immolate+1","floor":44.0},{"not_picked":["Headbutt+1","Fire Breathing+1","Twin Strike+1"],"picked":"Singing Bowl","floor":46.0},{"not_picked":["Wild Strike+1","Metallicize","Clothesline+1"],"picked":"Singing Bowl","floor":47.0},{"not_picked":["True Grit","Corruption","Dual Wield"],"picked":"Singing Bowl","floor":48.0}],"player_experience":467012,"relics_obtained":[{"floor":9.0,"key":"FossilizedHelix"},{"floor":11.0,"key":"Singing Bowl"},{"floor":20.0,"key":"Red Mask"},{"floor":26.0,"key":"Molten Egg 2"},{"floor":31.0,"key":"Necronomicon"},{"floor":39.0,"key":"Torii"},{"floor":43.0,"key":"Sundial"},{"floor":44.0,"key":"Meat on the Bone"}],"event_choices":[{"event_name":"Golden Idol","player_choice":"Lose Max HP","floor":2.0,"damage_taken":0.0},{"event_name":"Accursed Blacksmith","player_choice":"Forge","floor":3.0,"damage_taken":0.0},{"event_name":"Living Wall","player_choice":"Forget","floor":4.0,"damage_taken":0.0},{"event_name":"Masked Bandits","player_choice":"Fought Bandits","floor":20.0,"damage_taken":0.0},{"event_name":"Ghosts","player_choice":"Ignored","floor":29.0,"damage_taken":0.0},{"event_name":"Cursed Tome","player_choice":"Obtained Book","floor":31.0,"damage_taken":0.0},{"event_name":"MindBloom","player_choice":"Fight","floor":39.0,"damage_taken":0.0},{"event_name":"Winding Halls","player_choice":"Max HP","floor":41.0,"damage_taken":0.0}],"is_beta":false,"boss_relics":[{"not_picked":["Eternal Feather","Calling Bell"],"picked":"Empty Cage"},{"not_picked":["Philosopher\u0027s Stone","Runic Pyramid"],"picked":"Fusion Hammer"}],"items_purged_floors":[14,28],"is_endless":false,"potions_floor_spawned":[18,20,21,33,39,46,47],"ascension_level":17}