{"gold_per_floor":[210,310,322,23,23,54,72,103,130,130,157,177,177,203,203,307,307,307,71,71,71,22,22,22,22,22,22,22,22,22,22,22,22,22,22,22,22,22,22,22,22,22,22,22,22,22,22,22,22,22],"floor_reached":51,"playtime":5180,"items_purged":["Strike_G"],"score":1126,"play_id":"71890094-836b-43bc-890a-19f39d97dd14","local_time":"20190806001330","is_ascension_mode":true,"campfire_choices":[{"data":"Neutralize","floor":13,"key":"SMITH"},{"floor":15,"key":"REST"},{"data":"1","floor":23,"key":"LIFT"},{"data":"2","floor":25,"key":"LIFT"},{"data":"3","floor":27,"key":"LIFT"},{"data":"Glass Knife","floor":30,"key":"SMITH"},{"floor":32,"key":"REST"},{"data":"Blade Dance","floor":40,"key":"SMITH"},{"data":"Cloak And Dagger","floor":42,"key":"SMITH"},{"data":"Cloak And Dagger","floor":47,"key":"SMITH"},{"floor":49,"key":"REST"}],"neow_cost":"NONE","seed_source_timestamp":2582039749117,"circlet_count":0,"master_deck":["AscendersBane","Strike_G","Strike_G","Strike_G","Strike_G","Defend_G","Defend_G","Defend_G","Defend_G","Defend_G","Survivor","Neutralize+1","Poisoned Stab","Dagger Throw","Backstab","Slice","Master of Strategy","Noxious Fumes","Flying Knee","Deflect","Blade Dance+1","Escape Plan","Cloak And Dagger+1","Glass Knife+1","Leg Sweep","Accuracy+1","Backstab","Decay","Accuracy+1","PiercingWail","Cloak And Dagger+1","Blade Dance+1","Malaise","Slice+1","Cloak And Dagger+1","Cloak And Dagger+1","Backflip+1","Backflip+1"],"relics":["Ring of the Snake","Vajra","Orichalcum","Strawberry","Girya","Frozen Egg 2","Ectoplasm","Potion Belt","Thread and Needle","WristBlade","Du-Vu Doll","MawBank","Ninja Scroll"],"potions_floor_usage":[6,8,16,29,29,33,48,50,50],"damage_taken":[{"damage":1,"enemies":"Cultist","floor":1,"turns":5},{"damage":1,"enemies":"Jaw Worm","floor":3,"turns":5},{"damage":19,"enemies":"3 Sentries","floor":6,"turns":7},{"damage":0,"enemies":"Small Slimes","floor":7,"turns":3},{"damage":12,"enemies":"Gremlin Nob","floor":8,"turns":3},{"damage":8,"enemies":"3 Sentries","floor":11,"turns":5},{"damage":0,"enemies":"Blue Slaver","floor":12,"turns":4},{"damage":6,"enemies":"Gremlin Nob","floor":14,"turns":4},{"damage":25,"enemies":"Hexaghost","floor":16,"turns":11},{"damage":3,"enemies":"Shell Parasite","floor":18,"turns":4},{"damage":5,"enemies":"Spheric Guardian","floor":21,"turns":3},{"damage":11,"enemies":"Shelled Parasite and Fungi","floor":28,"turns":5},{"damage":0,"enemies":"Snake Plant","floor":29,"turns":2},{"damage":0,"enemies":"Gremlin Leader","floor":31,"turns":5},{"damage":59,"enemies":"Automaton","floor":33,"turns":11},{"damage":1,"enemies":"3 Shapes","floor":35,"turns":3},{"damage":7,"enemies":"2 Orb Walkers","floor":39,"turns":4},{"damage":10,"enemies":"Giant Head","floor":41,"turns":6},{"damage":0,"enemies":"3 Darklings","floor":45,"turns":2},{"damage":0,"enemies":"Jaw Worm Horde","floor":46,"turns":2},{"damage":0,"enemies":"Transient","floor":48,"turns":5},{"damage":63,"enemies":"Awakened One","floor":50,"turns":11}],"seed_played":"-1358319146250858104","potions_obtained":[{"floor":7,"key":"Fruit Juice"},{"floor":11,"key":"Fire Potion"},{"floor":12,"key":"Explosive Potion"},{"floor":14,"key":"FearPotion"},{"floor":16,"key":"Fire Potion"},{"floor":28,"key":"GamblersBrew"},{"floor":35,"key":"SkillPotion"},{"floor":46,"key":"Fire Potion"},{"floor":48,"key":"SpeedPotion"}],"is_trial":false,"path_per_floor":["M","?","M","$","$","E","M","E","T","?","E","M","R","E","R","B",null,"M","$","?","M","$","R","?","R","T","R","M","M","R","E","R","B",null,"M","$","?","?","?","R","E","R","T","$","M","M","R","M","R","B",null],"character_chosen":"THE_SILENT","items_purchased":["Backstab","Slice","Master of Strategy","Explosive Potion","Accuracy+1","Backstab","PiercingWail"],"campfire_rested":3,"item_purchase_floors":[4,4,4,4,19,19,22],"current_hp_per_floor":[62,62,61,61,61,42,42,35,42,42,34,34,34,28,52,27,68,65,65,65,60,60,60,60,60,60,60,49,49,49,49,73,14,65,64,64,64,64,57,57,47,47,47,47,47,47,47,47,71,8],"gold":22,"neow_bonus":"HUNDRED_GOLD","is_prod":false,"is_daily":false,"chose_seed":false,"campfire_upgraded":5,"win_rate":0,"timestamp":1565043210,"path_taken":["M","?","M","?","$","E","?","E","T","?","E","M","R","E","R","BOSS","M","$","?","?","?","R","?","R","T","R","M","M","R","E","R","BOSS","M","?","?","?","?","R","E","R","T","$","M","M","R","M","R","BOSS"],"build_version":"2019-07-17","purchased_purges":1,"victory":true,"max_hp_per_floor":[70,70,70,70,70,70,70,75,82,82,82,82,82,82,82,82,82,82,82,82,82,82,82,82,82,82,82,82,82,82,82,82,82,82,82,82,82,82,82,82,82,82,82,82,82,82,82,82,82,82],"card_choices":[{"not_picked":["Underhanded Strike","Setup"],"picked":"Poisoned Stab","floor":1},{"not_picked":["Dodge and Roll","Heel Hook"],"picked":"Dagger Throw","floor":3},{"not_picked":["Flying Knee","Prepared"],"picked":"Noxious Fumes","floor":6},{"not_picked":["Bane","Quick Slash"],"picked":"Flying Knee","floor":7},{"not_picked":["All Out Attack","Unload"],"picked":"Deflect","floor":8},{"not_picked":["Deflect","Backflip"],"picked":"Blade Dance","floor":11},{"not_picked":["Underhanded Strike","Infinite Blades"],"picked":"Escape Plan","floor":12},{"not_picked":["Sucker Punch","Doppelganger"],"picked":"Cloak And Dagger","floor":14},{"not_picked":["Malaise","Doppelganger"],"picked":"Glass Knife","floor":16},{"not_picked":["Predator","Tactician+1"],"picked":"Leg Sweep","floor":18},{"not_picked":["Prepared","All Out Attack+1"],"picked":"Accuracy+1","floor":21},{"not_picked":["Prepared","Deflect"],"picked":"Cloak And Dagger","floor":28},{"not_picked":["Flechettes","All Out Attack"],"picked":"Dagger Spray+1","floor":29},{"not_picked":["Skewer+1","Leg Sweep"],"picked":"Blade Dance+1","floor":31},{"not_picked":["Night Terror","Phantasmal Killer"],"picked":"Malaise","floor":33},{"not_picked":["Bane","Heel Hook"],"picked":"Slice+1","floor":35},{"not_picked":["Dodge and Roll+1","Unload"],"picked":"Cloak And Dagger","floor":39},{"not_picked":["Prepared","Acrobatics+1"],"picked":"Cloak And Dagger+1","floor":41},{"not_picked":["Concentrate","Escape Plan"],"picked":"Backflip+1","floor":45},{"not_picked":["Dagger Throw+1","Dash"],"picked":"Backflip+1","floor":46},{"not_picked":["Outmaneuver","Underhanded Strike+1","Quick Slash+1"],"picked":"SKIP","floor":48}],"player_experience":724682,"relics_obtained":[{"floor":6,"key":"Vajra"},{"floor":8,"key":"Orichalcum"},{"floor":9,"key":"Strawberry"},{"floor":11,"key":"Girya"},{"floor":14,"key":"Frozen Egg 2"},{"floor":26,"key":"Potion Belt"},{"floor":31,"key":"Thread and Needle"},{"floor":39,"key":"Du-Vu Doll"},{"floor":41,"key":"MawBank"},{"floor":43,"key":"Ninja Scroll"}],"event_choices":[{"damage_healed":0,"gold_gain":100,"player_choice":"Pray","damage_taken":0,"max_hp_gain":0,"max_hp_loss":0,"event_name":"Golden Shrine","floor":2,"gold_loss":0},{"damage_healed":0,"gold_gain":0,"player_choice":"Ignored","damage_taken":0,"max_hp_gain":0,"max_hp_loss":0,"event_name":"Liars Game","floor":10,"gold_loss":0},{"damage_healed":0,"gold_gain":0,"player_choice":"Cursed","damage_taken":0,"max_hp_gain":0,"max_hp_loss":0,"event_name":"Wheel of Change","floor":20,"gold_loss":0,"cards_obtained":["Decay"]},{"damage_healed":0,"gold_gain":0,"player_choice":"Forge","damage_taken":0,"max_hp_gain":0,"max_hp_loss":0,"event_name":"Accursed Blacksmith","floor":24,"gold_loss":0,"cards_upgraded":["Cloak And Dagger"]},{"damage_healed":0,"gold_gain":0,"player_choice":"Memory 1","damage_taken":0,"max_hp_gain":0,"max_hp_loss":0,"event_name":"SensoryStone","floor":37,"gold_loss":0},{"cards_removed":["Dagger Spray"],"damage_healed":0,"gold_gain":0,"player_choice":"Removed Attack","damage_taken":0,"max_hp_gain":0,"max_hp_loss":0,"event_name":"Falling","floor":38,"gold_loss":0},{"damage_healed":0,"gold_gain":0,"player_choice":"Fight","damage_taken":0,"max_hp_gain":0,"max_hp_loss":0,"event_name":"Mysterious Sphere","floor":39,"gold_loss":0}],"is_beta":false,"boss_relics":[{"not_picked":["Runic Dome","Philosopher\u0027s Stone"],"picked":"Ectoplasm"},{"not_picked":["Snecko Eye","Astrolabe"],"picked":"WristBlade"}],"items_purged_floors":[19],"is_endless":false,"potions_floor_spawned":[7,11,12,14,16,28,35,46,48],"ascension_level":11}