{"gold_per_floor":[111,122,136,211,40,40,74,74,121,53,69,69,98,110,110,207,207,221,221,239,239,239,239,265,265,288,298,33,33,43,62,62,164,164,181,181,191,201,214,214,36,36,60,91,107,34,34,53,53,53],"floor_reached":51,"playtime":2247,"items_purged":["Strike_G+1","Strike_G+1"],"score":740,"play_id":"c04c8a13-6068-4447-bc2d-445a231e1950","local_time":"20181205025325","is_ascension_mode":true,"campfire_choices":[{"data":"Cloak And Dagger","floor":6.0,"key":"SMITH"},{"floor":8.0,"key":"REST"},{"floor":12.0,"key":"REST"},{"data":"Noxious Fumes","floor":15.0,"key":"SMITH"},{"data":"Deadly Poison","floor":23.0,"key":"SMITH"},{"data":"Blade Dance","floor":25.0,"key":"SMITH"},{"data":"Burst","floor":29.0,"key":"SMITH"},{"floor":32.0,"key":"REST"},{"floor":40.0,"key":"REST"},{"floor":42.0,"key":"REST"},{"floor":47,"key":"REST"},{"floor":49,"key":"REST"}],"neow_cost":"NONE","seed_source_timestamp":52945618283934,"circlet_count":0,"master_deck":["Defend_G+1","Defend_G+1","Defend_G+1","Defend_G+1","Defend_G+1","Strike_G+1","Strike_G+1","Strike_G+1","Survivor","Neutralize","Dagger Throw","Noxious Fumes+1","Cloak And Dagger+1","Deadly Poison+1","Burst+1","Infinite Blades","Malaise","Blade Dance+1","Blade Dance+1","Acrobatics+1","Corpse Explosion","Accuracy","Caltrops+1","Parasite","Infinite Blades","Well Laid Plans+1"],"special_seed":0,"relics":["Ring of the Snake","Bag of Marbles","Bag of Preparation","Orichalcum","Black Star","Tingsha","Anchor","Bronze Scales","PreservedInsect","Strawberry","Philosopher\u0027s Stone","Regal Pillow","Letter Opener","Kunai"],"potions_floor_usage":[45,45,50,50],"damage_taken":[{"damage":5.0,"enemies":"Jaw Worm","floor":1.0,"turns":5.0},{"damage":0.0,"enemies":"Small Slimes","floor":2.0,"turns":3.0},{"damage":0.0,"enemies":"Cultist","floor":3.0,"turns":4.0},{"damage":26.0,"enemies":"Gremlin Nob","floor":7.0,"turns":6.0},{"damage":11.0,"enemies":"Exordium Thugs","floor":11.0,"turns":4.0},{"damage":18.0,"enemies":"3 Sentries","floor":13.0,"turns":6.0},{"damage":6.0,"enemies":"Exordium Wildlife","floor":14.0,"turns":4.0},{"damage":14.0,"enemies":"Hexaghost","floor":16.0,"turns":8.0},{"damage":12.0,"enemies":"Spheric Guardian","floor":18.0,"turns":4.0},{"damage":0.0,"enemies":"Chosen","floor":20.0,"turns":5.0},{"damage":16.0,"enemies":"Slavers","floor":24.0,"turns":8.0},{"damage":19.0,"enemies":"Shelled Parasite and Fungi","floor":27.0,"turns":7.0},{"damage":14.0,"enemies":"Cultist and Chosen","floor":30.0,"turns":6.0},{"damage":3.0,"enemies":"Snake Plant","floor":31.0,"turns":4.0},{"damage":39.0,"enemies":"Collector","floor":33.0,"turns":10.0},{"damage":0.0,"enemies":"Orb Walker","floor":35.0,"turns":4.0},{"damage":0.0,"enemies":"3 Shapes","floor":37.0,"turns":4.0},{"damage":14.0,"enemies":"Jaw Worm Horde","floor":38.0,"turns":4.0},{"damage":54.0,"enemies":"Spire Growth","floor":39.0,"turns":5.0},{"damage":30.0,"enemies":"Nemesis","floor":44.0,"turns":3.0},{"damage":13,"enemies":"Writhing Mass","floor":45,"turns":6},{"damage":10,"enemies":"Maw","floor":48,"turns":7},{"damage":56,"enemies":"Awakened One","floor":50,"turns":17}],"seed_played":"-5280476070759062620","potions_obtained":[{"floor":0.0,"key":"Dexterity Potion"},{"floor":0.0,"key":"EntropicBrew"},{"floor":0.0,"key":"Dexterity Potion"},{"floor":7.0,"key":"Swift Potion"},{"floor":13.0,"key":"GhostInAJar"},{"floor":27.0,"key":"FearPotion"},{"floor":31.0,"key":"Regen Potion"},{"floor":33.0,"key":"Dexterity Potion"},{"floor":38.0,"key":"SteroidPotion"},{"floor":39.0,"key":"AttackPotion"},{"floor":45,"key":"Poison Potion"}],"is_trial":false,"path_per_floor":["M","M","M","?","$","R","E","R","T","$","M","R","E","M","R","B",null,"M","?","M","?","?","R","E","R","T","M","$","R","M","M","R","B",null,"M","?","M","M","M","R","$","R","T","E","M","$","R","M","R","B",null],"character_chosen":"THE_SILENT","items_purchased":["Deadly Poison","Burst","Infinite Blades","Strawberry","Blade Dance","Accuracy","Infinite Blades"],"campfire_rested":7,"item_purchase_floors":[5,5,10,28,28,41,46],"current_hp_per_floor":[65,65,65,54,54,54,28,49,49,49,38,59,41,35,35,21,70,58,58,58,58,58,58,42,42,42,23,30,30,16,13,36,12,77,77,77,77,63,9,32,32,55,55,25,12,12,50,40,77,21],"gold":53,"neow_bonus":"THREE_SMALL_POTIONS","is_prod":false,"is_daily":false,"chose_seed":false,"campfire_upgraded":5,"win_rate":0,"timestamp":1543967605,"path_taken":["M","M","M","?","$","R","E","R","T","$","M","R","E","M","R","BOSS","M","?","M","?","?","R","E","R","T","M","$","R","M","M","R","BOSS","M","?","M","M","M","R","?","R","T","E","?","$","R","M","R","BOSS"],"build_version":"2018-11-15","purchased_purges":2,"victory":true,"max_hp_per_floor":[70,70,70,70,70,70,70,70,70,70,70,70,70,70,70,70,70,70,70,70,70,70,70,70,70,70,70,77,77,77,77,77,77,77,77,77,77,77,77,77,77,77,77,77,77,77,77,77,77,77],"card_choices":[{"not_picked":["Acrobatics","Catalyst"],"picked":"Dagger Throw","floor":1.0},{"not_picked":["Die Die Die","Choke"],"picked":"Noxious Fumes","floor":2.0},{"not_picked":["Poisoned Stab","Flying Knee"],"picked":"Cloak And Dagger","floor":3.0},{"not_picked":["Quick Slash","Wraith Form v2","Terror"],"picked":"SKIP","floor":7.0},{"not_picked":["Reflex","Heel Hook","Underhanded Strike"],"picked":"SKIP","floor":11.0},{"not_picked":["All Out Attack","Dagger Throw","Quick Slash"],"picked":"SKIP","floor":13.0},{"not_picked":["Sucker Punch","PiercingWail","Backflip"],"picked":"SKIP","floor":14.0},{"not_picked":["Tools of the Trade","Unload"],"picked":"Malaise","floor":16.0},{"not_picked":["Setup","Dagger Spray","Underhanded Strike"],"picked":"SKIP","floor":18.0},{"not_picked":["Reflex","Terror","Sucker Punch"],"picked":"SKIP","floor":20.0},{"not_picked":["Setup","Backflip+1"],"picked":"Blade Dance","floor":24.0},{"not_picked":["All Out Attack","Slice+1","Flechettes"],"picked":"SKIP","floor":27.0},{"not_picked":["Flechettes","Skewer+1","Eviscerate"],"picked":"SKIP","floor":30.0},{"not_picked":["Caltrops","Finisher"],"picked":"Acrobatics+1","floor":31.0},{"not_picked":["Doppelganger","Wraith Form v2"],"picked":"Corpse Explosion","floor":33.0},{"not_picked":["Slice","Poisoned Stab+1","Bane+1"],"picked":"SKIP","floor":35.0},{"not_picked":["Bane+1","Terror+1","Underhanded Strike+1"],"picked":"SKIP","floor":37.0},{"not_picked":["Dagger Spray+1","Cloak And Dagger","Underhanded Strike+1"],"picked":"SKIP","floor":38.0},{"not_picked":["Calculated Gamble","Deflect","Dagger Throw+1"],"picked":"SKIP","floor":39.0},{"not_picked":["Backflip+1","Grand Finale"],"picked":"Caltrops+1","floor":44.0},{"not_picked":["Expertise","Tactician","Prepared"],"picked":"SKIP","floor":45},{"not_picked":["Dagger Spray","Dodge and Roll"],"picked":"Well Laid Plans+1","floor":48}],"player_experience":564676,"relics_obtained":[{"floor":7.0,"key":"Bag of Marbles"},{"floor":9.0,"key":"Bag of Preparation"},{"floor":13.0,"key":"Orichalcum"},{"floor":24.0,"key":"Anchor"},{"floor":24.0,"key":"Bronze Scales"},{"floor":26.0,"key":"PreservedInsect"},{"floor":43.0,"key":"Regal Pillow"},{"floor":44.0,"key":"Letter Opener"},{"floor":44.0,"key":"Kunai"}],"event_choices":[{"damage_healed":0.0,"max_hp_gain":0.0,"max_hp_loss":0.0,"gold_gain":75.0,"event_name":"World of Goop","player_choice":"Gather Gold","floor":4.0,"gold_loss":0.0,"damage_taken":11.0},{"damage_healed":0.0,"max_hp_gain":0.0,"max_hp_loss":0.0,"gold_gain":0.0,"event_name":"The Mausoleum","player_choice":"Opened","floor":19.0,"gold_loss":0.0,"damage_taken":0.0,"relics_obtained":["Tingsha"]},{"damage_healed":0.0,"max_hp_gain":0.0,"max_hp_loss":0.0,"gold_gain":0.0,"event_name":"Back to Basics","player_choice":"Simplicity","floor":21.0,"gold_loss":0.0,"damage_taken":0.0,"cards_upgraded":["Defend_G","Defend_G","Defend_G","Defend_G","Defend_G","Strike_G","Strike_G","Strike_G","Strike_G","Strike_G"]},{"damage_healed":0.0,"max_hp_gain":0.0,"max_hp_loss":0.0,"gold_gain":0.0,"event_name":"Ghosts","player_choice":"Ignored","floor":22.0,"gold_loss":0.0,"damage_taken":0.0},{"damage_healed":0.0,"max_hp_gain":0.0,"max_hp_loss":0.0,"gold_gain":0.0,"event_name":"Accursed Blacksmith","player_choice":"Forge","floor":36.0,"gold_loss":0.0,"damage_taken":0.0,"cards_upgraded":["Blade Dance"]}],"is_beta":false,"boss_relics":[{"not_picked":["Tiny House","White Beast Statue"],"picked":"Black Star"},{"not_picked":["Runic Pyramid","Orrery"],"picked":"Philosopher\u0027s Stone"}],"items_purged_floors":[28,41],"is_endless":false,"potions_floor_spawned":[1,7,13,16,18,20,27,31,33,38,39,45],"ascension_level":1}