{"gold_per_floor":[112,124,199,215,227,227,254,254,254,269,303,303,322,350,350,448,448,448,448,143,143,143,143,143,143,143,4,4,4,4,4,4,4,4,4,4,4,4,4,4,4,4,4,4,4,4,4,4,4,4,4,4,4,4,4],"floor_reached":56,"playtime":2213,"items_purged":["Strike_G"],"score":1471,"play_id":"24a1cd83-cd29-4036-ab5e-6b6736061df9","local_time":"20190613201605","is_ascension_mode":true,"campfire_choices":[{"data":"Deadly Poison","floor":6.0,"key":"SMITH"},{"data":"Glass Knife","floor":12.0,"key":"SMITH"},{"data":"Poisoned Stab","floor":15.0,"key":"SMITH"},{"floor":24.0,"key":"REST"},{"data":"Well Laid Plans","floor":32.0,"key":"SMITH"},{"data":"Adrenaline","floor":42.0,"key":"SMITH"},{"floor":49,"key":"RECALL"},{"data":"Caltrops","floor":52,"key":"SMITH"}],"neow_cost":"NONE","seed_source_timestamp":31745176669688,"circlet_count":0,"master_deck":["Defend_G","Defend_G","Defend_G","Defend_G","Defend_G","Strike_G","Strike_G","Strike_G","Survivor","Neutralize+1","Escape Plan","Deadly Poison+1","Poisoned Stab+1","Backflip","After Image","Glass Knife+1","Deflect","Adrenaline+1","Catalyst+1","Tools of the Trade","Well Laid Plans+1","PiercingWail","Backflip","Caltrops+1","Corpse Explosion+1","Deadly Poison+1","Night Terror+1","Acrobatics+1","Malaise+1","Venomology+1","Blur+1","Flechettes+1","Catalyst+1"],"special_seed":0,"relics":["Ring of the Snake","Lantern","Vajra","Bottled Lightning","Boot","Ectoplasm","Membership Card","MutagenicStrength","Incense Burner","Mummified Hand","Blood Vial","OrangePellets","Toxic Egg 2","Lizard Tail","Singing Bowl","Pocketwatch","Paper Crane","Oddly Smooth Stone"],"potions_floor_usage":[54,55,55],"damage_taken":[{"damage":0.0,"enemies":"Small Slimes","floor":1.0,"turns":3.0},{"damage":1.0,"enemies":"Cultist","floor":2.0,"turns":4.0},{"damage":4.0,"enemies":"2 Louse","floor":4.0,"turns":3.0},{"damage":12.0,"enemies":"Exordium Thugs","floor":5.0,"turns":6.0},{"damage":16.0,"enemies":"Gremlin Nob","floor":7.0,"turns":4.0},{"damage":0.0,"enemies":"2 Fungi Beasts","floor":10.0,"turns":2.0},{"damage":7.0,"enemies":"3 Sentries","floor":11.0,"turns":9.0},{"damage":0.0,"enemies":"3 Louse","floor":13.0,"turns":3.0},{"damage":5.0,"enemies":"Lagavulin","floor":14.0,"turns":4.0},{"damage":12.0,"enemies":"The Guardian","floor":16.0,"turns":8.0},{"damage":0.0,"enemies":"Shell Parasite","floor":18.0,"turns":4.0},{"damage":0.0,"enemies":"Spheric Guardian","floor":19.0,"turns":3.0},{"damage":43.0,"enemies":"Gremlin Leader","floor":23.0,"turns":6.0},{"damage":2.0,"enemies":"Book of Stabbing","floor":25.0,"turns":4.0},{"damage":0.0,"enemies":"Snake Plant","floor":28.0,"turns":3.0},{"damage":0.0,"enemies":"Slavers","floor":29.0,"turns":4.0},{"damage":0.0,"enemies":"Centurion and Healer","floor":30.0,"turns":4.0},{"damage":0.0,"enemies":"Snecko","floor":31.0,"turns":3.0},{"damage":2.0,"enemies":"Champ","floor":33.0,"turns":7.0},{"damage":1.0,"enemies":"3 Shapes","floor":35.0,"turns":4.0},{"damage":0.0,"enemies":"3 Darklings","floor":38.0,"turns":3.0},{"damage":0.0,"enemies":"Nemesis","floor":40.0,"turns":5.0},{"damage":0,"enemies":"Reptomancer","floor":45,"turns":2},{"damage":13,"enemies":"Sphere and 2 Shapes","floor":46,"turns":5},{"damage":0,"enemies":"Writhing Mass","floor":47,"turns":4},{"damage":0,"enemies":"Nemesis","floor":48,"turns":3},{"damage":29,"enemies":"Awakened One","floor":50,"turns":13},{"damage":5,"enemies":"Shield and Spear","floor":54,"turns":4},{"damage":48,"enemies":"The Heart","floor":55,"turns":7}],"seed_played":"-6915602681479094366","potions_obtained":[{"floor":2.0,"key":"SpeedPotion"},{"floor":5.0,"key":"Regen Potion"},{"floor":11.0,"key":"FairyPotion"},{"floor":13.0,"key":"SpeedPotion"},{"floor":16.0,"key":"GhostInAJar"},{"floor":46,"key":"LiquidBronze"}],"is_trial":false,"path_per_floor":["M","M","?","M","M","R","E","?","T","M","E","R","M","E","R","B",null,"M","M","$","?","?","E","R","E","T","$","M","E","M","M","R","B",null,"M","?","$","M","?","E","$","R","T","?","E","M","M","E","R","B",null,"R","$","E","B",null],"character_chosen":"THE_SILENT","items_purchased":["Membership Card","Tools of the Trade","OrangePellets","PiercingWail","Backflip"],"campfire_rested":1,"item_purchase_floors":[20,20,27,27,27],"current_hp_per_floor":[70,69,58,54,42,42,26,26,26,26,34,34,34,29,29,17,70,70,70,70,70,70,27,48,46,46,46,48,50,52,54,54,54,70,69,66,66,66,66,68,68,68,68,68,68,55,57,59,59,32,68,68,68,63,17],"gold":4,"neow_bonus":"UPGRADE_CARD","is_prod":false,"is_daily":false,"chose_seed":false,"campfire_upgraded":6,"win_rate":0,"timestamp":1560446165,"path_taken":["M","M","?","M","M","R","E","?","T","M","E","R","?","E","R","BOSS","M","M","$","?","?","E","R","E","T","$","M","E","M","M","R","BOSS","M","?","$","M","?","E","$","R","T","?","E","?","M","E","R","BOSS","R","$","E","BOSS"],"build_version":"2019-01-23","purchased_purges":1,"victory":true,"max_hp_per_floor":[70,70,70,70,70,70,70,70,70,70,70,70,70,70,70,70,70,70,70,70,70,70,70,70,70,70,70,70,70,70,70,70,70,70,70,66,66,66,66,68,68,68,68,68,68,68,68,68,68,68,68,68,68,68,68],"card_choices":[{"not_picked":["Dodge and Roll","Acrobatics"],"picked":"Escape Plan","floor":1.0},{"not_picked":["Outmaneuver","Quick Slash"],"picked":"Deadly Poison","floor":2.0},{"not_picked":["Flying Knee","Envenom"],"picked":"Poisoned Stab","floor":4.0},{"not_picked":["Masterful Stab","Blade Dance"],"picked":"Backflip","floor":5.0},{"not_picked":["Wraith Form v2","Skewer"],"picked":"After Image","floor":7.0},{"not_picked":["Quick Slash","Prepared","Setup"],"picked":"SKIP","floor":10.0},{"not_picked":["Deadly Poison","Outmaneuver"],"picked":"Deflect","floor":11.0},{"not_picked":["Dagger Spray","Infinite Blades"],"picked":"Backstab","floor":13.0},{"not_picked":["Quick Slash","Infinite Blades","Setup"],"picked":"SKIP","floor":14.0},{"not_picked":["Wraith Form v2","Burst"],"picked":"Adrenaline","floor":16.0},{"not_picked":["Cloak And Dagger","Slice","Dagger Spray"],"picked":"SKIP","floor":18.0},{"not_picked":["Masterful Stab","Sucker Punch"],"picked":"Catalyst","floor":19.0},{"not_picked":["Phantasmal Killer","Prepared+1"],"picked":"Well Laid Plans","floor":23.0},{"not_picked":["Masterful Stab","Dagger Spray","Quick Slash+1"],"picked":"SKIP","floor":25.0},{"not_picked":["Dagger Spray","Poisoned Stab"],"picked":"Caltrops","floor":28.0},{"not_picked":["Acrobatics+1","Slice"],"picked":"Corpse Explosion","floor":29.0},{"not_picked":["Calculated Gamble+1","Dagger Spray"],"picked":"Deadly Poison+1","floor":30.0},{"not_picked":["Poisoned Stab","Flying Knee+1","Choke"],"picked":"SKIP","floor":31.0},{"not_picked":["Envenom","Grand Finale"],"picked":"Night Terror+1","floor":33.0},{"not_picked":["Acrobatics+1","Bane","Blade Dance+1"],"picked":"SKIP","floor":35.0},{"not_picked":["Bane","Blade Dance+1"],"picked":"Acrobatics+1","floor":35.0},{"not_picked":["Underhanded Strike+1","Acrobatics+1","Reflex+1"],"picked":"SKIP","floor":38.0},{"not_picked":["Expertise+1","Backstab+1","Backflip+1"],"picked":"Singing Bowl","floor":40.0},{"not_picked":["Distraction+1","Dodge and Roll+1"],"picked":"Malaise+1","floor":45},{"not_picked":["Dagger Throw+1","Flying Knee+1"],"picked":"Venomology+1","floor":46},{"not_picked":["Escape Plan+1","PiercingWail+1"],"picked":"Blur+1","floor":47},{"not_picked":["Dodge and Roll+1","Blade Dance+1"],"picked":"Flechettes+1","floor":48},{"not_picked":["Flying Knee+1","Sucker Punch"],"picked":"Catalyst+1","floor":54}],"player_experience":972652,"relics_obtained":[{"floor":7.0,"key":"Lantern"},{"floor":9.0,"key":"Vajra"},{"floor":11.0,"key":"Bottled Lightning"},{"floor":14.0,"key":"Boot"},{"floor":23.0,"key":"Incense Burner"},{"floor":25.0,"key":"Mummified Hand"},{"floor":26.0,"key":"Blood Vial"},{"floor":29.0,"key":"Toxic Egg 2"},{"floor":40.0,"key":"Singing Bowl"},{"floor":45,"key":"Pocketwatch"},{"floor":48,"key":"Paper Crane"},{"floor":54,"key":"Oddly Smooth Stone"}],"event_choices":[{"damage_healed":0.0,"max_hp_gain":0.0,"max_hp_loss":0.0,"gold_gain":75.0,"event_name":"World of Goop","player_choice":"Gather Gold","floor":3.0,"gold_loss":0.0,"damage_taken":11.0},{"damage_healed":0.0,"max_hp_gain":0.0,"max_hp_loss":0.0,"gold_gain":0.0,"cards_transformed":["Strike_G"],"event_name":"Transmorgrifier","player_choice":"Transformed","floor":8.0,"gold_loss":0.0,"damage_taken":0.0,"cards_obtained":["Glass Knife"]},{"damage_healed":0.0,"max_hp_gain":0.0,"max_hp_loss":0.0,"gold_gain":0.0,"event_name":"Drug Dealer","player_choice":"Inject Mutagens","floor":21.0,"gold_loss":0.0,"damage_taken":0.0,"relics_obtained":["MutagenicStrength"]},{"damage_healed":0.0,"max_hp_gain":0.0,"max_hp_loss":0.0,"gold_gain":0.0,"event_name":"Accursed Blacksmith","player_choice":"Forge","floor":22.0,"gold_loss":0.0,"damage_taken":0.0,"cards_upgraded":["Catalyst"]},{"damage_healed":0.0,"max_hp_gain":0.0,"max_hp_loss":4.0,"gold_gain":0.0,"event_name":"Winding Halls","player_choice":"Max HP","floor":36.0,"gold_loss":0.0,"damage_taken":0.0},{"cards_removed":["Backstab"],"damage_healed":0.0,"max_hp_gain":0.0,"max_hp_loss":0.0,"gold_gain":0.0,"event_name":"Falling","player_choice":"Removed Attack","floor":39.0,"gold_loss":0.0,"damage_taken":0.0},{"damage_healed":0,"gold_gain":0,"player_choice":"Ignored","damage_taken":0,"max_hp_gain":0,"max_hp_loss":0,"event_name":"SecretPortal","floor":44,"gold_loss":0}],"is_beta":false,"boss_relics":[{"not_picked":["Fusion Hammer","Orrery"],"picked":"Ectoplasm"},{"not_picked":["Snecko Eye","White Beast Statue"],"picked":"Lizard Tail"}],"items_purged_floors":[20],"is_endless":false,"potions_floor_spawned":[2,5,11,13,16,18,23,29,33,40,46],"ascension_level":1}