{"gold_per_floor":[115,7,21,21,31,31,64,75,99,99,64,64,64,80,80,185,185,200,219,219],"floor_reached":20,"playtime":1399,"items_purged":["Strike_R"],"score":174,"play_id":"5de63e11-fba8-48a4-b9b4-c76185560d81","local_time":"20190511100254","is_ascension_mode":false,"campfire_choices":[{"data":"Dual Wield","floor":6,"key":"SMITH"},{"floor":10,"key":"REST"},{"data":"Flame Barrier","floor":12,"key":"SMITH"},{"data":"Demon Form","floor":15,"key":"SMITH"}],"neow_cost":"TEN_PERCENT_HP_LOSS","seed_source_timestamp":361855947919291,"circlet_count":0,"master_deck":["Strike_R","Strike_R","Strike_R","Strike_R","Defend_R","Defend_R","Defend_R","Defend_R","Bash","Dual Wield+1","Feel No Pain","Evolve","Flame Barrier+1","Demon Form+1","Impervious","Shrug It Off+1","Wild Strike+1"],"relics":["Black Blood","Torii","GremlinMask","Centennial Puzzle"],"potions_floor_usage":[16,20],"damage_taken":[{"damage":2,"enemies":"Jaw Worm","floor":1,"turns":5},{"damage":3,"enemies":"Cultist","floor":3,"turns":5},{"damage":3,"enemies":"Small Slimes","floor":5,"turns":5},{"damage":64,"enemies":"3 Sentries","floor":7,"turns":17},{"damage":3,"enemies":"Looter","floor":8,"turns":5},{"damage":21,"enemies":"Gremlin Gang","floor":14,"turns":7},{"damage":35,"enemies":"Hexaghost","floor":16,"turns":11},{"damage":34,"enemies":"Spheric Guardian","floor":18,"turns":9},{"damage":18,"enemies":"3 Byrds","floor":19,"turns":7},{"damage":73,"enemies":"Cultist and Chosen","floor":20,"turns":6}],"seed_played":"-1357511499125643101","potions_obtained":[{"floor":1,"key":"SneckoOil"},{"floor":5,"key":"FairyPotion"},{"floor":7,"key":"Poison Potion"}],"is_trial":false,"path_per_floor":["M","$","M","?","M","R","E","M","T","R","?","R","$","M","R","B",null,"M","M","M"],"character_chosen":"IRONCLAD","items_purchased":["Feel No Pain"],"campfire_rested":1,"item_purchase_floors":[2],"current_hp_per_floor":[72,72,72,72,72,72,14,17,17,38,56,56,56,41,41,12,72,48,40,0],"gold":219,"neow_bonus":"ONE_RARE_RELIC","is_prod":false,"is_daily":false,"chose_seed":false,"campfire_upgraded":3,"win_rate":0,"timestamp":1557561774,"path_taken":["M","$","M","?","M","R","E","?","T","R","?","R","$","M","R","BOSS","M","M","M"],"build_version":"2019-01-23","purchased_purges":1,"victory":false,"max_hp_per_floor":[72,72,72,72,72,72,72,72,72,72,72,72,72,72,72,72,72,72,72,72],"card_choices":[{"not_picked":["Perfected Strike","Flex"],"picked":"Dual Wield","floor":1},{"not_picked":["Anger","Rupture","Havoc"],"picked":"SKIP","floor":3},{"not_picked":["Wild Strike","Iron Wave","Twin Strike"],"picked":"SKIP","floor":5},{"not_picked":["Sever Soul","Power Through"],"picked":"Evolve","floor":7},{"not_picked":["Rampage","Bloodletting"],"picked":"Flame Barrier","floor":8},{"not_picked":["Whirlwind","Cleave"],"picked":"Demon Form","floor":14},{"not_picked":["Feed","Juggernaut"],"picked":"Impervious","floor":16},{"not_picked":["Searing Blow","Rage"],"picked":"Shrug It Off+1","floor":18},{"not_picked":["Clothesline+1","Bloodletting"],"picked":"Wild Strike+1","floor":19}],"player_experience":249012,"relics_obtained":[{"floor":7,"key":"Centennial Puzzle"}],"event_choices":[{"damage_healed":0,"gold_gain":0,"player_choice":"Trade","damage_taken":0,"relics_obtained":["GremlinMask"],"max_hp_gain":0,"max_hp_loss":0,"event_name":"FaceTrader","floor":4,"gold_loss":0},{"damage_healed":18,"gold_gain":0,"player_choice":"Healed","damage_taken":0,"max_hp_gain":0,"max_hp_loss":0,"event_name":"The Cleric","floor":11,"gold_loss":35}],"is_beta":false,"boss_relics":[{"not_picked":["Runic Dome","Tiny House"],"picked":"Black Blood"}],"items_purged_floors":[2],"is_endless":false,"potions_floor_spawned":[1,5,7,14],"killed_by":"Cultist and Chosen","ascension_level":0}