{"gold_per_floor":[110,110,126,145,145,188,188,232,256,256,271,271,311,326,326,446,446,465,481,481,4,23,23,23,23,23,23,41,41,41,80,80,80],"floor_reached":33,"playtime":2373,"items_purged":["Strike_B"],"score":368,"play_id":"728992c7-0228-4f96-a71a-dfe9479345f4","local_time":"20190804004458","is_ascension_mode":true,"campfire_choices":[{"floor":7,"key":"REST"},{"floor":10,"key":"REST"},{"floor":12,"key":"REST"},{"floor":15,"key":"REST"},{"data":"Streamline","floor":23,"key":"SMITH"},{"data":"Hologram","floor":25,"key":"SMITH"},{"floor":30,"key":"REST"},{"floor":32,"key":"REST"}],"neow_cost":"NONE","seed_source_timestamp":1658722537397000,"circlet_count":0,"master_deck":["Strike_B","Strike_B","Defend_B","Defend_B","Defend_B","Defend_B","Zap","Dualcast","Turbo","Coolheaded","Genetic Algorithm","Core Surge+1","Ball Lightning+1","Cold Snap","Stack","Sweeping Beam","Hologram+1","Cold Snap","Sweeping Beam","Multi-Cast","Leap+1","Streamline+1","Core Surge+1","Machine Learning","Loop","Rip and Tear+1","Tempest+1","Loop"],"relics":["Cracked Core","Golden Idol","Dream Catcher","Whetstone","PreservedInsect","Orichalcum","Nuclear Battery","Pear","Art of War","Blue Candle","Nilry\u0027s Codex","Omamori"],"potions_floor_usage":[6,8,16,28],"damage_taken":[{"damage":2,"enemies":"Jaw Worm","floor":1,"turns":3},{"damage":0,"enemies":"Cultist","floor":3,"turns":3},{"damage":0,"enemies":"Small Slimes","floor":4,"turns":3},{"damage":63,"enemies":"Gremlin Nob","floor":6,"turns":5},{"damage":18,"enemies":"3 Sentries","floor":8,"turns":5},{"damage":20,"enemies":"Exordium Thugs","floor":11,"turns":5},{"damage":22,"enemies":"Gremlin Nob","floor":13,"turns":4},{"damage":0,"enemies":"3 Louse","floor":14,"turns":2},{"damage":26,"enemies":"Hexaghost","floor":16,"turns":12},{"damage":16,"enemies":"2 Thieves","floor":18,"turns":3},{"damage":2,"enemies":"Chosen","floor":19,"turns":5},{"damage":21,"enemies":"Snake Plant","floor":22,"turns":5},{"damage":6,"enemies":"Centurion and Healer","floor":28,"turns":6},{"damage":21,"enemies":"Book of Stabbing","floor":31,"turns":4},{"damage":47,"enemies":"Champ","floor":33,"turns":11}],"seed_played":"795230342559420004","potions_obtained":[{"floor":1,"key":"Explosive Potion"},{"floor":3,"key":"FocusPotion"},{"floor":8,"key":"LiquidBronze"},{"floor":13,"key":"Explosive Potion"},{"floor":14,"key":"SteroidPotion"},{"floor":18,"key":"Block Potion"},{"floor":28,"key":"SpeedPotion"}],"is_trial":false,"path_per_floor":["M","?","M","M","?","E","R","E","T","R","M","R","E","M","R","B",null,"M","M","?","$","M","R","?","R","T","?","M","?","R","E","R","B"],"character_chosen":"DEFECT","items_purchased":["Machine Learning","Pear"],"campfire_rested":6,"item_purchase_floors":[21,21],"current_hp_per_floor":[73,73,73,73,73,10,32,14,14,36,16,38,16,16,38,12,60,44,42,42,52,31,31,31,31,31,31,25,9,34,13,38,0],"gold":80,"neow_bonus":"TEN_PERCENT_HP_BONUS","is_prod":false,"is_daily":false,"chose_seed":false,"campfire_upgraded":2,"win_rate":0,"timestamp":1564893898,"path_taken":["M","?","M","M","?","E","R","E","T","R","?","R","E","M","R","BOSS","M","M","?","$","?","R","?","R","T","?","?","?","R","E","R","BOSS"],"build_version":"2019-07-17","purchased_purges":1,"victory":false,"max_hp_per_floor":[82,76,76,76,76,76,76,76,76,76,76,76,76,76,76,76,76,76,76,76,86,86,86,86,86,86,86,86,86,86,86,86,86],"card_choices":[{"not_picked":["Recycle","Leap"],"picked":"Turbo","floor":1},{"not_picked":["Self Repair","Aggregate"],"picked":"Coolheaded","floor":3},{"not_picked":["Hologram","Static Discharge"],"picked":"Genetic Algorithm","floor":4},{"not_picked":["Double Energy","Redo"],"picked":"Core Surge","floor":6},{"not_picked":["Force Field","Gash"],"picked":"Ball Lightning","floor":7},{"not_picked":["FTL","Turbo"],"picked":"Cold Snap","floor":8},{"not_picked":["Ball Lightning","Steam"],"picked":"Stack","floor":10},{"not_picked":["Reprogram","Undo"],"picked":"Sweeping Beam","floor":11},{"not_picked":["Rebound","Turbo"],"picked":"Hologram","floor":13},{"not_picked":["Leap","All For One"],"picked":"Cold Snap","floor":14},{"not_picked":["Beam Cell","Go for the Eyes"],"picked":"Sweeping Beam","floor":15},{"not_picked":["Rainbow","Amplify"],"picked":"Multi-Cast","floor":16},{"not_picked":["Barrage+1","Compile Driver"],"picked":"Leap+1","floor":18},{"not_picked":["Reprogram+1","Chill"],"picked":"Streamline","floor":19},{"not_picked":["Tempest","Conserve Battery"],"picked":"Loop","floor":22},{"not_picked":["Darkness","Heatsinks"],"picked":"Rip and Tear+1","floor":28},{"not_picked":["Recycle","Conserve Battery"],"picked":"Tempest+1","floor":31},{"not_picked":["Coolheaded","Hologram"],"picked":"Loop","floor":32}],"player_experience":528011,"relics_obtained":[{"floor":6,"key":"Dream Catcher"},{"floor":8,"key":"Whetstone"},{"floor":9,"key":"PreservedInsect"},{"floor":13,"key":"Orichalcum"},{"floor":26,"key":"Art of War"},{"floor":29,"key":"Nilry\u0027s Codex"},{"floor":31,"key":"Omamori"}],"event_choices":[{"damage_healed":0,"gold_gain":0,"player_choice":"Lose Max HP","damage_taken":0,"relics_obtained":["Golden Idol"],"max_hp_gain":0,"max_hp_loss":6,"event_name":"Golden Idol","floor":2,"gold_loss":0},{"cards_removed":["Strike_B"],"damage_healed":0,"gold_gain":0,"player_choice":"Purged","damage_taken":0,"max_hp_gain":0,"max_hp_loss":0,"event_name":"Purifier","floor":5,"gold_loss":0},{"damage_healed":0,"gold_gain":0,"player_choice":"Copied","damage_taken":0,"max_hp_gain":0,"max_hp_loss":0,"event_name":"Duplicator","floor":20,"gold_loss":0,"cards_obtained":["Core Surge"]},{"damage_healed":0,"gold_gain":0,"player_choice":"Gave Potion","damage_taken":0,"relics_obtained":["Blue Candle"],"max_hp_gain":0,"max_hp_loss":0,"event_name":"WeMeetAgain","floor":27,"gold_loss":0},{"damage_healed":0,"gold_gain":0,"player_choice":"Obtained Book","damage_taken":16,"max_hp_gain":0,"max_hp_loss":0,"event_name":"Cursed Tome","floor":29,"gold_loss":0}],"is_beta":false,"boss_relics":[{"not_picked":["Snecko Eye","Ectoplasm"],"picked":"Nuclear Battery"}],"items_purged_floors":[21],"is_endless":false,"potions_floor_spawned":[1,3,8,13,14,18,19,28],"killed_by":"Champ","ascension_level":6}