{"gold_per_floor":[109,124,137,62,78,78,91,91,91,102,102,52,52,52,52,151,151,162,178,78,96,96,96,114,114,114,114,114],"floor_reached":28,"playtime":1752,"items_purged":["Strike_R","Strike_R"],"score":210,"play_id":"ec138227-93b8-4294-ac7b-13740c693895","local_time":"20190411232934","is_ascension_mode":false,"campfire_choices":[{"data":"Double Tap","floor":6,"key":"SMITH"},{"data":"Searing Blow","floor":11,"key":"SMITH"},{"data":"Searing Blow+1","floor":13,"key":"SMITH"},{"data":"Searing Blow+2","floor":15,"key":"SMITH"},{"data":"Searing Blow+3","floor":23,"key":"SMITH"},{"data":"Searing Blow+4","floor":25,"key":"SMITH"},{"data":"Searing Blow+5","floor":27,"key":"SMITH"}],"neow_cost":"NONE","seed_source_timestamp":50923997025352,"circlet_count":0,"master_deck":["Strike_R","Strike_R","Defend_R","Defend_R","Defend_R","Defend_R","Bash","Double Tap+1","Searing Blow+6","Offering"],"relics":["Burning Blood","NeowsBlessing","Bottled Lightning","White Beast Statue","Blood Vial"],"potions_floor_usage":[5,16,21,24,24,28,28],"damage_taken":[{"damage":0,"enemies":"Cultist","floor":1,"turns":1},{"damage":0,"enemies":"Small Slimes","floor":2,"turns":1},{"damage":0,"enemies":"2 Louse","floor":3,"turns":1},{"damage":13,"enemies":"Gremlin Gang","floor":5,"turns":5},{"damage":20,"enemies":"Large Slime","floor":7,"turns":11},{"damage":11,"enemies":"Red Slaver","floor":10,"turns":3},{"damage":50,"enemies":"The Guardian","floor":16,"turns":7},{"damage":21,"enemies":"3 Byrds","floor":18,"turns":6},{"damage":11,"enemies":"Chosen","floor":19,"turns":3},{"damage":26,"enemies":"Sentry and Sphere","floor":21,"turns":6},{"damage":28,"enemies":"3 Cultists","floor":24,"turns":7},{"damage":24,"enemies":"Book of Stabbing","floor":28,"turns":2}],"seed_played":"-5696927314928437939","potions_obtained":[{"floor":3,"key":"PowerPotion"},{"floor":7,"key":"AttackPotion"},{"floor":10,"key":"Dexterity Potion"},{"floor":18,"key":"Ancient Potion"},{"floor":19,"key":"SkillPotion"},{"floor":21,"key":"Dexterity Potion"},{"floor":24,"key":"Energy Potion"}],"is_trial":false,"path_per_floor":["M","M","M","$","M","R","M","?","T","M","R","?","R","?","R","B",null,"M","M","$","M","?","R","M","R","T","R","E"],"character_chosen":"IRONCLAD","items_purchased":[],"campfire_rested":0,"item_purchase_floors":[],"current_hp_per_floor":[80,80,80,80,73,73,59,59,59,54,54,54,54,54,54,10,80,65,60,60,40,40,40,18,18,18,18,0],"gold":114,"neow_bonus":"THREE_ENEMY_KILL","is_prod":false,"is_daily":false,"chose_seed":false,"campfire_upgraded":7,"win_rate":0.0,"timestamp":1555018174,"path_taken":["M","M","M","$","?","R","M","?","T","M","R","?","R","?","R","BOSS","M","?","$","M","?","R","M","R","T","R","E"],"build_version":"2019-01-23","purchased_purges":2,"victory":false,"max_hp_per_floor":[80,80,80,80,80,80,80,80,80,80,80,80,80,80,80,80,80,80,80,80,80,80,80,80,80,80,80,80],"card_choices":[{"not_picked":["Cleave","Fire Breathing","Flex"],"picked":"SKIP","floor":1},{"not_picked":["Iron Wave","Disarm","Havoc"],"picked":"SKIP","floor":2},{"not_picked":["Cleave","Sentinel","Hemokinesis"],"picked":"SKIP","floor":3},{"not_picked":["Sever Soul","Heavy Blade"],"picked":"Double Tap","floor":5},{"not_picked":["Perfected Strike","Clothesline","Shrug It Off"],"picked":"SKIP","floor":7},{"not_picked":["Thunderclap","Feel No Pain"],"picked":"Searing Blow","floor":10},{"not_picked":["Flex","Havoc","Heavy Blade"],"picked":"SKIP","floor":18},{"not_picked":["Clash","Fire Breathing","Thunderclap"],"picked":"SKIP","floor":19},{"not_picked":["Wild Strike","Carnage+1","Anger"],"picked":"SKIP","floor":21},{"not_picked":["Rage","Wild Strike","Body Slam"],"picked":"SKIP","floor":24}],"player_experience":60820,"relics_obtained":[{"floor":9,"key":"Bottled Lightning"},{"floor":26,"key":"Blood Vial"}],"event_choices":[{"damage_healed":0,"gold_gain":0,"player_choice":"Ignored","damage_taken":0,"max_hp_gain":0,"max_hp_loss":0,"event_name":"Liars Game","floor":8,"gold_loss":0},{"cards_removed":["Strike_R"],"damage_healed":0,"gold_gain":0,"player_choice":"Card Removal","damage_taken":0,"max_hp_gain":0,"max_hp_loss":0,"event_name":"The Cleric","floor":12,"gold_loss":50},{"damage_healed":0,"gold_gain":0,"player_choice":"1 cards matched","damage_taken":0,"max_hp_gain":0,"max_hp_loss":0,"event_name":"Match and Keep!","floor":14,"gold_loss":0,"cards_obtained":["Offering"]},{"damage_healed":0,"gold_gain":0,"player_choice":"0 cards matched","damage_taken":0,"max_hp_gain":0,"max_hp_loss":0,"event_name":"Match and Keep!","floor":22,"gold_loss":0,"cards_obtained":[]}],"is_beta":false,"boss_relics":[{"not_picked":["Runic Cube","Runic Dome"],"picked":"White Beast Statue"}],"items_purged_floors":[4,20],"is_endless":false,"potions_floor_spawned":[3,7,10,18,19,21,24],"killed_by":"Book of Stabbing","ascension_level":0}