{"gold_per_floor":[111,111,41,41,41,41,101,101,154,154,188,203,220,248,248,345,345,356,213,230,230,36,36,49,67,112,112,127,157,175,209,209,312,312,332,332,332,348,348,348,363,376,399,414,414,446,11,28,28,28],"floor_reached":51,"playtime":2015,"items_purged":["Strike_B"],"score":1092,"play_id":"dbb5140f-0ec0-4d50-b876-6cffcaa3620d","local_time":"20181228132655","is_ascension_mode":true,"campfire_choices":[{"data":"Zap","floor":6.0,"key":"SMITH"},{"data":"Ball Lightning","floor":8.0,"key":"SMITH"},{"data":"Conserve Battery","floor":10.0,"key":"SMITH"},{"data":"Conserve Battery","floor":15.0,"key":"SMITH"},{"floor":23.0,"key":"REST"},{"floor":27.0,"key":"REST"},{"floor":32.0,"key":"REST"},{"floor":40.0,"key":"REST"},{"floor":45,"key":"REST"},{"floor":49,"key":"REST"}],"neow_cost":"NONE","seed_source_timestamp":86521440743089,"circlet_count":0,"master_deck":["Strike_B","Strike_B","Defend_B","Defend_B","Defend_B","Defend_B+1","Zap+1","Dualcast","Coolheaded","Conserve Battery+1","Ball Lightning+1","Conserve Battery+1","Melter","Steam","White Noise","Core Surge","Biased Cognition","White Noise","Capacitor","Rip and Tear","BootSequence","Amplify+1","Hologram+1","Cold Snap+1","Force Field","White Noise+1"],"special_seed":0,"relics":["Cracked Core","NeowsBlessing","Unceasing Top","Tiny Chest","Strawberry","Happy Flower","Singing Bowl","Fusion Hammer","Strange Spoon","Anchor","Juzu Bracelet","Vajra","Orrery","Shuriken","Ancient Tea Set","Ornamental Fan","ClockworkSouvenir","War Paint"],"potions_floor_usage":[41,50,50],"damage_taken":[{"damage":0.0,"enemies":"Small Slimes","floor":1.0,"turns":1.0},{"damage":0.0,"enemies":"Gremlin Nob","floor":7.0,"turns":1.0},{"damage":0.0,"enemies":"Lagavulin","floor":11.0,"turns":1.0},{"damage":0.0,"enemies":"Cultist","floor":12.0,"turns":4.0},{"damage":0.0,"enemies":"Jaw Worm","floor":13.0,"turns":3.0},{"damage":26.0,"enemies":"Gremlin Nob","floor":14.0,"turns":4.0},{"damage":2.0,"enemies":"Slime Boss","floor":16.0,"turns":7.0},{"damage":0.0,"enemies":"Spheric Guardian","floor":18.0,"turns":3.0},{"damage":2.0,"enemies":"Shell Parasite","floor":20.0,"turns":4.0},{"damage":21.0,"enemies":"Snake Plant","floor":24.0,"turns":4.0},{"damage":9.0,"enemies":"Sentry and Sphere","floor":25.0,"turns":4.0},{"damage":2.0,"enemies":"Snecko","floor":28.0,"turns":4.0},{"damage":20.0,"enemies":"Book of Stabbing","floor":29.0,"turns":5.0},{"damage":10.0,"enemies":"Snake Plant","floor":30.0,"turns":3.0},{"damage":15.0,"enemies":"Gremlin Leader","floor":31.0,"turns":6.0},{"damage":41.0,"enemies":"Automaton","floor":33.0,"turns":9.0},{"damage":14.0,"enemies":"Orb Walker","floor":35.0,"turns":4.0},{"damage":4.0,"enemies":"3 Shapes","floor":38.0,"turns":3.0},{"damage":14,"enemies":"Writhing Mass","floor":41,"turns":6},{"damage":16,"enemies":"4 Shapes","floor":42,"turns":10},{"damage":26,"enemies":"Transient","floor":44,"turns":5},{"damage":26,"enemies":"Nemesis","floor":46,"turns":7},{"damage":9,"enemies":"3 Darklings","floor":48,"turns":5},{"damage":65,"enemies":"Time Eater","floor":50,"turns":12}],"seed_played":"-25248774918942653","potions_obtained":[{"floor":5.0,"key":"Regen Potion"},{"floor":5.0,"key":"SkillPotion"},{"floor":5.0,"key":"SteroidPotion"},{"floor":18.0,"key":"PowerPotion"},{"floor":42,"key":"Ancient Potion"}],"is_trial":false,"path_per_floor":["M","?","$","$","?","R","E","R","T","R","E","M","M","E","R","B",null,"M","$","M","?","$","R","M","M","T","R","M","E","M","E","R","B",null,"M","?","?","M","T","R","M","M","T","M","R","E","$","M","R","B",null],"character_chosen":"DEFECT","items_purchased":["Conserve Battery","Ball Lightning","Capacitor","Strange Spoon","Force Field","ClockworkSouvenir","War Paint"],"campfire_rested":6,"item_purchase_floors":[3,3,19,22,47,47,47],"current_hp_per_floor":[68,68,68,68,68,68,68,68,75,75,75,75,75,49,49,47,73,73,73,73,73,73,84,65,58,58,84,84,66,58,43,71,30,84,72,72,68,66,66,99,87,73,73,49,83,59,59,50,85,35],"gold":28,"neow_bonus":"THREE_ENEMY_KILL","is_prod":false,"is_daily":false,"chose_seed":false,"campfire_upgraded":4,"win_rate":0,"timestamp":1545992815,"path_taken":["M","?","?","$","?","R","E","R","T","R","E","?","M","E","R","BOSS","M","$","M","?","?","R","M","M","T","R","M","E","M","E","R","BOSS","M","?","?","M","?","R","M","M","T","M","R","E","$","M","R","BOSS"],"build_version":"2018-12-20","purchased_purges":1,"victory":true,"max_hp_per_floor":[75,75,75,75,75,75,75,75,82,82,82,82,82,82,82,82,82,82,82,84,84,84,84,86,88,88,88,90,92,94,94,94,94,100,102,102,108,110,110,110,112,114,114,116,116,118,118,118,118,118],"card_choices":[{"not_picked":["Leap","Steam"],"picked":"Coolheaded","floor":1.0},{"not_picked":["Turbo","Barrage"],"picked":"Conserve Battery","floor":7.0},{"not_picked":["Redo","Reprogram"],"picked":"Melter","floor":11.0},{"not_picked":["Steam","Beam Cell","Sunder"],"picked":"SKIP","floor":12.0},{"not_picked":["Beam Cell","Sunder"],"picked":"Steam","floor":12.0},{"not_picked":["Ball Lightning","Stack"],"picked":"White Noise","floor":13.0},{"not_picked":["Heatsinks","Cold Snap"],"picked":"Core Surge","floor":14.0},{"not_picked":["Buffer","Amplify"],"picked":"Biased Cognition","floor":16.0},{"not_picked":["Tempest","Ball Lightning"],"picked":"White Noise","floor":18.0},{"not_picked":["FTL","Beam Cell","Cold Snap"],"picked":"Singing Bowl","floor":20.0},{"not_picked":["Beam Cell","Gash","Go for the Eyes"],"picked":"Singing Bowl","floor":24.0},{"not_picked":["Static Discharge","Go for the Eyes","Chaos"],"picked":"Singing Bowl","floor":25.0},{"not_picked":["Sweeping Beam","All For One","Stack"],"picked":"Singing Bowl","floor":28.0},{"not_picked":["Stack","Fusion","Steam Power+1"],"picked":"Singing Bowl","floor":29.0},{"not_picked":["Reprogram+1","Stack","Cold Snap+1"],"picked":"Singing Bowl","floor":30.0},{"not_picked":["Blizzard","Go for the Eyes"],"picked":"BootSequence","floor":31.0},{"not_picked":["Biased Cognition","Creative AI"],"picked":"Amplify","floor":33.0},{"not_picked":["Cold Snap","Sweeping Beam","Tempest+1"],"picked":"Singing Bowl","floor":34.0},{"not_picked":["Genetic Algorithm","Double Energy+1","Skim"],"picked":"Singing Bowl","floor":34.0},{"not_picked":["Ball Lightning","Leap"],"picked":"Hologram+1","floor":34.0},{"not_picked":["Hologram","Reprogram","Rebound"],"picked":"Singing Bowl","floor":34.0},{"not_picked":["Go for the Eyes","Core Surge"],"picked":"Cold Snap+1","floor":34.0},{"not_picked":["Lockon+1","Hologram+1","Self Repair"],"picked":"Singing Bowl","floor":35.0},{"not_picked":["Flash of Steel","Forethought","Secret Weapon"],"picked":"Singing Bowl","floor":37.0},{"not_picked":["Jack Of All Trades","PanicButton","Blind"],"picked":"Singing Bowl","floor":37.0},{"not_picked":["Forethought","Deep Breath","Chrysalis"],"picked":"Singing Bowl","floor":37.0},{"not_picked":["Ball Lightning","Sweeping Beam+1","Chaos"],"picked":"Singing Bowl","floor":38.0},{"not_picked":["FTL","Sweeping Beam+1","Undo+1"],"picked":"Singing Bowl","floor":41},{"not_picked":["Turbo+1","BootSequence","Lockon"],"picked":"Singing Bowl","floor":42},{"not_picked":["Hologram+1","Compile Driver","Streamline"],"picked":"Singing Bowl","floor":44},{"not_picked":["Loop","Rip and Tear+1","Self Repair+1"],"picked":"Singing Bowl","floor":46},{"not_picked":["Ball Lightning","Turbo+1"],"picked":"White Noise+1","floor":48}],"player_experience":612716,"relics_obtained":[{"floor":2.0,"key":"Unceasing Top"},{"floor":7.0,"key":"Tiny Chest"},{"floor":9.0,"key":"Strawberry"},{"floor":11.0,"key":"Happy Flower"},{"floor":14.0,"key":"Singing Bowl"},{"floor":26.0,"key":"Anchor"},{"floor":29.0,"key":"Juzu Bracelet"},{"floor":31.0,"key":"Vajra"},{"floor":39.0,"key":"Shuriken"},{"floor":43,"key":"Ancient Tea Set"},{"floor":46,"key":"Ornamental Fan"}],"event_choices":[{"damage_healed":0.0,"max_hp_gain":0.0,"max_hp_loss":0.0,"gold_gain":0.0,"event_name":"Wheel of Change","player_choice":"Relic","floor":2.0,"gold_loss":0.0,"damage_taken":0.0},{"damage_healed":0.0,"max_hp_gain":0.0,"max_hp_loss":0.0,"gold_gain":0.0,"event_name":"Lab","player_choice":"Got Potions","floor":5.0,"gold_loss":0.0,"damage_taken":0.0},{"damage_healed":0.0,"max_hp_gain":0.0,"max_hp_loss":0.0,"gold_gain":0.0,"cards_transformed":["Strike_B"],"event_name":"Transmorgrifier","player_choice":"Transformed","floor":21.0,"gold_loss":0.0,"damage_taken":0.0,"cards_obtained":["Rip and Tear"]},{"damage_healed":0.0,"max_hp_gain":0.0,"max_hp_loss":0.0,"gold_gain":0.0,"event_name":"Mysterious Sphere","player_choice":"Ignored","floor":36.0,"gold_loss":0.0,"damage_taken":0.0},{"damage_healed":0.0,"max_hp_gain":0.0,"max_hp_loss":0.0,"gold_gain":0.0,"event_name":"SensoryStone","player_choice":"Memory 3","floor":37.0,"gold_loss":0.0,"damage_taken":10.0}],"is_beta":false,"boss_relics":[{"not_picked":["Eternal Feather","Busted Crown"],"picked":"Fusion Hammer"},{"not_picked":["Cursed Key","Calling Bell"],"picked":"Orrery"}],"items_purged_floors":[19],"is_endless":false,"potions_floor_spawned":[7,11,12,14,18,20,24,28,38,42,44,48],"ascension_level":7}