{"gold_per_floor":[109,124,138,313,165,190,156,183,183,183,212,212,268,268,268,268],"floor_reached":16,"playtime":1499,"items_purged":["Doubt"],"score":158,"play_id":"c1ba4ac7-9dd4-431b-bde9-120451057c30","local_time":"20190717203908","is_ascension_mode":true,"campfire_choices":[{"data":"Flex","floor":10,"key":"SMITH"},{"floor":12,"key":"REST"},{"data":"Rage","floor":15,"key":"SMITH"}],"neow_cost":"TEN_PERCENT_HP_LOSS","seed_source_timestamp":175779407540100,"circlet_count":0,"master_deck":["Strike_R","Strike_R","Strike_R","Strike_R","Strike_R","Defend_R","Defend_R","Defend_R","Defend_R","Bash","Sword Boomerang","Wild Strike","Shrug It Off","Rage+1","Evolve","Flex+1","Headbutt","Metallicize"],"relics":["Burning Blood","WingedGreaves","Mummified Hand","Bottled Lightning","Matryoshka","Sundial","Tiny Chest"],"potions_floor_usage":[8,11],"damage_taken":[{"damage":6,"enemies":"2 Louse","floor":1,"turns":4},{"damage":0,"enemies":"Small Slimes","floor":2,"turns":3},{"damage":9,"enemies":"Jaw Worm","floor":3,"turns":3},{"damage":41,"enemies":"3 Sentries","floor":6,"turns":12},{"damage":12,"enemies":"Gremlin Nob","floor":8,"turns":3},{"damage":25,"enemies":"Lagavulin","floor":11,"turns":5},{"damage":12,"enemies":"3 Sentries","floor":13,"turns":7},{"damage":24,"enemies":"Hexaghost","floor":16,"turns":10}],"seed_played":"1357090151092911016","potions_obtained":[{"floor":1,"key":"PowerPotion"},{"floor":6,"key":"AttackPotion"},{"floor":11,"key":"EssenceOfSteel"}],"is_trial":false,"path_per_floor":["M","M","M","?","$","E","?","E","T","R","E","R","E","?","R","B"],"character_chosen":"IRONCLAD","items_purchased":["Rage"],"campfire_rested":1,"item_purchase_floors":[5],"current_hp_per_floor":[72,72,69,69,69,34,34,28,28,28,9,30,24,24,24,0],"gold":268,"neow_bonus":"ONE_RARE_RELIC","is_prod":false,"is_daily":false,"chose_seed":false,"campfire_upgraded":2,"win_rate":0,"timestamp":1563410348,"path_taken":["M","M","M","?","$","E","?","E","T","R","E","R","E","?","R","BOSS"],"build_version":"2019-07-05","purchased_purges":1,"victory":false,"max_hp_per_floor":[72,72,72,72,72,72,72,72,72,72,72,72,72,72,72,72],"card_choices":[{"not_picked":["Second Wind","Dropkick"],"picked":"Sword Boomerang","floor":1},{"not_picked":["Clash","Hemokinesis"],"picked":"Wild Strike","floor":2},{"not_picked":["Iron Wave","Warcry"],"picked":"Shrug It Off","floor":3},{"not_picked":["Entrench","Seeing Red"],"picked":"Evolve","floor":6},{"not_picked":["Havoc","Twin Strike"],"picked":"Flex","floor":8},{"not_picked":["Warcry","Heavy Blade"],"picked":"Headbutt","floor":11},{"not_picked":["Flex","Clothesline"],"picked":"Metallicize","floor":13}],"player_experience":484888,"relics_obtained":[{"floor":6,"key":"Mummified Hand"},{"floor":8,"key":"Bottled Lightning"},{"floor":9,"key":"Matryoshka"},{"floor":11,"key":"Sundial"},{"floor":13,"key":"Tiny Chest"}],"event_choices":[{"damage_healed":0,"gold_gain":175,"player_choice":"AGREE","damage_taken":0,"max_hp_gain":0,"max_hp_loss":0,"event_name":"Liars Game","floor":4,"gold_loss":0,"cards_obtained":["Doubt"]},{"damage_healed":0,"gold_gain":0,"player_choice":"Left Gold","damage_taken":0,"max_hp_gain":0,"max_hp_loss":0,"event_name":"World of Goop","floor":7,"gold_loss":34},{"damage_healed":0,"gold_gain":0,"player_choice":"Ignored","damage_taken":0,"max_hp_gain":0,"max_hp_loss":0,"event_name":"Shining Light","floor":14,"gold_loss":0}],"is_beta":false,"boss_relics":[],"items_purged_floors":[5],"is_endless":false,"potions_floor_spawned":[1,6,11],"killed_by":"Hexaghost","ascension_level":5}