{"gold_per_floor":[110,125,125,125,143,143,143,143,143,155,174,184,208,224,224,224],"floor_reached":16,"playtime":949,"items_purged":[],"score":94,"play_id":"59858924-a01b-47e9-bc34-f11a92288577","local_time":"20180724112420","is_ascension_mode":false,"campfire_choices":[{"data":"PiercingWail","floor":6,"key":"SMITH"},{"data":"Deadly Poison","floor":8,"key":"SMITH"},{"data":"Eviscerate","floor":15,"key":"SMITH"}],"neow_cost":"","seed_source_timestamp":9331822159789,"circlet_count":0,"master_deck":["Defend_G","Defend_G+1","Defend_G","Defend_G","Strike_G","Strike_G","Strike_G","Strike_G","Strike_G+1","Survivor","Neutralize","Deadly Poison+1","Prepared","Footwork","PiercingWail+1","Regret","Masterful Stab","Eviscerate+1","Skewer"],"relics":["Ring of the Snake","Bird Faced Urn","Question Card","Juzu Bracelet"],"potions_floor_usage":[10,10,16,16,16],"damage_taken":[{"damage":2,"enemies":"Jaw Worm","floor":1,"turns":5},{"damage":5,"enemies":"Small Slimes","floor":2,"turns":3},{"damage":0,"enemies":"Cultist","floor":5,"turns":4},{"damage":27,"enemies":"Large Slime","floor":10,"turns":7},{"damage":3,"enemies":"3 Louse","floor":11,"turns":5},{"damage":13,"enemies":"Exordium Wildlife","floor":12,"turns":5},{"damage":1,"enemies":"Exordium Thugs","floor":14,"turns":4},{"damage":20,"enemies":"Slime Boss","floor":16,"turns":3}],"seed_played":"-3356965595802446406","potions_obtained":[{"floor":1,"key":"EntropicBrew"},{"floor":2,"key":"Poison Potion"}],"is_trial":false,"path_per_floor":["M","M","?","?","M","R","?","R","T","M","M","M","T","M","R"],"character_chosen":"THE_SILENT","items_purchased":[],"campfire_rested":0,"item_purchase_floors":[],"current_hp_per_floor":[68,63,49,49,49,49,49,49,49,22,21,8,8,7,7,0],"gold":224,"neow_bonus":"","is_prod":false,"is_daily":false,"chose_seed":false,"campfire_upgraded":3,"win_rate":0.0,"timestamp":1532427860,"path_taken":["M","M","?","?","M","R","?","R","T","M","?","M","?","M","R","BOSS"],"build_version":"2018-07-19v2","purchased_purges":0,"victory":false,"max_hp_per_floor":[70,70,70,70,70,70,70,70,70,70,70,70,70,70,70,70],"card_choices":[{"not_picked":["Reflex","Outmaneuver"],"picked":"Deadly Poison","floor":1},{"not_picked":["PiercingWail","Underhanded Strike"],"picked":"Prepared","floor":2},{"not_picked":["Sucker Punch","Expertise"],"picked":"PiercingWail","floor":5},{"not_picked":["Dash","Deflect","Reflex"],"picked":"Masterful Stab","floor":10},{"not_picked":["Night Terror","PiercingWail","Backflip"],"picked":"Eviscerate","floor":11},{"not_picked":["Backflip","Deadly Poison","Reflex"],"picked":"Skewer","floor":12},{"not_picked":["Poisoned Stab","Underhanded Strike","Deflect","Well Laid Plans"],"picked":"SKIP","floor":14}],"player_experience":49491,"relics_obtained":[{"floor":9,"key":"Question Card"},{"floor":13,"key":"Juzu Bracelet"}],"event_choices":[{"event_name":"Shining Light","player_choice":"Entered Light","floor":3,"damage_taken":0},{"event_name":"Transmorgrifier","player_choice":"Transform","floor":4,"damage_taken":0},{"event_name":"Big Fish","player_choice":"Box","floor":7,"damage_taken":0}],"is_beta":false,"boss_relics":[],"items_purged_floors":[],"is_endless":false,"potions_floor_spawned":[1,2,10,14],"killed_by":"Slime Boss","ascension_level":0}