{"gold_per_floor":[15,30,49,14,14,14,53,53,53,66,104,104,51,67,67,163,163,179,179,195,214,57,57,93,93,93,93,93,114,128,172,172,266,329,345,678,259,278,298,324,324,337,364,364,379,379,159,174,174,174],"floor_reached":50,"playtime":3259,"items_purged":["Strike_G","Strike_G"],"score":955,"play_id":"2f931720-7f24-49fd-88d9-e3b9952e3083","local_time":"20190807012047","is_ascension_mode":true,"campfire_choices":[{"data":"Neutralize","floor":6,"key":"SMITH"},{"data":"Glass Knife","floor":8,"key":"SMITH"},{"floor":12,"key":"REST"},{"data":"Noxious Fumes","floor":15,"key":"SMITH"},{"data":"Cloak And Dagger","floor":23,"key":"SMITH"},{"data":"Endless Agony","floor":25,"key":"SMITH"},{"floor":28,"key":"REST"},{"floor":32,"key":"REST"},{"data":"Predator","floor":41,"key":"SMITH"},{"floor":44,"key":"REST"},{"floor":49,"key":"REST"}],"neow_cost":"NO_GOLD","seed_source_timestamp":35480622737369,"circlet_count":0,"master_deck":["AscendersBane","Strike_G+1","Strike_G","Strike_G","Defend_G","Defend_G+1","Defend_G","Defend_G+1","Defend_G","Survivor","Neutralize+1","Sucker Punch","Cloak And Dagger+1","Die Die Die","Glass Knife+1","Deadly Poison","Noxious Fumes+1","Backflip","Wraith Form v2+1","Footwork+1","Endless Agony+1","Acrobatics+1","Escape Plan","Footwork","Predator+1","Burst","Endless Agony","Cloak And Dagger","Wraith Form v2+1","Corpse Explosion","Slice+1","Blur","Accuracy"],"relics":["Ring of the Snake","The Specimen","Pantograph","Ninja Scroll","Matryoshka","WristBlade","PreservedInsect","Mercury Hourglass","War Paint","Question Card","Thread and Needle","Tiny House","DollysMirror","Snake Skull","Bag of Marbles","Ancient Tea Set","Shuriken"],"potions_floor_usage":[48,48,50],"damage_taken":[{"damage":1,"enemies":"Jaw Worm","floor":1,"turns":5},{"damage":0,"enemies":"2 Louse","floor":2,"turns":3},{"damage":0,"enemies":"Small Slimes","floor":3,"turns":4},{"damage":26,"enemies":"3 Sentries","floor":7,"turns":9},{"damage":2,"enemies":"Blue Slaver","floor":10,"turns":2},{"damage":7,"enemies":"Lagavulin","floor":11,"turns":5},{"damage":5,"enemies":"Red Slaver","floor":14,"turns":2},{"damage":11,"enemies":"Slime Boss","floor":16,"turns":9},{"damage":0,"enemies":"Spheric Guardian","floor":18,"turns":1},{"damage":18,"enemies":"Shell Parasite","floor":20,"turns":5},{"damage":7,"enemies":"3 Cultists","floor":21,"turns":4},{"damage":13,"enemies":"Gremlin Leader","floor":24,"turns":5},{"damage":0,"enemies":"Snecko","floor":29,"turns":3},{"damage":11,"enemies":"Centurion and Healer","floor":30,"turns":4},{"damage":3,"enemies":"Slavers","floor":31,"turns":2},{"damage":51,"enemies":"Collector","floor":33,"turns":11},{"damage":26,"enemies":"3 Darklings","floor":35,"turns":5},{"damage":0,"enemies":"Orb Walker","floor":38,"turns":4},{"damage":0,"enemies":"Transient","floor":39,"turns":5},{"damage":0,"enemies":"Giant Head","floor":40,"turns":10},{"damage":0,"enemies":"4 Shapes","floor":42,"turns":9},{"damage":0,"enemies":"Sphere and 2 Shapes","floor":45,"turns":4},{"damage":0,"enemies":"Spire Growth","floor":48,"turns":4},{"damage":82,"enemies":"Awakened One","floor":50,"turns":12}],"seed_played":"5014491539310408607","potions_obtained":[{"floor":2,"key":"GamblersBrew"},{"floor":10,"key":"GhostInAJar"},{"floor":18,"key":"Swift Potion"},{"floor":29,"key":"EntropicBrew"},{"floor":39,"key":"GhostInAJar"},{"floor":48,"key":"Swift Potion"}],"is_trial":false,"path_per_floor":["M","M","M","?","?","R","E","R","T","M","E","R","$","M","R","B",null,"M","?","M","M","$","R","E","R","T","?","R","M","M","E","R","B",null,"M","?","$","M","M","E","R","M","T","R","M","?","$","M","R","B"],"character_chosen":"THE_SILENT","items_purchased":["Backflip","PreservedInsect","DollysMirror","Corpse Explosion","Blur","Accuracy"],"campfire_rested":5,"item_purchase_floors":[13,22,37,37,47,47],"current_hp_per_floor":[58,58,58,66,50,50,24,24,24,22,15,34,34,29,29,43,60,60,60,42,35,35,35,22,22,22,22,41,41,30,27,46,15,58,32,32,32,32,32,32,32,32,32,53,53,53,53,53,71,0],"gold":174,"neow_bonus":"ONE_RARE_RELIC","is_prod":false,"is_daily":false,"chose_seed":false,"campfire_upgraded":6,"win_rate":0,"timestamp":1565133647,"path_taken":["M","M","M","?","?","R","E","R","T","M","E","R","$","M","R","BOSS","M","?","M","M","$","R","E","R","T","?","R","M","?","E","R","BOSS","M","?","$","M","M","E","R","M","T","R","M","?","$","M","R","BOSS"],"build_version":"2019-07-17","purchased_purges":2,"victory":false,"max_hp_per_floor":[66,66,66,66,66,66,66,66,66,66,66,66,66,66,66,66,66,66,66,66,66,66,66,66,66,66,66,66,66,66,66,66,66,71,71,71,71,71,71,71,71,71,71,71,71,71,71,71,71,71],"card_choices":[{"not_picked":["PiercingWail","Deflect"],"picked":"Sucker Punch","floor":1},{"not_picked":["Outmaneuver","Flying Knee"],"picked":"Cloak And Dagger","floor":2},{"not_picked":["Dodge and Roll","Cloak And Dagger"],"picked":"Die Die Die","floor":3},{"not_picked":["After Image","Accuracy"],"picked":"Glass Knife","floor":7},{"not_picked":["Backflip","Flying Knee"],"picked":"Deadly Poison","floor":10},{"not_picked":["Acrobatics","Slice"],"picked":"Noxious Fumes","floor":11},{"not_picked":["Deadly Poison","Underhanded Strike","Dodge and Roll"],"picked":"SKIP","floor":14},{"not_picked":["Bullet Time","Venomology"],"picked":"Wraith Form v2","floor":16},{"not_picked":["Acrobatics","Blade Dance"],"picked":"Footwork+1","floor":18},{"not_picked":["Setup","Slice"],"picked":"Acrobatics+1","floor":20},{"not_picked":["Distraction","Poisoned Stab","Flechettes"],"picked":"SKIP","floor":21},{"not_picked":["Poisoned Stab","Reflex"],"picked":"Escape Plan","floor":24},{"not_picked":["Calculated Gamble","Cloak And Dagger","Escape Plan"],"picked":"Footwork","floor":29},{"not_picked":["Acrobatics","Sucker Punch","Bullet Time","Underhanded Strike+1"],"picked":"SKIP","floor":30},{"not_picked":["Prepared","Eviscerate+1","Die Die Die"],"picked":"Predator","floor":31},{"not_picked":["Envenom","Phantasmal Killer","Glass Knife"],"picked":"Burst","floor":33},{"not_picked":["Slice","Blade Dance","Poisoned Stab"],"picked":"Endless Agony","floor":34},{"not_picked":["Setup","Sucker Punch","Calculated Gamble"],"picked":"Cloak And Dagger","floor":35},{"not_picked":["Blade Dance","Catalyst","Blur"],"picked":"Slice+1","floor":38},{"not_picked":["Quick Slash","Slice","PiercingWail","Dodge and Roll"],"picked":"SKIP","floor":39},{"not_picked":["Caltrops","Cloak And Dagger","Blade Dance","Sucker Punch"],"picked":"SKIP","floor":40},{"not_picked":["Tools of the Trade","Underhanded Strike","Dagger Throw","PiercingWail"],"picked":"SKIP","floor":42},{"not_picked":["Quick Slash","All Out Attack","Outmaneuver+1","Sucker Punch"],"picked":"SKIP","floor":45},{"not_picked":["Slice","Dagger Throw","Outmaneuver+1","PiercingWail"],"picked":"SKIP","floor":48}],"player_experience":740168,"relics_obtained":[{"floor":7,"key":"Pantograph"},{"floor":9,"key":"Ninja Scroll"},{"floor":11,"key":"Matryoshka"},{"floor":24,"key":"Mercury Hourglass"},{"floor":26,"key":"War Paint"},{"floor":26,"key":"Question Card"},{"floor":31,"key":"Thread and Needle"},{"floor":40,"key":"Snake Skull"},{"floor":43,"key":"Bag of Marbles"},{"floor":43,"key":"Ancient Tea Set"},{"floor":46,"key":"Shuriken"}],"event_choices":[{"damage_healed":16,"gold_gain":0,"player_choice":"Healed","damage_taken":0,"max_hp_gain":0,"max_hp_loss":0,"event_name":"The Cleric","floor":4,"gold_loss":35},{"damage_healed":0,"gold_gain":0,"player_choice":"Take Damage","damage_taken":16,"relics_obtained":["Golden Idol"],"max_hp_gain":0,"max_hp_loss":0,"event_name":"Golden Idol","floor":5,"gold_loss":0},{"damage_healed":0,"gold_gain":0,"player_choice":"Read","damage_taken":0,"max_hp_gain":0,"max_hp_loss":0,"event_name":"The Library","floor":19,"gold_loss":0,"cards_obtained":["Endless Agony"]},{"damage_healed":0,"gold_gain":0,"player_choice":"Upgraded","damage_taken":0,"max_hp_gain":0,"max_hp_loss":0,"event_name":"Upgrade Shrine","floor":27,"gold_loss":0,"cards_upgraded":["Wraith Form v2"]},{"damage_healed":0,"gold_gain":333,"player_choice":"Gave Idol","damage_taken":0,"max_hp_gain":0,"max_hp_loss":0,"event_name":"The Moai Head","floor":36,"relics_lost":["Golden Idol"],"gold_loss":0},{"damage_healed":0,"gold_gain":0,"player_choice":"Relic","damage_taken":0,"max_hp_gain":0,"max_hp_loss":0,"event_name":"Wheel of Change","floor":46,"gold_loss":0}],"is_beta":false,"boss_relics":[{"not_picked":["White Beast Statue","Empty Cage"],"picked":"WristBlade"},{"not_picked":["Lizard Tail","Velvet Choker"],"picked":"Tiny House"}],"items_purged_floors":[37,47],"is_endless":false,"potions_floor_spawned":[2,10,14,18,29,30,39,40,42,48],"killed_by":"Awakened One","ascension_level":14}