{"gold_per_floor":[113,129,55,55,55,55,81,81,81,81,94,60,118,143,143,246,246,262,361,361,6,25,25,54,54,54,54,72,85,85,98,98,197,197,214,114,114,134,149,149,149,161,161,161,0,12,43,43,43,43],"floor_reached":51,"playtime":3301,"items_purged":["Strike_B"],"score":957,"play_id":"f9783bd6-35b5-4dea-9bc7-632f9370f52d","local_time":"20181228151125","is_ascension_mode":true,"campfire_choices":[{"data":"Zap","floor":6.0,"key":"SMITH"},{"floor":8.0,"key":"REST"},{"data":"Defragment","floor":15,"key":"SMITH"},{"floor":23,"key":"REST"},{"floor":25,"key":"REST"},{"data":"Creative AI","floor":27,"key":"SMITH"},{"floor":30,"key":"REST"},{"floor":32,"key":"REST"},{"floor":40,"key":"REST"},{"floor":41,"key":"REST"},{"data":"Consume","floor":44,"key":"SMITH"},{"floor":49,"key":"REST"}],"neow_cost":"NONE","seed_source_timestamp":91563332956309,"circlet_count":0,"master_deck":["Strike_B+1","Strike_B+1","Defend_B","Defend_B","Defend_B","Defend_B","Zap+1","Dualcast","Go for the Eyes","Sunder","White Noise","Consume+1","Defragment+1","Leap","White Noise","Creative AI+1","Force Field","Force Field+1","Ball Lightning","BootSequence","Barrage+1","Conserve Battery","Darkness+1","Consume"],"special_seed":0,"relics":["FrozenCore","Vajra","Emotion Chip","Mummified Hand","WingedGreaves","Odd Mushroom","Inserter","Membership Card","Regal Pillow","Unceasing Top","Cables","Mercury Hourglass","Red Mask","DataDisk"],"potions_floor_usage":[24,24,24,24,24,33,33,50,50,50],"damage_taken":[{"damage":1.0,"enemies":"Cultist","floor":1.0,"turns":3.0},{"damage":0.0,"enemies":"Small Slimes","floor":2.0,"turns":3.0},{"damage":15.0,"enemies":"3 Sentries","floor":7.0,"turns":5.0},{"damage":0.0,"enemies":"Jaw Worm","floor":11.0,"turns":2.0},{"damage":7.0,"enemies":"The Mushroom Lair","floor":14.0,"turns":3.0},{"damage":39,"enemies":"Hexaghost","floor":16,"turns":8},{"damage":20,"enemies":"3 Byrds","floor":18,"turns":4},{"damage":19,"enemies":"Shell Parasite","floor":22,"turns":6},{"damage":38,"enemies":"Slavers","floor":24,"turns":3},{"damage":31,"enemies":"Chosen and Byrds","floor":28,"turns":5},{"damage":0,"enemies":"Snecko","floor":29,"turns":3},{"damage":15,"enemies":"Centurion and Healer","floor":31,"turns":4},{"damage":72,"enemies":"Automaton","floor":33,"turns":7},{"damage":24,"enemies":"3 Shapes","floor":35,"turns":4},{"damage":2,"enemies":"Orb Walker","floor":38,"turns":4},{"damage":19,"enemies":"Jaw Worm Horde","floor":39,"turns":5},{"damage":0,"enemies":"4 Shapes","floor":42,"turns":8},{"damage":10,"enemies":"Sphere and 2 Shapes","floor":46,"turns":4},{"damage":7,"enemies":"Nemesis","floor":47,"turns":7},{"damage":10,"enemies":"Time Eater","floor":50,"turns":20}],"seed_played":"3091582065021538829","potions_obtained":[{"floor":1.0,"key":"FocusPotion"},{"floor":7.0,"key":"Explosive Potion"},{"floor":11.0,"key":"EntropicBrew"},{"floor":24,"key":"SkillPotion"},{"floor":28,"key":"FocusPotion"},{"floor":33,"key":"LiquidBronze"},{"floor":39,"key":"SkillPotion"},{"floor":47,"key":"FocusPotion"}],"is_trial":false,"path_per_floor":["M","M","$","T","?","R","E","R","T","?","M","$","?","?","R","B",null,"M","?","?","$","M","R","E","R","T","R","M","M","R","M","R","B",null,"M","$","?","M","M","R","R","M","T","R","?","M","E","?","R","B",null],"character_chosen":"DEFECT","items_purchased":["White Noise","Defragment","Membership Card","Creative AI","Regal Pillow","Ball Lightning","BootSequence"],"campfire_rested":8,"item_purchase_floors":[3,12,21,21,21,36,36],"current_hp_per_floor":[67,67,67,67,52,52,37,59,59,59,59,59,59,52,52,13,60,40,40,40,40,21,58,20,57,57,57,26,26,63,48,75,3,57,33,33,33,31,12,49,75,75,75,75,75,65,58,58,75,65],"gold":43,"neow_bonus":"RANDOM_COMMON_RELIC","is_prod":false,"is_daily":false,"chose_seed":false,"campfire_upgraded":4,"win_rate":0,"timestamp":1545999085,"path_taken":["M","M","$","?","?","R","E","R","T","?","M","?","?","?","R","BOSS","M","?","?","$","M","R","E","R","T","R","M","M","R","M","R","BOSS","M","$","?","M","M","R","R","M","T","R","?","M","E","?","R","BOSS"],"build_version":"2018-12-20","purchased_purges":1,"victory":true,"max_hp_per_floor":[75,75,75,75,75,75,75,75,75,75,75,75,75,75,75,75,75,75,75,75,75,75,75,75,75,75,75,75,75,75,75,75,75,75,75,75,75,75,75,75,75,75,75,75,75,75,75,75,75,75],"card_choices":[{"not_picked":["Hello World","Gash"],"picked":"Go for the Eyes","floor":1.0},{"not_picked":["Barrage","Coolheaded"],"picked":"Sunder","floor":2.0},{"not_picked":["Streamline","Barrage","Scrape"],"picked":"SKIP","floor":7.0},{"not_picked":["Cold Snap","Rebound","Consume"],"picked":"SKIP","floor":11.0},{"not_picked":["Cold Snap","Rebound"],"picked":"Consume","floor":11.0},{"not_picked":["White Noise","Lockon"],"picked":"Leap","floor":14.0},{"not_picked":["Hyperbeam","Multi-Cast"],"picked":"Machine Learning","floor":16},{"not_picked":["Cold Snap","Compile Driver+1"],"picked":"White Noise","floor":18},{"not_picked":["Barrage","Stack","Beam Cell"],"picked":"SKIP","floor":22},{"not_picked":["Stack","Streamline","Hello World"],"picked":"SKIP","floor":24},{"not_picked":["Hyperbeam","Defragment","Skim"],"picked":"SKIP","floor":28},{"not_picked":["Gash","Rip and Tear","Hologram"],"picked":"SKIP","floor":29},{"not_picked":["Skim","Steam"],"picked":"Force Field","floor":31},{"not_picked":["Cold Snap+1","White Noise"],"picked":"Force Field+1","floor":35},{"not_picked":["Aggregate+1","Steam"],"picked":"Barrage+1","floor":38},{"not_picked":["Reprogram","Barrage+1"],"picked":"Conserve Battery","floor":39},{"not_picked":["Auto Shields+1","Rebound","Coolheaded"],"picked":"SKIP","floor":42},{"not_picked":["Beam Cell+1","Steam+1"],"picked":"Darkness+1","floor":46},{"not_picked":["Steam+1","Self Repair+1"],"picked":"Consume","floor":47}],"player_experience":614731,"relics_obtained":[{"floor":4.0,"key":"Emotion Chip"},{"floor":7.0,"key":"Mummified Hand"},{"floor":9.0,"key":"WingedGreaves"},{"floor":14.0,"key":"Odd Mushroom"},{"floor":24,"key":"Unceasing Top"},{"floor":26,"key":"Cables"},{"floor":43,"key":"Mercury Hourglass"},{"floor":47,"key":"DataDisk"}],"event_choices":[{"damage_healed":0.0,"max_hp_gain":0.0,"max_hp_loss":0.0,"gold_gain":0.0,"event_name":"Shining Light","player_choice":"Entered Light","floor":5.0,"gold_loss":0.0,"damage_taken":15.0,"cards_upgraded":["Strike_B","Strike_B"]},{"damage_healed":0.0,"max_hp_gain":0.0,"max_hp_loss":0.0,"gold_gain":0.0,"event_name":"Scrap Ooze","player_choice":"Fled","floor":10.0,"gold_loss":0.0,"damage_taken":0.0},{"damage_healed":0.0,"max_hp_gain":0.0,"max_hp_loss":0.0,"gold_gain":58.0,"event_name":"Golden Wing","player_choice":"Gained Gold","floor":13.0,"gold_loss":0.0,"damage_taken":0.0},{"damage_healed":0.0,"max_hp_gain":0.0,"max_hp_loss":0.0,"gold_gain":0.0,"event_name":"Mushrooms","player_choice":"Fought Mushrooms","floor":14.0,"gold_loss":0.0,"damage_taken":0.0},{"damage_healed":0,"gold_gain":99,"player_choice":"Stole From Cult","damage_taken":0,"max_hp_gain":0,"max_hp_loss":0,"event_name":"Nest","floor":19,"gold_loss":0},{"damage_healed":0,"gold_gain":0,"player_choice":"Ignored","damage_taken":0,"max_hp_gain":0,"max_hp_loss":0,"event_name":"Ghosts","floor":20,"gold_loss":0},{"cards_removed":["Machine Learning"],"damage_healed":0,"gold_gain":0,"player_choice":"Removed Power","damage_taken":0,"max_hp_gain":0,"max_hp_loss":0,"event_name":"Falling","floor":37,"gold_loss":0},{"damage_healed":0,"gold_gain":0,"player_choice":"Paid","damage_taken":0,"relics_obtained":["Red Mask"],"max_hp_gain":0,"max_hp_loss":0,"event_name":"Tomb of Lord Red Mask","floor":45,"gold_loss":161},{"cards_removed":["Strike_B"],"damage_healed":0,"gold_gain":0,"player_choice":"Offered Basic","damage_taken":0,"max_hp_gain":0,"max_hp_loss":0,"event_name":"Bonfire Elementals","floor":48,"gold_loss":0}],"is_beta":false,"boss_relics":[{"not_picked":["Empty Cage","Runic Pyramid"],"picked":"Inserter"},{"not_picked":["Black Star","Velvet Choker"],"picked":"FrozenCore"}],"items_purged_floors":[36],"is_endless":false,"potions_floor_spawned":[1,7,11,18,24,28,31,33,39,42,47],"ascension_level":8}