{"gold_per_floor":[118,11,86,11,25,25,60,60,87,87,5,15,15,25,25,97,97,77,96,108,108,121,121,140,171,241,241,291,291,322,335,335,335],"floor_reached":33,"playtime":1038,"items_purged":[],"score":543,"play_id":"acbdc4a6-fd6d-4078-b0eb-a196b1d6990e","local_time":"20190420165119","is_ascension_mode":true,"campfire_choices":[{"data":"Bash","floor":6,"key":"SMITH"},{"floor":8,"key":"REST"},{"floor":15,"key":"REST"},{"data":"Inflame","floor":23,"key":"SMITH"},{"floor":27,"key":"REST"},{"data":"Whirlwind","floor":32,"key":"SMITH"}],"neow_cost":"NONE","seed_source_timestamp":17297875173712,"circlet_count":0,"master_deck":["AscendersBane","Strike_R","Strike_R","Strike_R","Strike_R","Defend_R+1","Defend_R+1","Defend_R","Defend_R","Bash+1","Disarm","Dropkick","Perfected Strike","Ghostly Armor","Iron Wave","Inflame+1","Shrug It Off","Feed","Perfected Strike","Whirlwind+1","Flame Barrier","Impervious"],"relics":["Burning Blood","Bag of Marbles","PreservedInsect","Ancient Tea Set","Runic Dome","Sundial","Question Card","Gremlin Horn"],"potions_floor_usage":[14,16,25,33,33],"damage_taken":[{"damage":5,"enemies":"Small Slimes","floor":1,"turns":6},{"damage":0,"enemies":"2 Louse","floor":5,"turns":2},{"damage":48,"enemies":"3 Sentries","floor":7,"turns":9},{"damage":5,"enemies":"Jaw Worm","floor":12,"turns":4},{"damage":15,"enemies":"Gremlin Gang","floor":14,"turns":6},{"damage":33,"enemies":"Slime Boss","floor":16,"turns":15},{"damage":15,"enemies":"2 Thieves","floor":18,"turns":4},{"damage":0,"enemies":"Chosen","floor":19,"turns":4},{"damage":12,"enemies":"Centurion and Healer","floor":20,"turns":8},{"damage":13,"enemies":"Snecko","floor":22,"turns":6},{"damage":29,"enemies":"3 Cultists","floor":24,"turns":7},{"damage":0,"enemies":"Gremlin Leader","floor":25,"turns":5},{"damage":25,"enemies":"Book of Stabbing","floor":30,"turns":6},{"damage":9,"enemies":"Chosen and Byrds","floor":31,"turns":10},{"damage":63,"enemies":"Automaton","floor":33,"turns":6}],"seed_played":"-1147275817536746085","potions_obtained":[{"floor":7,"key":"Fire Potion"},{"floor":14,"key":"Block Potion"},{"floor":18,"key":"SkillPotion"},{"floor":25,"key":"Fire Potion"},{"floor":31,"key":"Energy Potion"}],"is_trial":false,"path_per_floor":["M","$","?","?","M","R","E","R","T","?","$","M","$","M","R","B",null,"M","M","M","?","M","R","M","E","T","R","?","?","E","M","R","B"],"character_chosen":"IRONCLAD","items_purchased":["Dropkick","Perfected Strike","Inflame"],"campfire_rested":3,"item_purchase_floors":[2,2,11],"current_hp_per_floor":[69,69,58,58,64,64,22,44,44,21,21,22,22,13,35,8,58,52,58,55,55,51,51,31,37,37,63,63,63,44,44,44,0],"gold":335,"neow_bonus":"RANDOM_COMMON_RELIC","is_prod":false,"is_daily":false,"chose_seed":false,"campfire_upgraded":3,"win_rate":0,"timestamp":1555768279,"path_taken":["M","$","?","?","M","R","E","R","T","?","$","M","?","M","R","BOSS","M","?","M","?","M","R","M","E","T","R","?","?","E","M","R","BOSS"],"build_version":"2019-01-23","purchased_purges":0,"victory":false,"max_hp_per_floor":[75,75,75,75,75,75,75,75,75,75,75,75,75,75,75,75,75,78,78,81,81,84,84,87,87,87,87,87,87,87,90,90,90],"card_choices":[{"not_picked":["True Grit","Bloodletting"],"picked":"Disarm","floor":1},{"not_picked":["Sentinel","Fire Breathing"],"picked":"Ghostly Armor","floor":5},{"not_picked":["Twin Strike","Blood for Blood"],"picked":"Iron Wave","floor":7},{"not_picked":["Havoc","Bloodletting","Blood for Blood"],"picked":"SKIP","floor":12},{"not_picked":["Bloodletting","Armaments"],"picked":"Shrug It Off","floor":14},{"not_picked":["Barricade","Bludgeon"],"picked":"Feed","floor":16},{"not_picked":["Wild Strike","Evolve"],"picked":"Perfected Strike","floor":18},{"not_picked":["Wild Strike","Combust","Flex+1"],"picked":"SKIP","floor":19},{"not_picked":["Clash","Heavy Blade","Iron Wave"],"picked":"SKIP","floor":20},{"not_picked":["Iron Wave","Headbutt","Sword Boomerang"],"picked":"SKIP","floor":22},{"not_picked":["Flex","Iron Wave","Rage"],"picked":"SKIP","floor":24},{"not_picked":["Flex","Power Through+1"],"picked":"Whirlwind","floor":25},{"not_picked":["Flex+1","Dropkick","Ghostly Armor"],"picked":"Impervious","floor":30},{"not_picked":["Body Slam+1","Cleave","Wild Strike","Clash"],"picked":"SKIP","floor":31}],"player_experience":865606,"relics_obtained":[{"floor":7,"key":"PreservedInsect"},{"floor":9,"key":"Ancient Tea Set"},{"floor":25,"key":"Sundial"},{"floor":26,"key":"Question Card"},{"floor":30,"key":"Gremlin Horn"}],"event_choices":[{"damage_healed":0,"gold_gain":75,"player_choice":"Gather Gold","damage_taken":11,"max_hp_gain":0,"max_hp_loss":0,"event_name":"World of Goop","floor":3,"gold_loss":0},{"cards_removed":["Strike_R"],"damage_healed":0,"gold_gain":0,"player_choice":"Card Removal","damage_taken":0,"max_hp_gain":0,"max_hp_loss":0,"event_name":"The Cleric","floor":4,"gold_loss":75},{"damage_healed":0,"gold_gain":0,"player_choice":"Entered Light","damage_taken":23,"max_hp_gain":0,"max_hp_loss":0,"event_name":"Shining Light","floor":10,"gold_loss":0,"cards_upgraded":["Defend_R","Defend_R"]},{"damage_healed":0,"gold_gain":0,"player_choice":"Ignored","damage_taken":0,"max_hp_gain":0,"max_hp_loss":0,"event_name":"The Mausoleum","floor":21,"gold_loss":0},{"damage_healed":0,"gold_gain":50,"player_choice":"Stole From Cult","damage_taken":0,"max_hp_gain":0,"max_hp_loss":0,"event_name":"Nest","floor":28,"gold_loss":0},{"damage_healed":0,"gold_gain":0,"player_choice":"Read","damage_taken":0,"max_hp_gain":0,"max_hp_loss":0,"event_name":"The Library","floor":29,"gold_loss":0,"cards_obtained":["Flame Barrier"]}],"is_beta":false,"boss_relics":[{"not_picked":["Calling Bell","Coffee Dripper"],"picked":"Runic Dome"}],"items_purged_floors":[],"is_endless":false,"potions_floor_spawned":[7,14,18,25,31],"killed_by":"Automaton","ascension_level":15}