{"gold_per_floor":[112,1,1,1,1,15,15,49,49,49,63,93,172,9,9,128,128,148,161,86,86,96,124,39,39,62,35,35,49,66,66,66,164,164,177,177,188,188,263,263,314,23,23,23,42,59,6,25,25,25,25,25,25,74,74],"floor_reached":55,"playtime":3163,"items_purged":["Regret"],"score":866,"play_id":"c6aaf4fa-a6b7-424a-a282-b60d097a74e5","local_time":"20181201105910","is_ascension_mode":false,"campfire_choices":[{"data":"Noxious Fumes","floor":7.0,"key":"SMITH"},{"data":"Backflip","floor":15.0,"key":"SMITH"},{"floor":25.0,"key":"RECALL"},{"data":"Backflip","floor":28.0,"key":"SMITH"},{"data":"Catalyst","floor":32.0,"key":"SMITH"},{"data":"Madness","floor":40.0,"key":"SMITH"},{"data":"Acrobatics","floor":44.0,"key":"SMITH"},{"data":"Neutralize","floor":49.0,"key":"SMITH"},{"data":"Chrysalis","floor":52.0,"key":"SMITH"}],"neow_cost":"NONE","seed_source_timestamp":0,"circlet_count":0,"master_deck":["Defend_G","Defend_G","Defend_G","Defend_G","Defend_G","Strike_G","Strike_G","Survivor","Neutralize+1","Noxious Fumes+1","Catalyst+1","Deflect","Accuracy+1","Backflip+1","Grand Finale","Caltrops+1","Quick Slash+1","Footwork+1","Backflip+1","Accuracy+1","Dagger Throw+1","Grand Finale","Cloak And Dagger+1","HandOfGreed","Violence","Chrysalis+1","Madness","Madness+1","Blade Dance+1","Envenom+1","Acrobatics+1","Flash of Steel","Infinite Blades+1","Calculated Gamble+1","Backflip","Backflip+1"],"special_seed":0,"relics":["Coffee Dripper","Bloody Idol","Singing Bowl","Letter Opener","Calipers","Mummified Hand","Regal Pillow","Tough Bandages","Frozen Egg 2","Cursed Key","Omamori","Happy Flower","Empty Cage","Dodecahedron","Blood Vial","Nunchaku"],"potions_floor_usage":[],"damage_taken":[{"damage":1.0,"enemies":"Cultist","floor":1.0,"turns":4.0},{"damage":7.0,"enemies":"Jaw Worm","floor":6.0,"turns":5.0},{"damage":21.0,"enemies":"Lagavulin","floor":8.0,"turns":8.0},{"damage":1.0,"enemies":"Small Slimes","floor":11.0,"turns":4.0},{"damage":25.0,"enemies":"Slime Boss","floor":16.0,"turns":12.0},{"damage":27.0,"enemies":"Shell Parasite","floor":18.0,"turns":8.0},{"damage":0.0,"enemies":"3 Byrds","floor":19.0,"turns":4.0},{"damage":6.0,"enemies":"Centurion and Healer","floor":22.0,"turns":10.0},{"damage":21.0,"enemies":"Book of Stabbing","floor":23.0,"turns":6.0},{"damage":4.0,"enemies":"Cultist and Chosen","floor":29.0,"turns":6.0},{"damage":24.0,"enemies":"Sentry and Sphere","floor":30.0,"turns":7.0},{"damage":5.0,"enemies":"Colosseum Slavers","floor":31.0,"turns":5.0},{"damage":0.0,"enemies":"Automaton","floor":33.0,"turns":12.0},{"damage":21.0,"enemies":"3 Shapes","floor":35.0,"turns":6.0},{"damage":10.0,"enemies":"Orb Walker","floor":37.0,"turns":3.0},{"damage":0.0,"enemies":"Giant Head","floor":41.0,"turns":6.0},{"damage":6.0,"enemies":"Maw","floor":45.0,"turns":6.0},{"damage":28.0,"enemies":"3 Darklings","floor":46.0,"turns":4.0},{"damage":0.0,"enemies":"Transient","floor":48.0,"turns":5.0},{"damage":23.0,"enemies":"Donu and Deca","floor":50.0,"turns":7.0},{"damage":17.0,"enemies":"Shield and Spear","floor":54.0,"turns":5.0},{"damage":105,"enemies":"The Heart","floor":55,"turns":6}],"seed_played":"6130201809131812878","potions_obtained":[{"floor":1.0,"key":"Energy Potion"},{"floor":11.0,"key":"Regen Potion"},{"floor":19.0,"key":"Swift Potion"},{"floor":23.0,"key":"SkillPotion"},{"floor":33.0,"key":"Block Potion"},{"floor":37.0,"key":"Weak Potion"},{"floor":46.0,"key":"SneckoOil"}],"is_trial":false,"path_per_floor":["M","$","?","T","?","M","R","E","T","?","M","?","T","$","R","B",null,"M","M","?","?","M","E","?","R","T","$","R","M","M","?","R","B",null,"M","?","M","?","?","R","E","$","T","R","M","M","M","$","M","R","B",null,"R","$","E","B"],"character_chosen":"THE_SILENT","items_purchased":["Noxious Fumes","Catalyst","Accuracy+1","Backflip","Backflip","Envenom+1","Acrobatics","Flash of Steel","Backflip"],"campfire_rested":0,"item_purchase_floors":[2,2,14,14,27,42,42,42,47],"current_hp_per_floor":[69,69,65,65,65,60,60,41,41,34,33,33,33,33,33,23,69,42,44,44,44,43,27,27,27,32,32,32,33,14,9,9,14,71,55,45,42,33,31,31,41,41,41,41,42,21,21,30,30,9,75,75,75,68,0],"gold":74,"neow_bonus":"BOSS_RELIC","is_prod":false,"is_daily":false,"chose_seed":false,"campfire_upgraded":8,"win_rate":0,"timestamp":1543690750,"path_taken":["M","$","?","?","?","?","R","E","T","?","M","?","?","?","R","BOSS","M","M","?","?","M","E","?","R","T","?","R","?","M","?","R","BOSS","M","?","M","?","?","R","E","$","T","R","M","M","$","M","R","BOSS","R","$","E","BOSS"],"build_version":"2018-11-15","purchased_purges":1,"victory":false,"max_hp_per_floor":[70,70,65,65,65,67,67,69,69,69,69,69,69,69,69,69,69,69,71,71,71,71,71,71,71,71,71,71,71,71,71,71,71,71,71,71,73,73,73,73,73,73,73,73,73,73,73,75,75,75,75,75,75,75,75],"card_choices":[{"not_picked":["PiercingWail","Prepared","Dagger Spray"],"picked":"SKIP","floor":1.0},{"not_picked":["PiercingWail","Deadly Poison","Blade Dance"],"picked":"Singing Bowl","floor":6.0},{"not_picked":["Sucker Punch","Cloak And Dagger","Prepared"],"picked":"Singing Bowl","floor":8.0},{"not_picked":["Escape Plan","Poisoned Stab"],"picked":"Deflect","floor":11.0},{"not_picked":["Night Terror","Unload"],"picked":"Grand Finale","floor":16.0},{"not_picked":["Dagger Spray","Flying Knee"],"picked":"Caltrops+1","floor":18.0},{"not_picked":["Underhanded Strike+1","Concentrate+1","Slice+1"],"picked":"Singing Bowl","floor":19.0},{"not_picked":["Outmaneuver","Skewer+1"],"picked":"Quick Slash+1","floor":22.0},{"not_picked":["Dodge and Roll","Poisoned Stab"],"picked":"Footwork+1","floor":23.0},{"not_picked":["Underhanded Strike","Backflip"],"picked":"Accuracy+1","floor":29.0},{"not_picked":["Backflip","Flying Knee"],"picked":"Dagger Throw+1","floor":30.0},{"not_picked":["Die Die Die","Corpse Explosion"],"picked":"Grand Finale","floor":33.0},{"not_picked":["Concentrate","Tactician"],"picked":"Cloak And Dagger+1","floor":35.0},{"not_picked":["Dark Shackles","Metamorphosis"],"picked":"HandOfGreed","floor":36.0},{"not_picked":["Panacea","Mind Blast"],"picked":"Violence","floor":36.0},{"not_picked":["PanicButton","Trip"],"picked":"Chrysalis","floor":36.0},{"not_picked":["Sucker Punch+1","Skewer+1","Riddle With Holes+1"],"picked":"Singing Bowl","floor":37.0},{"not_picked":["Outmaneuver+1","Dodge and Roll"],"picked":"Blade Dance+1","floor":41.0},{"not_picked":["Deflect+1","Underhanded Strike"],"picked":"Infinite Blades+1","floor":45.0},{"not_picked":["PiercingWail+1","Distraction"],"picked":"Calculated Gamble+1","floor":46.0},{"not_picked":["Cloak And Dagger","Blade Dance","Flying Knee+1"],"picked":"Singing Bowl","floor":48.0},{"not_picked":["Blade Dance","Flying Knee+1"],"picked":"Backflip+1","floor":54.0}],"player_experience":509939,"relics_obtained":[{"floor":4.0,"key":"Singing Bowl"},{"floor":8.0,"key":"Calipers"},{"floor":9.0,"key":"Mummified Hand"},{"floor":13.0,"key":"Frozen Egg 2"},{"floor":23.0,"key":"Omamori"},{"floor":41.0,"key":"Dodecahedron"},{"floor":43.0,"key":"Blood Vial"},{"floor":54.0,"key":"Nunchaku"}],"event_choices":[{"damage_healed":0.0,"max_hp_gain":0.0,"max_hp_loss":5.0,"gold_gain":0.0,"event_name":"Golden Idol","player_choice":"Lose Max HP","floor":3.0,"gold_loss":0.0,"damage_taken":0.0,"relics_obtained":["Golden Idol"]},{"damage_healed":0.0,"max_hp_gain":0.0,"max_hp_loss":0.0,"gold_gain":0.0,"event_name":"Big Fish","player_choice":"Box","floor":5.0,"gold_loss":0.0,"damage_taken":0.0,"relics_obtained":["Letter Opener"],"cards_obtained":["Regret"]},{"damage_healed":0.0,"max_hp_gain":0.0,"max_hp_loss":0.0,"gold_gain":0.0,"event_name":"Scrap Ooze","player_choice":"Success","floor":10.0,"gold_loss":0.0,"damage_taken":7.0,"relics_obtained":["Regal Pillow"]},{"damage_healed":0.0,"max_hp_gain":0.0,"max_hp_loss":0.0,"gold_gain":30.0,"event_name":"Dead Adventurer","player_choice":"Searched \u00273\u0027 times","floor":12.0,"gold_loss":0.0,"damage_taken":0.0,"relics_obtained":["Tough Bandages"]},{"cards_removed":["Strike_G"],"damage_healed":0.0,"max_hp_gain":0.0,"max_hp_loss":0.0,"gold_gain":0.0,"event_name":"Beggar","player_choice":"Gave Gold","floor":20.0,"gold_loss":75.0,"damage_taken":0.0},{"damage_healed":0.0,"max_hp_gain":0.0,"max_hp_loss":0.0,"gold_gain":0.0,"event_name":"Forgotten Altar","player_choice":"Gave Idol","floor":21.0,"relics_lost":["Golden Idol"],"gold_loss":0.0,"damage_taken":0.0,"relics_obtained":["Bloody Idol"]},{"damage_healed":0.0,"max_hp_gain":0.0,"max_hp_loss":0.0,"gold_gain":0.0,"event_name":"Addict","player_choice":"Obtained Relic","floor":24.0,"gold_loss":85.0,"damage_taken":0.0,"relics_obtained":["Happy Flower"]},{"damage_healed":0.0,"max_hp_gain":0.0,"max_hp_loss":0.0,"gold_gain":0.0,"event_name":"Colosseum","player_choice":"Fight","floor":31.0,"gold_loss":0.0,"damage_taken":0.0},{"damage_healed":0.0,"max_hp_gain":0.0,"max_hp_loss":0.0,"gold_gain":0.0,"event_name":"Colosseum","player_choice":"Fled From Nobs","floor":31.0,"gold_loss":0.0,"damage_taken":0.0},{"damage_healed":0.0,"max_hp_gain":0.0,"max_hp_loss":0.0,"gold_gain":0.0,"event_name":"SensoryStone","player_choice":"Memory 3","floor":36.0,"gold_loss":0.0,"damage_taken":10.0},{"damage_healed":0.0,"max_hp_gain":0.0,"max_hp_loss":0.0,"gold_gain":0.0,"event_name":"Winding Halls","player_choice":"Embrace Madness","floor":38.0,"gold_loss":0.0,"damage_taken":9.0,"cards_obtained":["Madness","Madness"]},{"damage_healed":0.0,"max_hp_gain":0.0,"max_hp_loss":0.0,"gold_gain":75.0,"event_name":"FaceTrader","player_choice":"Touch","floor":39.0,"gold_loss":0.0,"damage_taken":7.0}],"is_beta":false,"boss_relics":[{"not_picked":["Fusion Hammer","Lizard Tail"],"picked":"Cursed Key"},{"not_picked":["Runic Dome","Black Star"],"picked":"Empty Cage"}],"items_purged_floors":[14],"is_endless":false,"potions_floor_spawned":[1,11,19,23,31,33,37,46],"killed_by":"The Heart","ascension_level":0}