{"gold_per_floor":[118,9,9,26,46,46,46,73,73,73,148,176,21,38,38,111,111,124,49,49,49,49,49,82,96,96,96,96],"floor_reached":28,"playtime":806,"items_purged":["Strike_G"],"score":484,"play_id":"5f66d3e6-2935-44db-9f5d-4e1f2bc4cdfe","local_time":"20190727222234","is_ascension_mode":true,"campfire_choices":[{"data":"Neutralize","floor":6.0,"key":"SMITH"},{"floor":10.0,"key":"REST"},{"data":"Footwork","floor":15.0,"key":"SMITH"},{"floor":23.0,"key":"REST"},{"floor":27,"key":"REST"}],"neow_cost":"NONE","seed_source_timestamp":35666592603818,"circlet_count":0,"master_deck":["AscendersBane","Strike_G","Strike_G","Defend_G","Defend_G","Defend_G","Defend_G","Survivor","Neutralize+1","Poisoned Stab","Well Laid Plans","Deadly Poison","Quick Slash","Backflip","Infinite Blades","Footwork+1","Cloak And Dagger","Envenom","Deadly Poison","Tools of the Trade","Decay"],"special_seed":0,"relics":["Ring of the Snake","NeowsBlessing","Gremlin Horn","Shuriken","Pocketwatch","Cursed Key","Enchiridion","Orichalcum","Pantograph"],"potions_floor_usage":[24,28],"damage_taken":[{"damage":0.0,"enemies":"Cultist","floor":1.0,"turns":1.0},{"damage":0.0,"enemies":"Small Slimes","floor":4.0,"turns":1.0},{"damage":0.0,"enemies":"Jaw Worm","floor":5.0,"turns":1.0},{"damage":40.0,"enemies":"Gremlin Nob","floor":8.0,"turns":5.0},{"damage":10.0,"enemies":"Lagavulin","floor":12.0,"turns":6.0},{"damage":12.0,"enemies":"Exordium Thugs","floor":14.0,"turns":5.0},{"damage":8.0,"enemies":"Hexaghost","floor":16.0,"turns":8.0},{"damage":7.0,"enemies":"Spheric Guardian","floor":18.0,"turns":6.0},{"damage":4,"enemies":"Gremlin Leader","floor":24,"turns":8},{"damage":9,"enemies":"Chosen","floor":25,"turns":5},{"damage":55,"enemies":"Book of Stabbing","floor":28,"turns":5}],"seed_played":"-5601683343874593131","potions_obtained":[{"floor":4.0,"key":"AttackPotion"},{"floor":8.0,"key":"SpeedPotion"},{"floor":12.0,"key":"PowerPotion"},{"floor":16.0,"key":"SteroidPotion"}],"is_trial":false,"path_per_floor":["M","$","?","M","M","R","?","E","T","R","?","E","$","M","R","B",null,"M","?","?","?","?","R","E","M","T","R","E"],"character_chosen":"THE_SILENT","items_purchased":["Well Laid Plans","Deadly Poison","Footwork"],"campfire_rested":3,"item_purchase_floors":[2,2,13],"current_hp_per_floor":[59,59,59,59,59,59,64,24,24,45,34,24,24,12,12,4,54,47,47,47,26,26,47,43,34,34,55,0],"gold":96,"neow_bonus":"THREE_ENEMY_KILL","is_prod":false,"is_daily":false,"chose_seed":false,"campfire_upgraded":2,"win_rate":0,"timestamp":1564255354,"path_taken":["M","$","?","?","M","R","?","E","T","R","?","E","?","M","R","BOSS","M","?","?","?","?","R","E","M","T","R","E"],"build_version":"2019-07-17","purchased_purges":1,"victory":false,"max_hp_per_floor":[66,66,66,66,66,66,71,71,71,71,71,71,71,71,71,71,71,71,71,71,71,71,71,71,71,71,71,71],"card_choices":[{"not_picked":["Blade Dance","Bouncing Flask"],"picked":"Poisoned Stab","floor":1.0},{"not_picked":["Acrobatics","Flechettes"],"picked":"Quick Slash","floor":4.0},{"not_picked":["Bullet Time","Masterful Stab","Outmaneuver"],"picked":"SKIP","floor":5.0},{"not_picked":["Finisher","Escape Plan"],"picked":"Backflip","floor":8.0},{"not_picked":["Dagger Spray","Choke"],"picked":"Infinite Blades","floor":12.0},{"not_picked":["Sucker Punch","Expertise"],"picked":"Cloak And Dagger","floor":14.0},{"not_picked":["Burst","Doppelganger"],"picked":"Envenom","floor":16.0},{"not_picked":["Slice","Deadly Poison","Setup"],"picked":"SKIP","floor":18.0},{"not_picked":["Quick Slash","Flying Knee","Skewer"],"picked":"SKIP","floor":24},{"not_picked":["Riddle With Holes","Underhanded Strike","Calculated Gamble"],"picked":"SKIP","floor":25}],"player_experience":1107840,"relics_obtained":[{"floor":8.0,"key":"Gremlin Horn"},{"floor":9.0,"key":"Shuriken"},{"floor":12.0,"key":"Pocketwatch"},{"floor":21.0,"key":"Enchiridion"},{"floor":24,"key":"Orichalcum"},{"floor":26,"key":"Pantograph"}],"event_choices":[{"damage_healed":0.0,"max_hp_gain":0.0,"max_hp_loss":0.0,"gold_gain":0.0,"event_name":"WeMeetAgain","player_choice":"Ignored","floor":3.0,"gold_loss":0.0,"damage_taken":0.0},{"damage_healed":0.0,"max_hp_gain":5.0,"max_hp_loss":0.0,"gold_gain":0.0,"event_name":"Big Fish","player_choice":"Donut","floor":7.0,"gold_loss":0.0,"damage_taken":0.0},{"damage_healed":0.0,"max_hp_gain":0.0,"max_hp_loss":0.0,"gold_gain":75.0,"event_name":"World of Goop","player_choice":"Gather Gold","floor":11.0,"gold_loss":0.0,"damage_taken":11.0},{"cards_removed":["Strike_G"],"damage_healed":0.0,"max_hp_gain":0.0,"max_hp_loss":0.0,"gold_gain":0.0,"event_name":"Beggar","player_choice":"Gave Gold","floor":19.0,"gold_loss":75.0,"damage_taken":0.0},{"damage_healed":0.0,"max_hp_gain":0.0,"max_hp_loss":0.0,"gold_gain":0.0,"cards_transformed":["Strike_G","Defend_G"],"event_name":"Drug Dealer","player_choice":"Became Test Subject","floor":20.0,"gold_loss":0.0,"damage_taken":0.0,"cards_obtained":["Deadly Poison","Tools of the Trade"]},{"damage_healed":0.0,"max_hp_gain":0.0,"max_hp_loss":0.0,"gold_gain":0.0,"event_name":"Cursed Tome","player_choice":"Obtained Book","floor":21.0,"gold_loss":0.0,"damage_taken":21.0},{"damage_healed":0.0,"max_hp_gain":0.0,"max_hp_loss":0.0,"gold_gain":0.0,"event_name":"The Mausoleum","player_choice":"Ignored","floor":22.0,"gold_loss":0.0,"damage_taken":0.0}],"is_beta":false,"boss_relics":[{"not_picked":["Tiny House","Lizard Tail"],"picked":"Cursed Key"}],"items_purged_floors":[13],"is_endless":false,"potions_floor_spawned":[4,8,12,16],"killed_by":"Book of Stabbing","ascension_level":20}