{"gold_per_floor":[112,11,86,96,171,198,212,246,246,246,265,265,16,16,16,118,118,133,99,114,127,127],"floor_reached":22,"playtime":2686,"items_purged":["Normality"],"score":196,"play_id":"a27b410f-eed6-4db7-b31a-ead41489a28d","local_time":"20180720022321","is_ascension_mode":false,"campfire_choices":[{"data":"Barricade","floor":10,"key":"SMITH"},{"data":"Feel No Pain","floor":15,"key":"SMITH"}],"neow_cost":"CURSE","seed_source_timestamp":13957016581017,"circlet_count":0,"master_deck":["Strike_R","Strike_R","Strike_R","Strike_R","Strike_R","Defend_R","Defend_R","Defend_R","Defend_R","Bash","Barricade+1","Feel No Pain+1","Shrug It Off","Anger","Intimidate","Dropkick","Perfected Strike+1","True Grit","Dramatic Entrance","Juggernaut","Parasite","Writhe","Writhe","Entrench","Shrug It Off","Seeing Red+1","Warcry+1"],"relics":["Burning Blood","Magic Flower","Mercury Hourglass","Question Card","Boot","Calling Bell","Bronze Scales","Ornamental Fan","Ginger"],"potions_floor_usage":[8,21,22],"damage_taken":[{"damage":22,"enemies":"Cultist","floor":1,"turns":6},{"damage":14,"enemies":"Small Slimes","floor":4,"turns":8},{"damage":22,"enemies":"3 Sentries","floor":6,"turns":14},{"damage":5,"enemies":"2 Louse","floor":7,"turns":4},{"damage":18,"enemies":"Gremlin Nob","floor":8,"turns":4},{"damage":8,"enemies":"Lots of Slimes","floor":11,"turns":3},{"damage":36,"enemies":"Slime Boss","floor":16,"turns":13},{"damage":25,"enemies":"Spheric Guardian","floor":18,"turns":6},{"damage":22,"enemies":"2 Thieves","floor":19,"turns":5},{"damage":45,"enemies":"Centurion and Healer","floor":20,"turns":13},{"damage":11,"enemies":"Chosen and Byrds","floor":21,"turns":7},{"damage":25,"enemies":"3 Cultists","floor":22,"turns":3}],"seed_played":"2174057252289010822","potions_obtained":[{"floor":4,"key":"Strength Potion"},{"floor":7,"key":"AttackPotion"},{"floor":18,"key":"Fire Potion"},{"floor":20,"key":"BloodPotion"}],"is_trial":false,"path_per_floor":["M","$","?","M","?","E","M","E","T","R","M","?","$","?","R","B",null,"M","M","M","M"],"character_chosen":"IRONCLAD","items_purchased":["Shrug It Off","Dramatic Entrance","Boot"],"campfire_rested":0,"item_purchase_floors":[2,13,13],"current_hp_per_floor":[64,64,53,45,37,21,25,16,16,16,17,43,43,43,43,16,80,64,51,15,25,0],"gold":127,"neow_bonus":"THREE_RARE_CARDS","is_prod":false,"is_daily":false,"chose_seed":false,"campfire_upgraded":2,"win_rate":0.0,"timestamp":1532033601,"path_taken":["M","?","?","M","?","E","M","E","T","R","?","?","$","?","R","BOSS","M","M","M","M","M"],"build_version":"2018-07-12","purchased_purges":1,"victory":false,"max_hp_per_floor":[80,80,80,80,80,80,80,80,80,80,80,80,80,80,80,80,80,80,80,80,80,80],"card_choices":[{"not_picked":["Feed","Reaper"],"picked":"Barricade","floor":0},{"not_picked":["Thunderclap","Sword Boomerang"],"picked":"Feel No Pain","floor":1},{"not_picked":["Warcry","Iron Wave"],"picked":"Anger","floor":4},{"not_picked":["Twin Strike","Headbutt"],"picked":"Intimidate","floor":6},{"not_picked":["Heavy Blade","Sword Boomerang"],"picked":"Dropkick","floor":7},{"not_picked":["Twin Strike","Pommel Strike"],"picked":"Perfected Strike","floor":8},{"not_picked":["Uppercut","Flex","Twin Strike"],"picked":"True Grit","floor":11},{"not_picked":["Limit Break","Demon Form","Berserk"],"picked":"Juggernaut","floor":16},{"not_picked":["Searing Blow","Sword Boomerang","True Grit"],"picked":"Entrench","floor":18},{"not_picked":["Sword Boomerang","Flex","Cleave"],"picked":"Shrug It Off","floor":19},{"not_picked":["Armaments","Battle Trance","Dropkick"],"picked":"Seeing Red+1","floor":20},{"not_picked":["Perfected Strike","Inflame","Corruption"],"picked":"Warcry+1","floor":21}],"player_experience":7530,"relics_obtained":[{"floor":6,"key":"Magic Flower"},{"floor":8,"key":"Mercury Hourglass"},{"floor":9,"key":"Question Card"},{"floor":17,"key":"Bronze Scales"},{"floor":17,"key":"Ornamental Fan"},{"floor":17,"key":"Ginger"}],"event_choices":[{"event_name":"World of Goop","player_choice":"Gather Gold","floor":3,"damage_taken":0},{"event_name":"FaceTrader","player_choice":"Touch","floor":5,"damage_taken":0},{"event_name":"Big Fish","player_choice":"Banana","floor":12,"damage_taken":0},{"event_name":"Living Wall","player_choice":"Grow","floor":14,"damage_taken":0}],"boss_relics":[{"not_picked":["Lizard Tail","Cursed Key"],"picked":"Calling Bell"}],"items_purged_floors":[2],"is_endless":false,"potions_floor_spawned":[4,7,18,20],"killed_by":"3 Cultists","ascension_level":0}