{"gold_per_floor":[164,175,30,44,58,58,87,87,87,87,47,63,143,174,174,279,279,298,269,269,269],"floor_reached":21,"playtime":759,"items_purged":[],"score":284,"play_id":"4e67462a-4add-4ad8-a1f5-c5fb729488e6","local_time":"20181109172219","is_ascension_mode":true,"campfire_choices":[{"data":"Neutralize","floor":6,"key":"SMITH"},{"floor":8,"key":"REST"},{"data":"Flying Knee","floor":10,"key":"SMITH"},{"floor":15,"key":"REST"}],"neow_cost":"NONE","seed_source_timestamp":17252464908936,"circlet_count":0,"master_deck":["AscendersBane","Defend_G","Defend_G","Defend_G","Defend_G","Strike_G+1","Strike_G","Strike_G","Strike_G","Strike_G","Survivor","Neutralize+1","Dagger Throw","Caltrops","Backflip","Flying Knee+1","Caltrops","Deflect","Quick Slash","Terror","Sucker Punch","Die Die Die","Envenom"],"relics":["Tiny House","Centennial Puzzle","Meat on the Bone","Ice Cream","Black Star"],"potions_floor_usage":[21],"damage_taken":[{"damage":2,"enemies":"Jaw Worm","floor":1,"turns":6},{"damage":0,"enemies":"Small Slimes","floor":2,"turns":3},{"damage":0,"enemies":"Cultist","floor":4,"turns":5},{"damage":13,"enemies":"Exordium Thugs","floor":5,"turns":6},{"damage":22,"enemies":"Lagavulin","floor":7,"turns":9},{"damage":5,"enemies":"Looter","floor":12,"turns":4},{"damage":33,"enemies":"3 Sentries","floor":14,"turns":10},{"damage":27,"enemies":"The Guardian","floor":16,"turns":11},{"damage":21,"enemies":"Spheric Guardian","floor":18,"turns":4},{"damage":35,"enemies":"2 Thieves","floor":19,"turns":5},{"damage":53,"enemies":"Cultist and Chosen","floor":21,"turns":6}],"seed_played":"-2004947627433463063","potions_obtained":[{"floor":0,"key":"SpeedPotion"},{"floor":4,"key":"GamblersBrew"},{"floor":14,"key":"Regen Potion"}],"is_trial":false,"path_per_floor":["M","M","$","M","M","R","E","R","T","R","$","M","?","E","R","B",null,"M","M","?","M"],"character_chosen":"THE_SILENT","items_purchased":["Flying Knee","Caltrops","Deflect","Terror"],"campfire_rested":2,"item_purchase_floors":[3,3,3,11],"current_hp_per_floor":[66,66,66,66,53,53,31,53,53,53,53,48,48,27,49,34,65,44,21,21,0],"gold":269,"neow_bonus":"BOSS_RELIC","is_prod":false,"is_daily":false,"chose_seed":false,"campfire_upgraded":2,"win_rate":0,"timestamp":1541773339,"path_taken":["M","M","$","M","M","R","E","R","T","R","$","M","?","E","R","BOSS","M","M","?","?"],"build_version":"2018-11-08","purchased_purges":0,"victory":false,"max_hp_per_floor":[75,75,75,75,75,75,75,75,75,75,75,75,75,75,75,75,75,75,75,75,75],"card_choices":[{"not_picked":["Bane","Backflip"],"picked":"Dagger Throw","floor":0},{"not_picked":["Masterful Stab","Setup"],"picked":"Caltrops","floor":1},{"not_picked":["PiercingWail","Blade Dance"],"picked":"Backflip","floor":2},{"not_picked":["Bane","Prepared","Cloak And Dagger"],"picked":"SKIP","floor":4},{"not_picked":["Underhanded Strike","Outmaneuver"],"picked":"Quick Slash","floor":5},{"not_picked":["Setup","Doppelganger","Poisoned Stab"],"picked":"SKIP","floor":7},{"not_picked":["Deflect","Backflip"],"picked":"Sucker Punch","floor":12},{"not_picked":["Endless Agony","Underhanded Strike","Bouncing Flask"],"picked":"SKIP","floor":14},{"not_picked":["Unload","Corpse Explosion"],"picked":"Die Die Die","floor":16},{"not_picked":["Flying Knee+1","Outmaneuver+1","Catalyst"],"picked":"SKIP","floor":18},{"not_picked":["Prepared+1","Endless Agony","Outmaneuver"],"picked":"SKIP","floor":19}],"player_experience":504281,"relics_obtained":[{"floor":7,"key":"Centennial Puzzle"},{"floor":9,"key":"Meat on the Bone"},{"floor":14,"key":"Ice Cream"}],"event_choices":[{"damage_healed":0,"gold_gain":80,"player_choice":"Gained Gold","damage_taken":0,"max_hp_gain":0,"max_hp_loss":0,"event_name":"Golden Wing","floor":13,"gold_loss":0},{"damage_healed":0,"gold_gain":0,"cards_transformed":["Defend_G"],"player_choice":"Transformed","damage_taken":0,"max_hp_gain":0,"max_hp_loss":0,"event_name":"Transmorgrifier","floor":20,"gold_loss":0,"cards_obtained":["Envenom"]}],"is_beta":false,"boss_relics":[{"not_picked":["Calling Bell","HoveringKite"],"picked":"Black Star"}],"items_purged_floors":[],"is_endless":false,"potions_floor_spawned":[4,14],"killed_by":"Cultist and Chosen","ascension_level":10}