{"gold_per_floor":[118,268,268,63,80,106,106,133,207,207,227,259,259,292,292,365,365,385,385,385,0,0,25,25,25,25,36,36,70,88,88,88,159,159,177,177,177,139,159,159,175,208,208,228,228,256,256,274,274,274,274,274,27,58,58],"floor_reached":56,"playtime":2305,"items_purged":["Doubt","Strike_R+1"],"score":2130,"play_id":"636091d8-4cb2-4f3e-8dfe-e0ed82c94803","local_time":"20190427170401","is_ascension_mode":true,"campfire_choices":[{"data":"Whirlwind","floor":7.0,"key":"SMITH"},{"data":"Disarm","floor":10.0,"key":"SMITH"},{"data":"Inflame","floor":15.0,"key":"SMITH"},{"data":"Limit Break","floor":24.0,"key":"SMITH"},{"data":"Shrug It Off","floor":28.0,"key":"SMITH"},{"data":"Battle Trance","floor":32.0,"key":"SMITH"},{"data":"Flame Barrier","floor":40.0,"key":"SMITH"},{"floor":47.0,"key":"REST"},{"floor":49.0,"key":"RECALL"},{"data":"Feel No Pain","floor":52.0,"key":"SMITH"}],"neow_cost":"NONE","seed_source_timestamp":14576322578078,"circlet_count":0,"master_deck":["AscendersBane","Strike_R+1","Strike_R+1","Strike_R+1","Strike_R+1","Defend_R+1","Defend_R+1","Defend_R+1","Defend_R+1","Bash+1","Sword Boomerang+1","Shrug It Off+1","Whirlwind+1","Disarm+1","Battle Trance+1","Inflame+1","Reaper","Limit Break+1","Disarm","Shrug It Off","Fiend Fire","Sword Boomerang","Reaper","Feel No Pain+1","Dropkick","Flame Barrier+1","Metallicize","Uppercut+1","Disarm+1","Corruption","Inflame","Disarm+1","Disarm+1","Armaments+1","Offering","Shockwave+1"],"special_seed":0,"relics":["Burning Blood","NeowsBlessing","PreservedInsect","Boot","Pear","Question Card","Nunchaku","Blood Vial","Sozu","Dead Branch","Mercury Hourglass","Torii","Prayer Wheel","Lizard Tail","Bag of Marbles","Regal Pillow","StoneCalendar"],"potions_floor_usage":[55],"damage_taken":[{"damage":0.0,"enemies":"2 Louse","floor":1.0,"turns":1.0},{"damage":0.0,"enemies":"Jaw Worm","floor":5.0,"turns":1.0},{"damage":0.0,"enemies":"3 Sentries","floor":6.0,"turns":2.0},{"damage":16.0,"enemies":"Gremlin Nob","floor":8.0,"turns":3.0},{"damage":4.0,"enemies":"Small Slimes","floor":11.0,"turns":2.0},{"damage":21.0,"enemies":"Lagavulin","floor":12.0,"turns":5.0},{"damage":10.0,"enemies":"3 Sentries","floor":14.0,"turns":3.0},{"damage":24.0,"enemies":"Hexaghost","floor":16.0,"turns":10.0},{"damage":1.0,"enemies":"Spheric Guardian","floor":18.0,"turns":3.0},{"damage":38.0,"enemies":"Slavers","floor":23.0,"turns":3.0},{"damage":17.0,"enemies":"Chosen","floor":27.0,"turns":5.0},{"damage":3.0,"enemies":"Book of Stabbing","floor":29.0,"turns":5.0},{"damage":6.0,"enemies":"Centurion and Healer","floor":30.0,"turns":5.0},{"damage":67.0,"enemies":"Automaton","floor":33.0,"turns":8.0},{"damage":21.0,"enemies":"3 Shapes","floor":35.0,"turns":7.0},{"damage":1.0,"enemies":"Orb Walker","floor":39.0,"turns":3.0},{"damage":14.0,"enemies":"Maw","floor":41.0,"turns":7.0},{"damage":78.0,"enemies":"Reptomancer","floor":42.0,"turns":7.0},{"damage":0.0,"enemies":"Spire Growth","floor":44.0,"turns":4.0},{"damage":46.0,"enemies":"Nemesis","floor":46.0,"turns":7.0},{"damage":44.0,"enemies":"4 Shapes","floor":48.0,"turns":4.0},{"damage":13.0,"enemies":"Time Eater","floor":50.0,"turns":8.0},{"damage":40.0,"enemies":"Shield and Spear","floor":54.0,"turns":7.0},{"damage":112,"enemies":"The Heart","floor":55,"turns":10}],"seed_played":"6469395533149913653","potions_obtained":[{"floor":5.0,"key":"Swift Potion"},{"floor":8.0,"key":"Strength Potion"}],"is_trial":false,"path_per_floor":["M","?","?","$","M","E","R","E","T","R","M","E","T","E","R","B",null,"M","?","?","$","?","E","R","$","T","M","R","E","M","?","R","B",null,"M","$","?","$","M","R","M","E","T","M","?","E","R","M","R","B",null,"R","$","E","B",null],"character_chosen":"IRONCLAD","items_purchased":["Shrug It Off","Whirlwind","Disarm","Dead Branch","Flame Barrier","Offering"],"campfire_rested":1,"item_purchase_floors":[4,4,21,21,38,53],"current_hp_per_floor":[74,74,51,51,57,63,63,53,63,63,65,50,50,51,51,40,74,81,81,56,56,56,31,31,31,31,32,32,47,60,60,60,17,72,88,88,88,88,90,90,90,33,33,48,43,17,59,43,43,58,82,82,82,50,9],"gold":58,"neow_bonus":"THREE_ENEMY_KILL","is_prod":false,"is_daily":false,"chose_seed":false,"campfire_upgraded":8,"win_rate":0,"timestamp":1556373841,"path_taken":["M","?","?","$","M","E","R","E","T","R","M","E","?","E","R","BOSS","M","?","?","$","?","E","R","?","T","M","R","E","M","?","R","BOSS","M","$","?","$","M","R","M","E","T","M","?","E","R","M","R","BOSS","R","$","E","BOSS"],"build_version":"2019-01-23","purchased_purges":2,"victory":true,"max_hp_per_floor":[75,75,75,75,75,75,75,75,85,85,85,85,85,85,85,85,85,85,85,90,90,90,90,90,90,90,90,90,90,90,90,90,90,90,90,90,90,90,90,90,90,90,90,90,90,90,90,90,90,90,90,90,90,90,90],"card_choices":[{"not_picked":["Body Slam","Burning Pact"],"picked":"Sword Boomerang","floor":1.0},{"not_picked":["Havoc","Cleave"],"picked":"Disarm","floor":5.0},{"not_picked":["Pommel Strike","Double Tap"],"picked":"Battle Trance","floor":6.0},{"not_picked":["Whirlwind","Perfected Strike","Rage"],"picked":"SKIP","floor":8.0},{"not_picked":["Ghostly Armor","Armaments"],"picked":"Inflame","floor":11.0},{"not_picked":["Wild Strike","Bludgeon"],"picked":"Reaper","floor":12.0},{"not_picked":["Power Through","Flex","Fire Breathing","Wild Strike"],"picked":"SKIP","floor":14.0},{"not_picked":["Impervious","Berserk","Reaper"],"picked":"Limit Break","floor":16.0},{"not_picked":["Infernal Blade","Perfected Strike","Rampage","Pummel+1"],"picked":"SKIP","floor":18.0},{"not_picked":["Clothesline+1","Bloodletting","Armaments+1"],"picked":"Shrug It Off","floor":23.0},{"not_picked":["Armaments","Warcry+1","Pommel Strike+1","Flex"],"picked":"SKIP","floor":27.0},{"not_picked":["Fiend Fire","Second Wind","True Grit","Burning Pact"],"picked":"SKIP","floor":29.0},{"not_picked":["Second Wind","True Grit","Burning Pact"],"picked":"Fiend Fire","floor":29.0},{"not_picked":["Clash","Headbutt+1","Cleave"],"picked":"Sword Boomerang","floor":30.0},{"not_picked":["Power Through","Infernal Blade","Rupture","Warcry"],"picked":"SKIP","floor":30.0},{"not_picked":["Bludgeon","Demon Form","Impervious"],"picked":"Reaper","floor":33.0},{"not_picked":["Sentinel","Sword Boomerang","Iron Wave+1"],"picked":"Feel No Pain","floor":35.0},{"not_picked":["Havoc","Thunderclap","Combust"],"picked":"Dropkick","floor":35.0},{"not_picked":["Iron Wave","Armaments","Clash"],"picked":"Metallicize","floor":39.0},{"not_picked":["Sword Boomerang","Body Slam","Flex"],"picked":"Uppercut+1","floor":39.0},{"not_picked":["Clash","Power Through","Fire Breathing"],"picked":"Disarm+1","floor":41.0},{"not_picked":["Body Slam","Uppercut","Infernal Blade","Sever Soul"],"picked":"SKIP","floor":41.0},{"not_picked":["Thunderclap","Carnage+1","Rampage"],"picked":"Corruption","floor":42.0},{"not_picked":["Whirlwind","Anger+1","Headbutt"],"picked":"Inflame","floor":44.0},{"not_picked":["Wild Strike","Metallicize","Reaper"],"picked":"Disarm+1","floor":44.0},{"not_picked":["Pummel+1","True Grit","Fire Breathing+1"],"picked":"Disarm+1","floor":46.0},{"not_picked":["Heavy Blade","Fire Breathing","Body Slam"],"picked":"Armaments+1","floor":48.0},{"not_picked":["True Grit","Armaments","Headbutt","Wild Strike"],"picked":"SKIP","floor":48.0},{"not_picked":["Hemokinesis","Rampage+1","Wild Strike"],"picked":"Shockwave+1","floor":54.0}],"player_experience":869964,"relics_obtained":[{"floor":6.0,"key":"PreservedInsect"},{"floor":8.0,"key":"Boot"},{"floor":9.0,"key":"Pear"},{"floor":12.0,"key":"Question Card"},{"floor":13.0,"key":"Nunchaku"},{"floor":14.0,"key":"Blood Vial"},{"floor":23.0,"key":"Mercury Hourglass"},{"floor":26.0,"key":"Torii"},{"floor":29.0,"key":"Prayer Wheel"},{"floor":42.0,"key":"Bag of Marbles"},{"floor":46.0,"key":"Regal Pillow"},{"floor":54.0,"key":"StoneCalendar"}],"event_choices":[{"damage_healed":0.0,"max_hp_gain":0.0,"max_hp_loss":0.0,"gold_gain":150.0,"event_name":"Liars Game","player_choice":"AGREE","floor":2.0,"gold_loss":0.0,"damage_taken":0.0,"cards_obtained":["Doubt"]},{"damage_healed":0.0,"max_hp_gain":0.0,"max_hp_loss":0.0,"gold_gain":0.0,"event_name":"Shining Light","player_choice":"Entered Light","floor":3.0,"gold_loss":0.0,"damage_taken":23.0,"cards_upgraded":["Sword Boomerang","Bash"]},{"damage_healed":0.0,"max_hp_gain":0.0,"max_hp_loss":0.0,"gold_gain":0.0,"event_name":"Back to Basics","player_choice":"Simplicity","floor":19.0,"gold_loss":0.0,"damage_taken":0.0,"cards_upgraded":["Strike_R","Strike_R","Strike_R","Strike_R","Strike_R","Defend_R","Defend_R","Defend_R","Defend_R"]},{"damage_healed":0.0,"max_hp_gain":5.0,"max_hp_loss":0.0,"gold_gain":0.0,"event_name":"Forgotten Altar","player_choice":"Shed Blood","floor":20.0,"gold_loss":0.0,"damage_taken":30.0},{"damage_healed":0.0,"max_hp_gain":0.0,"max_hp_loss":0.0,"gold_gain":0.0,"event_name":"Vampires","player_choice":"Ignored","floor":22.0,"gold_loss":0.0,"damage_taken":0.0},{"damage_healed":0.0,"max_hp_gain":0.0,"max_hp_loss":0.0,"gold_gain":0.0,"event_name":"Ghosts","player_choice":"Ignored","floor":31.0,"gold_loss":0.0,"damage_taken":0.0},{"damage_healed":0.0,"max_hp_gain":0.0,"max_hp_loss":0.0,"gold_gain":0.0,"event_name":"Tomb of Lord Red Mask","player_choice":"Ignored","floor":37.0,"gold_loss":0.0,"damage_taken":0.0},{"damage_healed":0.0,"max_hp_gain":0.0,"max_hp_loss":0.0,"gold_gain":0.0,"event_name":"The Woman in Blue","player_choice":"Bought 0 Potions","floor":45.0,"gold_loss":0.0,"damage_taken":0.0}],"is_beta":false,"boss_relics":[{"not_picked":["Fusion Hammer","White Beast Statue"],"picked":"Sozu"},{"not_picked":["Velvet Choker","Orrery"],"picked":"Lizard Tail"}],"items_purged_floors":[4,53],"is_endless":false,"potions_floor_spawned":[5,8,11,23,27,29,35,42,44],"ascension_level":15}