{"gold_per_floor":[112,287,287,287,306,340,365,406,406,429,452,475,493,514,514,514],"floor_reached":16,"playtime":574,"items_purged":[],"score":212,"play_id":"ddff998b-08cf-4f03-b237-8b38c17a1037","local_time":"20190719122610","is_ascension_mode":true,"campfire_choices":[{"data":"Zap","floor":15,"key":"SMITH"}],"neow_cost":"NONE","seed_source_timestamp":96230960226345,"circlet_count":0,"master_deck":["AscendersBane","Strike_B","Strike_B","Strike_B","Strike_B","Defend_B","Defend_B","Defend_B","Defend_B","Zap+1","Dualcast","Go for the Eyes","Beam Cell","Steam","Gash","Fusion","Self Repair","Chill","Go for the Eyes"],"special_seed":0,"relics":["Cracked Core","NeowsBlessing","Golden Idol","Meat on the Bone","The Courier","Bottled Flame"],"potions_floor_usage":[13,16],"damage_taken":[{"damage":0.0,"enemies":"2 Louse","floor":1.0,"turns":1.0},{"damage":0.0,"enemies":"Small Slimes","floor":5.0,"turns":1.0},{"damage":0.0,"enemies":"3 Sentries","floor":6.0,"turns":1.0},{"damage":15.0,"enemies":"Jaw Worm","floor":7.0,"turns":4.0},{"damage":31.0,"enemies":"Gremlin Nob","floor":8.0,"turns":4.0},{"damage":10.0,"enemies":"Gremlin Gang","floor":10.0,"turns":7.0},{"damage":23.0,"enemies":"Lots of Slimes","floor":11.0,"turns":3.0},{"damage":4.0,"enemies":"3 Louse","floor":12.0,"turns":3.0},{"damage":11,"enemies":"Exordium Thugs","floor":13,"turns":4},{"damage":4,"enemies":"Looter","floor":14,"turns":3},{"damage":52,"enemies":"The Guardian","floor":16,"turns":10}],"seed_played":"5777155945548028155","potions_obtained":[{"floor":5.0,"key":"FocusPotion"},{"floor":8.0,"key":"SmokeBomb"},{"floor":11.0,"key":"FocusPotion"},{"floor":12.0,"key":"SteroidPotion"}],"is_trial":false,"path_per_floor":["M","?","?","?","M","E","M","E","T","M","M","M","M","M","R","B"],"character_chosen":"DEFECT","items_purchased":[],"campfire_rested":0,"item_purchase_floors":[],"current_hp_per_floor":[68,68,50,50,50,50,47,28,28,30,19,27,35,50,50,0],"gold":514,"neow_bonus":"THREE_ENEMY_KILL","is_prod":false,"is_daily":false,"chose_seed":false,"campfire_upgraded":1,"win_rate":0,"timestamp":1563564370,"path_taken":["M","?","?","?","M","E","M","E","T","?","M","M","M","M","R","BOSS"],"build_version":"2019-07-17","purchased_purges":0,"victory":false,"max_hp_per_floor":[75,75,75,75,75,75,75,75,75,75,75,75,75,75,75,75],"card_choices":[{"not_picked":["Coolheaded","Leap"],"picked":"Go for the Eyes","floor":1.0},{"not_picked":["Coolheaded","Turbo","Lockon"],"picked":"SKIP","floor":5.0},{"not_picked":["Go for the Eyes","Steam Power"],"picked":"Beam Cell","floor":6.0},{"not_picked":["Ball Lightning","Sweeping Beam","White Noise"],"picked":"SKIP","floor":7.0},{"not_picked":["Cold Snap","Turbo"],"picked":"Steam","floor":8.0},{"not_picked":["Capacitor","Go for the Eyes"],"picked":"Gash","floor":10.0},{"not_picked":["Redo","Cold Snap"],"picked":"Fusion","floor":11.0},{"not_picked":["Rebound","Hyperbeam"],"picked":"Self Repair","floor":12.0},{"not_picked":["Redo","Consume"],"picked":"Chill","floor":13},{"not_picked":["Fusion","Stack"],"picked":"Go for the Eyes","floor":14}],"player_experience":636506,"relics_obtained":[{"floor":6.0,"key":"Meat on the Bone"},{"floor":8.0,"key":"The Courier"},{"floor":9.0,"key":"Bottled Flame"}],"event_choices":[{"damage_healed":0.0,"max_hp_gain":0.0,"max_hp_loss":0.0,"gold_gain":175.0,"event_name":"Liars Game","player_choice":"AGREE","floor":2.0,"gold_loss":0.0,"damage_taken":0.0,"cards_obtained":["Doubt"]},{"damage_healed":0.0,"max_hp_gain":0.0,"max_hp_loss":0.0,"gold_gain":0.0,"event_name":"Golden Idol","player_choice":"Take Damage","floor":3.0,"gold_loss":0.0,"damage_taken":18.0,"relics_obtained":["Golden Idol"]},{"cards_removed":["Doubt"],"damage_healed":0.0,"max_hp_gain":0.0,"max_hp_loss":0.0,"gold_gain":0.0,"event_name":"Living Wall","player_choice":"Forget","floor":4.0,"gold_loss":0.0,"damage_taken":0.0}],"is_beta":false,"boss_relics":[],"items_purged_floors":[],"is_endless":false,"potions_floor_spawned":[5,8,11,12],"killed_by":"The Guardian","ascension_level":10}