{"gold_per_floor":[114,134,209,220,166,166,191,191,237,105,140,151,151,167,167,240,240,250,175,175,185,45,45,57,57,83,95,112,112,27,39,39,39],"floor_reached":33,"playtime":1731,"items_purged":[],"score":589,"play_id":"7af70edd-befb-44cd-b971-3f2edbaf3473","local_time":"20190731143339","is_ascension_mode":true,"campfire_choices":[{"data":"Bash","floor":6.0,"key":"SMITH"},{"data":"Perfected Strike","floor":8.0,"key":"SMITH"},{"data":"Battle Trance","floor":15.0,"key":"SMITH"},{"data":"Perfected Strike","floor":23.0,"key":"SMITH"},{"data":"Heavy Blade","floor":32,"key":"SMITH"}],"neow_cost":"NONE","seed_source_timestamp":159324501557101,"circlet_count":0,"master_deck":["AscendersBane","Strike_R+1","Strike_R+1","Strike_R+1","Strike_R+1","Strike_R+1","Defend_R+1","Defend_R+1","Defend_R+1","Defend_R+1","Bash+1","Perfected Strike+1","Heavy Blade+1","Pommel Strike","Battle Trance+1","Spot Weakness+1","Feed","Pommel Strike","Perfected Strike+1","Twin Strike","Pummel","Pommel Strike"],"special_seed":0,"relics":["Burning Blood","Boot","Oddly Smooth Stone","Singing Bowl","Pen Nib","Velvet Choker","Bronze Scales","Mummified Hand"],"potions_floor_usage":[31],"damage_taken":[{"damage":7.0,"enemies":"Small Slimes","floor":1.0,"turns":3.0},{"damage":7.0,"enemies":"2 Louse","floor":2.0,"turns":3.0},{"damage":1.0,"enemies":"Cultist","floor":4.0,"turns":3.0},{"damage":20.0,"enemies":"3 Sentries","floor":7.0,"turns":7.0},{"damage":34.0,"enemies":"Lagavulin","floor":11.0,"turns":4.0},{"damage":5.0,"enemies":"Looter","floor":12.0,"turns":2.0},{"damage":11.0,"enemies":"Red Slaver","floor":14.0,"turns":3.0},{"damage":40.0,"enemies":"The Guardian","floor":16.0,"turns":10.0},{"damage":17.0,"enemies":"Shell Parasite","floor":18.0,"turns":3.0},{"damage":6.0,"enemies":"Chosen","floor":21.0,"turns":3.0},{"damage":18.0,"enemies":"Snecko","floor":24.0,"turns":4.0},{"damage":6.0,"enemies":"Chosen and Byrds","floor":27.0,"turns":3.0},{"damage":0.0,"enemies":"Snake Plant","floor":28.0,"turns":2.0},{"damage":6,"enemies":"Shelled Parasite and Fungi","floor":31,"turns":2},{"damage":95,"enemies":"Collector","floor":33,"turns":6}],"seed_played":"6814790793251033427","potions_obtained":[{"floor":1.0,"key":"Energy Potion"},{"floor":7.0,"key":"Energy Potion"},{"floor":11.0,"key":"SpeedPotion"},{"floor":24.0,"key":"SteroidPotion"},{"floor":31,"key":"Ancient Potion"}],"is_trial":false,"path_per_floor":["M","M","?","M","$","R","E","R","T","?","E","M","?","M","R","B",null,"M","?","?","M","$","R","M","$","T","M","M","?","?","M","R","B"],"character_chosen":"IRONCLAD","items_purchased":["SteroidPotion","Twin Strike","Pummel"],"campfire_rested":0,"item_purchase_floors":[5,22,22],"current_hp_per_floor":[67,66,55,60,60,60,46,46,46,46,18,21,77,72,72,38,67,56,56,56,59,59,59,47,47,47,52,63,63,63,68,68,0],"gold":39,"neow_bonus":"THREE_CARDS","is_prod":false,"is_daily":false,"chose_seed":false,"campfire_upgraded":5,"win_rate":0,"timestamp":1564598019,"path_taken":["M","M","?","M","$","R","E","R","T","?","E","?","?","M","R","BOSS","M","?","?","M","$","R","?","?","T","M","M","?","?","M","R","BOSS"],"build_version":"2019-07-17","purchased_purges":0,"victory":false,"max_hp_per_floor":[75,75,75,75,75,75,75,75,75,75,75,77,77,77,77,77,77,77,77,77,80,80,80,80,80,80,85,90,90,90,95,95,95],"card_choices":[{"not_picked":["Warcry","Heavy Blade"],"picked":"Reckless Charge","floor":0.0},{"not_picked":["Spot Weakness","Uppercut"],"picked":"Perfected Strike","floor":1.0},{"not_picked":["Flex","Bloodletting"],"picked":"Heavy Blade","floor":2.0},{"not_picked":["Sword Boomerang","Thunderclap"],"picked":"Pommel Strike","floor":4.0},{"not_picked":["Havoc","Entrench"],"picked":"Anger","floor":7.0},{"not_picked":["Sword Boomerang","Perfected Strike"],"picked":"Battle Trance","floor":11.0},{"not_picked":["Bloodletting","Flex","Heavy Blade"],"picked":"Singing Bowl","floor":12.0},{"not_picked":["Clothesline","Clash"],"picked":"Spot Weakness","floor":14.0},{"not_picked":["Juggernaut","Barricade"],"picked":"Feed","floor":16.0},{"not_picked":["Heavy Blade","Power Through+1"],"picked":"Pommel Strike","floor":18.0},{"not_picked":["Combust","Reckless Charge"],"picked":"Perfected Strike","floor":21.0},{"not_picked":["Heavy Blade","Havoc+1"],"picked":"Pommel Strike","floor":24.0},{"not_picked":["Feel No Pain","Reckless Charge","Heavy Blade"],"picked":"Singing Bowl","floor":27.0},{"not_picked":["Armaments","Power Through","Thunderclap"],"picked":"Singing Bowl","floor":28.0},{"not_picked":["Juggernaut","Body Slam","Havoc"],"picked":"Singing Bowl","floor":31}],"player_experience":2533051,"relics_obtained":[{"floor":7.0,"key":"Boot"},{"floor":9.0,"key":"Oddly Smooth Stone"},{"floor":11.0,"key":"Pen Nib"},{"floor":26.0,"key":"Bronze Scales"}],"event_choices":[{"damage_healed":0.0,"max_hp_gain":0.0,"max_hp_loss":0.0,"gold_gain":75.0,"event_name":"World of Goop","player_choice":"Gather Gold","floor":3.0,"gold_loss":0.0,"damage_taken":11.0},{"damage_healed":0.0,"max_hp_gain":0.0,"max_hp_loss":0.0,"gold_gain":0.0,"event_name":"WeMeetAgain","player_choice":"Paid Gold","floor":10.0,"gold_loss":132.0,"damage_taken":0.0,"relics_obtained":["Singing Bowl"]},{"cards_removed":["Reckless Charge"],"damage_healed":56.0,"max_hp_gain":0.0,"max_hp_loss":0.0,"gold_gain":0.0,"event_name":"Bonfire Elementals","player_choice":"Offered Uncommon","floor":13.0,"gold_loss":0.0,"damage_taken":0.0},{"cards_removed":["Anger"],"damage_healed":0.0,"max_hp_gain":0.0,"max_hp_loss":0.0,"gold_gain":0.0,"event_name":"Beggar","player_choice":"Gave Gold","floor":19.0,"gold_loss":75.0,"damage_taken":0.0},{"damage_healed":0.0,"max_hp_gain":0.0,"max_hp_loss":0.0,"gold_gain":0.0,"event_name":"Upgrade Shrine","player_choice":"Upgraded","floor":20.0,"gold_loss":0.0,"damage_taken":0.0,"cards_upgraded":["Spot Weakness"]},{"damage_healed":0.0,"max_hp_gain":0.0,"max_hp_loss":0.0,"gold_gain":0.0,"event_name":"Back to Basics","player_choice":"Simplicity","floor":29.0,"gold_loss":0.0,"damage_taken":0.0,"cards_upgraded":["Strike_R","Strike_R","Strike_R","Strike_R","Strike_R","Defend_R","Defend_R","Defend_R","Defend_R"]},{"damage_healed":0.0,"max_hp_gain":0.0,"max_hp_loss":0.0,"gold_gain":0.0,"event_name":"Addict","player_choice":"Obtained Relic","floor":30.0,"gold_loss":85.0,"damage_taken":0.0,"relics_obtained":["Mummified Hand"]}],"is_beta":false,"boss_relics":[{"not_picked":["Lizard Tail","Snecko Eye"],"picked":"Velvet Choker"}],"items_purged_floors":[],"is_endless":false,"potions_floor_spawned":[1,7,11,24,27,31],"killed_by":"Collector","ascension_level":20}