{"gold_per_floor":[113,132,132,132,132,132,158,83,83,99,109,9,9,22,22,122,122,133,233,332,300,300,300,101,16,16,36,36,36,66,80,80,182,182,202,202,202,214,214,248,267,147,174,191,238,248,76,0,0,0],"floor_reached":51,"playtime":3544,"items_purged":["Strike_G","Strike_G","Defend_G","Defend_G+1","Skewer+1"],"score":718,"play_id":"90a1baa6-7fff-4487-b61b-74a524df62eb","local_time":"20181013220029","is_ascension_mode":false,"campfire_choices":[{"data":"Neutralize","floor":6.0,"key":"SMITH"},{"data":"Blur","floor":15.0,"key":"SMITH"},{"data":"Noxious Fumes","floor":28.0,"key":"SMITH"},{"data":"A Thousand Cuts","floor":32.0,"key":"SMITH"},{"data":"Blur","floor":49.0,"key":"SMITH"}],"neow_cost":"NONE","seed_source_timestamp":0,"circlet_count":0,"master_deck":["Survivor+1","Neutralize+1","Deflect+1","Blur+1","Well Laid Plans","A Thousand Cuts+1","Blur+1","Blur","Noxious Fumes+1","Corpse Explosion+1","Tools of the Trade+1"],"special_seed":0,"relics":["Busted Crown","Mummified Hand","Question Card","Shuriken","Matryoshka","Empty Cage","War Paint","Oddly Smooth Stone","The Courier","Potion Belt","Astrolabe","Ginger","Regal Pillow","Boot","Smiling Mask","Gambling Chip","Juzu Bracelet","Red Mask"],"potions_floor_usage":[50,50,50],"damage_taken":[{"damage":0.0,"enemies":"2 Louse","floor":1.0,"turns":3.0},{"damage":2.0,"enemies":"Small Slimes","floor":2.0,"turns":5.0},{"damage":16.0,"enemies":"Gremlin Nob","floor":7.0,"turns":6.0},{"damage":2.0,"enemies":"Jaw Worm","floor":10.0,"turns":4.0},{"damage":0.0,"enemies":"Blue Slaver","floor":11.0,"turns":6.0},{"damage":0.0,"enemies":"2 Fungi Beasts","floor":14.0,"turns":6.0},{"damage":8.0,"enemies":"Slime Boss","floor":16.0,"turns":37.0},{"damage":5.0,"enemies":"Spheric Guardian","floor":18.0,"turns":16.0},{"damage":3.0,"enemies":"2 Thieves","floor":21.0,"turns":5.0},{"damage":0.0,"enemies":"Snecko","floor":27.0,"turns":13.0},{"damage":14.0,"enemies":"Gremlin Leader","floor":30.0,"turns":10.0},{"damage":0.0,"enemies":"Snake Plant","floor":31.0,"turns":6.0},{"damage":1.0,"enemies":"Automaton","floor":33.0,"turns":15.0},{"damage":0.0,"enemies":"Orb Walker","floor":35.0,"turns":4.0},{"damage":7.0,"enemies":"3 Shapes","floor":38.0,"turns":3.0},{"damage":0.0,"enemies":"Mind Bloom Boss Battle","floor":39.0,"turns":8.0},{"damage":0.0,"enemies":"Giant Head","floor":40.0,"turns":10.0},{"damage":0.0,"enemies":"3 Darklings","floor":41.0,"turns":3.0},{"damage":0.0,"enemies":"4 Shapes","floor":44.0,"turns":3.0},{"damage":7.0,"enemies":"Mysterious Sphere","floor":45.0,"turns":3.0},{"damage":0.0,"enemies":"Spire Growth","floor":46.0,"turns":6.0},{"damage":9,"enemies":"Awakened One","floor":50,"turns":15}],"seed_played":"2349194471671992034","potions_obtained":[{"floor":1.0,"key":"Dexterity Potion"},{"floor":7.0,"key":"EssenceOfSteel"},{"floor":10.0,"key":"Ancient Potion"},{"floor":14.0,"key":"Swift Potion"},{"floor":18.0,"key":"Dexterity Potion"},{"floor":21.0,"key":"Ancient Potion"},{"floor":23.0,"key":"Swift Potion"},{"floor":30.0,"key":"Dexterity Potion"},{"floor":31.0,"key":"Energy Potion"},{"floor":33.0,"key":"SpeedPotion"},{"floor":35.0,"key":"Ancient Potion"},{"floor":41.0,"key":"LiquidBronze"},{"floor":46.0,"key":"Energy Potion"}],"is_trial":false,"path_per_floor":["M","M","?","?","T","R","E","$","T","M","M","$","?","M","R","B",null,"M","?","?","M","?","?","$","?","T","M","R","?","E","M","R","B",null,"M","?","?","M","?","E","M","$","T","M","?","M","$","?","R","B"],"character_chosen":"THE_SILENT","items_purchased":["Noxious Fumes","Juzu Bracelet"],"campfire_rested":0,"item_purchase_floors":[24,47],"current_hp_per_floor":[70,68,54,54,54,54,38,38,38,36,36,36,33,33,33,25,70,65,65,65,62,62,62,62,62,62,62,62,62,48,48,48,47,70,70,66,66,59,59,59,59,59,59,59,52,52,52,52,52,43],"gold":0,"neow_bonus":"BOSS_RELIC","is_prod":false,"is_daily":false,"chose_seed":false,"campfire_upgraded":5,"win_rate":0,"timestamp":1539493229,"path_taken":["M","M","?","?","?","R","E","$","T","?","M","$","?","M","R","BOSS","M","?","?","M","?","?","$","?","T","M","R","?","E","M","R","BOSS","M","?","?","M","?","E","?","$","T","M","?","M","$","?","R","BOSS"],"build_version":"2018-10-11","purchased_purges":5,"victory":true,"max_hp_per_floor":[70,70,70,70,70,70,70,70,70,70,70,70,70,70,70,70,70,70,70,70,70,70,70,70,70,70,70,70,70,70,70,70,70,70,70,66,66,66,66,66,66,66,66,66,66,66,66,66,66,66],"card_choices":[{"not_picked":["All Out Attack"],"picked":"SKIP","floor":1.0},{"not_picked":["Dagger Throw"],"picked":"SKIP","floor":2.0},{"not_picked":[],"picked":"Deflect","floor":7.0},{"not_picked":["Outmaneuver"],"picked":"Blur","floor":10.0},{"not_picked":["Blade Dance","PiercingWail"],"picked":"SKIP","floor":11.0},{"not_picked":["Grand Finale"],"picked":"Well Laid Plans","floor":14.0},{"not_picked":["Bullet Time"],"picked":"A Thousand Cuts","floor":16.0},{"not_picked":["Sucker Punch"],"picked":"Blur","floor":18.0},{"not_picked":["Escape Plan","Acrobatics"],"picked":"SKIP","floor":21.0},{"not_picked":["Poisoned Stab","Choke"],"picked":"SKIP","floor":27.0},{"not_picked":["Slice+1","Dash"],"picked":"SKIP","floor":30.0},{"not_picked":["Bullet Time","Dodge and Roll"],"picked":"SKIP","floor":31.0},{"not_picked":["Dagger Spray","Dagger Throw+1"],"picked":"SKIP","floor":35.0},{"not_picked":["Blade Dance+1","Cloak And Dagger"],"picked":"SKIP","floor":38.0},{"not_picked":["Flechettes+1","Masterful Stab+1"],"picked":"SKIP","floor":40.0},{"not_picked":["Poisoned Stab","Quick Slash"],"picked":"SKIP","floor":41.0},{"not_picked":["Slice","Predator"],"picked":"SKIP","floor":44.0},{"not_picked":["Deadly Poison","Crippling Poison"],"picked":"SKIP","floor":46.0}],"player_experience":371945,"relics_obtained":[{"floor":5.0,"key":"Mummified Hand"},{"floor":7.0,"key":"Question Card"},{"floor":9.0,"key":"Shuriken"},{"floor":26.0,"key":"Oddly Smooth Stone"},{"floor":26.0,"key":"The Courier"},{"floor":30.0,"key":"Potion Belt"},{"floor":39.0,"key":"Ginger"},{"floor":40.0,"key":"Regal Pillow"},{"floor":43.0,"key":"Boot"},{"floor":43.0,"key":"Smiling Mask"},{"floor":45.0,"key":"Gambling Chip"}],"event_choices":[{"event_name":"Shining Light","player_choice":"Entered Light","floor":3.0,"damage_taken":0.0},{"event_name":"Liars Game","player_choice":"disagreed","floor":4.0,"damage_taken":0.0},{"event_name":"Scrap Ooze","player_choice":"success","floor":13.0,"damage_taken":3.0},{"event_name":"Golden Shrine","player_choice":"Pray","floor":19.0,"damage_taken":0.0},{"event_name":"Nest","player_choice":"Stole From Cult","floor":20.0,"damage_taken":0.0},{"event_name":"The Library","player_choice":"Read","floor":22.0,"damage_taken":0.0},{"event_name":"The Lab","player_choice":"Got Potions","floor":23.0,"damage_taken":0.0},{"event_name":"Addict","player_choice":"Obtained Relic","floor":25.0,"damage_taken":0.0},{"event_name":"Bonfire Elementals","player_choice":"BASIC","floor":29.0,"damage_taken":0.0},{"event_name":"Winding Halls","player_choice":"Max HP","floor":36.0,"damage_taken":0.0},{"event_name":"The Woman in Blue","player_choice":"Bought 0 Potions","floor":37.0,"damage_taken":0.0},{"event_name":"MindBloom","player_choice":"Fight","floor":39.0,"damage_taken":0.0},{"event_name":"Mysterious Sphere","player_choice":"Fight","floor":45.0,"damage_taken":0.0},{"event_name":"Tomb of Lord Red Mask","player_choice":"Paid","floor":48.0,"damage_taken":0.0}],"is_beta":false,"boss_relics":[{"not_picked":["Velvet Choker","Runic Dome"],"picked":"Empty Cage"},{"not_picked":["HoveringKite","WristBlade"],"picked":"Astrolabe"}],"items_purged_floors":[8,12,24,42,47],"is_endless":false,"potions_floor_spawned":[1,7,10,14,18,21,30,31,33,35,40,41,46],"ascension_level":0}