{"gold_per_floor":[119,294,310,138,154,154,184,184,184,202,212,162,185,33,33,131,131,144,144,19,39,57,57,91,53,53,53,53,73,73,89,89,187,187,204,204,204,216,144,144,173,173,173,198,198,9,24,35,35,35],"floor_reached":51,"playtime":2262,"items_purged":["Doubt","Strike_B","Strike_B"],"score":1207,"play_id":"2f850b8e-af0c-4b7a-86f3-b2e1aecf6c36","local_time":"20181229032511","is_ascension_mode":true,"campfire_choices":[{"data":"Defragment","floor":6.0,"key":"SMITH"},{"floor":8.0,"key":"REST"},{"data":"Glacier","floor":15.0,"key":"SMITH"},{"data":"Hologram","floor":23.0,"key":"SMITH"},{"floor":27,"key":"REST"},{"data":"Defragment","floor":30,"key":"SMITH"},{"data":"Glacier","floor":32,"key":"SMITH"},{"floor":40,"key":"REST"},{"floor":42,"key":"REST"},{"data":"Recycle","floor":45,"key":"SMITH"},{"data":"Consume","floor":49,"key":"SMITH"}],"neow_cost":"NONE","seed_source_timestamp":136517852756204,"circlet_count":0,"master_deck":["Defend_B","Defend_B","Defend_B","Zap+1","Dualcast","Blizzard+1","Defragment+1","Leap","Ball Lightning+1","Cold Snap+1","Conserve Battery","Glacier+1","Hologram+1","Seek","Glacier+1","FTL","White Noise","Barrage+1","Recycle+1","Defragment+1","Coolheaded","Electrodynamics","Cold Snap+1","Consume+1","Undo"],"special_seed":0,"relics":["Cracked Core","Ice Cream","Pocketwatch","Odd Mushroom","Inserter","Dodecahedron","Thread and Needle","Philosopher\u0027s Stone","Anchor","Shuriken","Strawberry","Whetstone"],"potions_floor_usage":[24,33,50,50,50],"damage_taken":[{"damage":4.0,"enemies":"Jaw Worm","floor":1.0,"turns":3.0},{"damage":6.0,"enemies":"2 Louse","floor":3.0,"turns":3.0},{"damage":0.0,"enemies":"Cultist","floor":5.0,"turns":3.0},{"damage":28.0,"enemies":"Gremlin Nob","floor":7.0,"turns":5.0},{"damage":8.0,"enemies":"Exordium Wildlife","floor":10.0,"turns":4.0},{"damage":0.0,"enemies":"Large Slime","floor":11.0,"turns":5.0},{"damage":16.0,"enemies":"The Mushroom Lair","floor":13.0,"turns":3.0},{"damage":0.0,"enemies":"The Guardian","floor":16.0,"turns":10.0},{"damage":17.0,"enemies":"3 Byrds","floor":18.0,"turns":4.0},{"damage":0.0,"enemies":"Shell Parasite","floor":21.0,"turns":7.0},{"damage":8.0,"enemies":"Snake Plant","floor":22.0,"turns":5.0},{"damage":10,"enemies":"Gremlin Leader","floor":24,"turns":9},{"damage":7,"enemies":"Shelled Parasite and Fungi","floor":29,"turns":6},{"damage":0,"enemies":"Centurion and Healer","floor":31,"turns":6},{"damage":0,"enemies":"Automaton","floor":33,"turns":10},{"damage":28,"enemies":"3 Darklings","floor":35,"turns":3},{"damage":0,"enemies":"3 Shapes","floor":38,"turns":5},{"damage":27,"enemies":"Reptomancer","floor":41,"turns":7},{"damage":2,"enemies":"Giant Head","floor":44,"turns":10},{"damage":1,"enemies":"Transient","floor":47,"turns":5},{"damage":0,"enemies":"Sphere and 2 Shapes","floor":48,"turns":3},{"damage":5,"enemies":"Time Eater","floor":50,"turns":25}],"seed_played":"3988136090034449585","potions_obtained":[{"floor":3.0,"key":"Swift Potion"},{"floor":10.0,"key":"Explosive Potion"},{"floor":16.0,"key":"Weak Potion"},{"floor":18.0,"key":"Fruit Juice"},{"floor":24,"key":"Ancient Potion"},{"floor":31,"key":"Strength Potion"},{"floor":41,"key":"FocusPotion"},{"floor":48,"key":"LiquidBronze"}],"is_trial":false,"path_per_floor":["M","?","M","$","M","R","E","R","T","M","M","?","?","$","R","B",null,"M","?","$","M","M","R","E","$","T","R","?","M","R","M","R","B",null,"M","?","?","M","$","R","E","R","T","E","R","$","M","M","R","B",null],"character_chosen":"DEFECT","items_purchased":["Defragment","Leap","Hologram","Recycle","Consume","Whetstone","Undo"],"campfire_rested":4,"item_purchase_floors":[4,4,14,25,39,46,46],"current_hp_per_floor":[64,64,58,58,58,58,30,52,52,44,44,44,28,28,28,28,63,46,46,46,51,43,43,33,33,33,57,57,50,50,50,50,50,73,45,45,45,45,45,69,42,66,66,71,71,71,70,70,70,65],"gold":35,"neow_bonus":"UPGRADE_CARD","is_prod":false,"is_daily":false,"chose_seed":false,"campfire_upgraded":7,"win_rate":0,"timestamp":1546043111,"path_taken":["M","?","M","$","M","R","E","R","T","M","M","?","?","?","R","BOSS","M","?","$","M","?","R","E","$","T","R","?","M","R","M","R","BOSS","M","?","?","?","$","R","E","R","T","E","R","$","M","?","R","BOSS"],"build_version":"2018-12-20","purchased_purges":3,"victory":true,"max_hp_per_floor":[75,75,75,75,75,75,75,75,75,75,75,75,75,75,75,75,75,75,75,75,80,80,80,80,80,80,80,80,80,80,80,80,80,80,80,80,80,80,80,80,80,80,80,87,87,87,87,87,87,87],"card_choices":[{"not_picked":["Gash","Turbo"],"picked":"Blizzard","floor":1.0},{"not_picked":["Compile Driver","Lockon","Redo"],"picked":"SKIP","floor":3.0},{"not_picked":["Recycle","Steam"],"picked":"Ball Lightning","floor":5.0},{"not_picked":["Steam","Streamline"],"picked":"Cold Snap","floor":7.0},{"not_picked":["Reprogram","Compile Driver","Redo"],"picked":"SKIP","floor":10.0},{"not_picked":["Undo","Reinforced Body"],"picked":"Conserve Battery","floor":11.0},{"not_picked":["Gash","Stack"],"picked":"Glacier","floor":13.0},{"not_picked":["Reboot","Electrodynamics"],"picked":"Seek","floor":16.0},{"not_picked":["Loop","Leap"],"picked":"Glacier","floor":18.0},{"not_picked":["Double Energy+1","Hello World"],"picked":"FTL","floor":21.0},{"not_picked":["Stack","Genetic Algorithm"],"picked":"White Noise","floor":22.0},{"not_picked":["Ball Lightning","Fusion"],"picked":"Barrage+1","floor":24},{"not_picked":["Cold Snap","Genetic Algorithm"],"picked":"Coolheaded","floor":29},{"not_picked":["Streamline+1","Compile Driver","All For One"],"picked":"SKIP","floor":31},{"not_picked":["Rainbow","Hyperbeam"],"picked":"Electrodynamics","floor":33},{"not_picked":["Scrape","Tempest+1"],"picked":"Cold Snap+1","floor":35},{"not_picked":["Turbo","Streamline+1","Melter"],"picked":"SKIP","floor":38},{"not_picked":["Rebound","Sweeping Beam+1","Chaos+1"],"picked":"SKIP","floor":41},{"not_picked":["Stack","Coolheaded","Lockon"],"picked":"SKIP","floor":44},{"not_picked":["Stack+1","Conserve Battery","Ball Lightning"],"picked":"SKIP","floor":47},{"not_picked":["Redo+1","Compile Driver+1","Hologram+1"],"picked":"SKIP","floor":48},{"not_picked":["Redo+1","Compile Driver+1","Hologram+1"],"picked":"SKIP","floor":48}],"player_experience":618032,"relics_obtained":[{"floor":7.0,"key":"Ice Cream"},{"floor":9.0,"key":"Pocketwatch"},{"floor":13.0,"key":"Odd Mushroom"},{"floor":24,"key":"Dodecahedron"},{"floor":26,"key":"Thread and Needle"},{"floor":41,"key":"Anchor"},{"floor":43,"key":"Shuriken"},{"floor":44,"key":"Strawberry"}],"event_choices":[{"damage_healed":0.0,"max_hp_gain":0.0,"max_hp_loss":0.0,"gold_gain":175.0,"event_name":"Liars Game","player_choice":"AGREE","floor":2.0,"gold_loss":0.0,"damage_taken":0.0,"cards_obtained":["Doubt"]},{"cards_removed":["Strike_B"],"damage_healed":0.0,"max_hp_gain":0.0,"max_hp_loss":0.0,"gold_gain":0.0,"event_name":"The Cleric","player_choice":"Card Removal","floor":12.0,"gold_loss":50.0,"damage_taken":0.0},{"damage_healed":0.0,"max_hp_gain":0.0,"max_hp_loss":0.0,"gold_gain":0.0,"event_name":"Mushrooms","player_choice":"Fought Mushrooms","floor":13.0,"gold_loss":0.0,"damage_taken":0.0},{"damage_healed":0.0,"max_hp_gain":0.0,"max_hp_loss":0.0,"gold_gain":0.0,"event_name":"Accursed Blacksmith","player_choice":"Forge","floor":19.0,"gold_loss":0.0,"damage_taken":0.0,"cards_upgraded":["Blizzard"]},{"damage_healed":0,"gold_gain":0,"cards_transformed":["Strike_B","Defend_B"],"player_choice":"Became Test Subject","damage_taken":0,"max_hp_gain":0,"max_hp_loss":0,"event_name":"Drug Dealer","floor":28,"gold_loss":0,"cards_obtained":["Defragment","Heatsinks"]},{"cards_removed":["Heatsinks"],"damage_healed":0,"gold_gain":0,"player_choice":"Removed Power","damage_taken":0,"max_hp_gain":0,"max_hp_loss":0,"event_name":"Falling","floor":36,"gold_loss":0},{"damage_healed":0,"gold_gain":0,"player_choice":"Ignored","damage_taken":0,"max_hp_gain":0,"max_hp_loss":0,"event_name":"Tomb of Lord Red Mask","floor":37,"gold_loss":0}],"is_beta":false,"boss_relics":[{"not_picked":["Calling Bell","Runic Pyramid"],"picked":"Inserter"},{"not_picked":["Empty Cage","Eternal Feather"],"picked":"Philosopher\u0027s Stone"}],"items_purged_floors":[4,14,20],"is_endless":false,"potions_floor_spawned":[3,10,16,18,24,31,41,47,48],"ascension_level":9}