{"gold_per_floor":[111,111,126,3,22,57,57,87,87,56,76,104,104,118,118,222,222,238,11,26,26,46,46],"floor_reached":23,"playtime":1507,"items_purged":["Regret"],"score":222,"play_id":"18f78ccc-6ae8-43bb-9213-a50298445c92","local_time":"20180817143748","is_ascension_mode":true,"campfire_choices":[{"floor":13.0,"key":"REST"},{"data":"Zap","floor":15.0,"key":"SMITH"}],"neow_cost":"FIFTY_PERCENT_DAMAGE","seed_source_timestamp":0,"circlet_count":0,"master_deck":["Zap+1","Dualcast","Self Repair","Gash","Hello World","Rebound","Sunder","Rip and Tear","Force Field","Static Discharge","Melter","Streamline","Meteor Strike","Redo","Consume","Sweeping Beam","Self Repair","Barrage","Go for the Eyes","Steam","Streamline","Go for the Eyes+1","Storm","Loop","Capacitor","Gash","Ball Lightning","Loop","Double Energy+1"],"special_seed":0,"relics":["Cracked Core","Thread and Needle","The Courier","Pen Nib","Bag of Marbles","Kunai","Smiling Mask","Pandora\u0027s Box","Nilry\u0027s Codex"],"potions_floor_usage":[22],"damage_taken":[{"damage":0.0,"enemies":"2 Louse","floor":1.0,"turns":2.0},{"damage":3.0,"enemies":"Jaw Worm","floor":3.0,"turns":3.0},{"damage":0.0,"enemies":"Small Slimes","floor":5.0,"turns":5.0},{"damage":6.0,"enemies":"3 Sentries","floor":6.0,"turns":6.0},{"damage":17.0,"enemies":"Lagavulin","floor":8.0,"turns":5.0},{"damage":0.0,"enemies":"Exordium Thugs","floor":11.0,"turns":2.0},{"damage":3.0,"enemies":"3 Sentries","floor":12.0,"turns":6.0},{"damage":13.0,"enemies":"3 Louse","floor":14.0,"turns":3.0},{"damage":16.0,"enemies":"Hexaghost","floor":16.0,"turns":10.0},{"damage":22.0,"enemies":"2 Thieves","floor":18.0,"turns":3.0},{"damage":17.0,"enemies":"Spheric Guardian","floor":20.0,"turns":4.0},{"damage":17,"enemies":"Snake Plant","floor":22,"turns":4},{"damage":39,"enemies":"Gremlin Leader","floor":23,"turns":4}],"seed_played":"-7438771114955360621","potions_obtained":[{"floor":1.0,"key":"FocusPotion"},{"floor":5.0,"key":"Explosive Potion"},{"floor":8.0,"key":"Fire Potion"},{"floor":18.0,"key":"Block Potion"},{"floor":20.0,"key":"Ancient Potion"}],"is_trial":false,"path_per_floor":["M","?","M","$","M","E","?","E","T","$","M","E","R","M","R","B",null,"M","$","M","?","M"],"character_chosen":"DEFECT","items_purchased":["Hello World","Force Field","Storm","Loop","Capacitor","Gash","Ball Lightning"],"campfire_rested":1,"item_purchase_floors":[4,10,19,19,19,19,19],"current_hp_per_floor":[38,38,42,42,49,50,35,25,25,25,25,29,51,45,45,36,75,60,60,57,41,31,0],"gold":46,"neow_bonus":"ONE_RARE_RELIC","is_prod":false,"is_daily":false,"chose_seed":false,"campfire_upgraded":1,"win_rate":0,"timestamp":1534513068,"path_taken":["M","?","M","?","M","E","?","E","T","?","?","E","R","?","R","BOSS","M","$","M","?","M","E"],"build_version":"2018-08-16","purchased_purges":1,"victory":false,"max_hp_per_floor":[75,75,75,75,75,75,75,75,75,75,75,75,75,75,75,75,75,75,75,75,75,75,75],"card_choices":[{"not_picked":["Rebound","Conserve Battery"],"picked":"Self Repair","floor":1.0},{"not_picked":["Undo","Leap"],"picked":"Gash","floor":3.0},{"not_picked":["Blizzard","Leap"],"picked":"Rebound","floor":5.0},{"not_picked":["Beam Cell","Loop"],"picked":"Sunder","floor":6.0},{"not_picked":["Turbo","Compile Driver"],"picked":"Rip and Tear","floor":8.0},{"not_picked":["Sweeping Beam","Steam"],"picked":"Static Discharge","floor":11.0},{"not_picked":["Barrage","Compile Driver"],"picked":"Melter","floor":12.0},{"not_picked":["Steam Power","Hello World"],"picked":"Streamline","floor":14.0},{"not_picked":["Amplify","Seek"],"picked":"Meteor Strike","floor":16.0},{"not_picked":["Conserve Battery","Steam+1"],"picked":"Go for the Eyes+1","floor":18.0},{"not_picked":["Glacier","Compile Driver+1"],"picked":"Loop","floor":20.0},{"not_picked":["Gash","Cold Snap"],"picked":"Double Energy+1","floor":22}],"player_experience":94458,"relics_obtained":[{"floor":6.0,"key":"Pen Nib"},{"floor":8.0,"key":"Bag of Marbles"},{"floor":9.0,"key":"Kunai"},{"floor":12.0,"key":"Smiling Mask"},{"floor":21,"key":"Nilry\u0027s Codex"}],"event_choices":[{"event_name":"Big Fish","player_choice":"Box","floor":2.0,"damage_taken":0.0},{"event_name":"Shining Light","player_choice":"Entered Light","floor":7.0,"damage_taken":0.0},{"event_name":"Cursed Tome","player_choice":"Obtained Book","floor":21,"damage_taken":0}],"is_beta":false,"boss_relics":[{"not_picked":["Astrolabe","Eternal Feather"],"picked":"Pandora\u0027s Box"}],"items_purged_floors":[4],"is_endless":false,"potions_floor_spawned":[1,5,8,18,20],"killed_by":"Gremlin Leader","ascension_level":1}