{"gold_per_floor":[140,90,90,102,202,202,218,236,236,236,250,270,280,300,300,395,395,395],"floor_reached":18,"playtime":1060,"items_purged":[],"score":187,"play_id":"a155f926-92c1-4353-a5f7-353c8f6d5bd9","local_time":"20180906170039","is_ascension_mode":true,"campfire_choices":[{"data":"Chaos","floor":6.0,"key":"SMITH"},{"data":"Zap","floor":10.0,"key":"SMITH"},{"floor":15.0,"key":"REST"}],"neow_cost":"NONE","seed_source_timestamp":0,"circlet_count":0,"master_deck":["Strike_B","Strike_B","Strike_B","Defend_B","Defend_B","Defend_B","Defend_B","Zap+1","Dualcast","Chaos+1","Coolheaded","Loop","Force Field","Force Field","Darkness","Machine Learning"],"special_seed":0,"relics":["Cracked Core","Tiny Chest","Incense Burner","Symbiotic Virus","Philosopher\u0027s Stone"],"potions_floor_usage":[],"damage_taken":[{"damage":0.0,"enemies":"2 Louse","floor":1.0,"turns":3.0},{"damage":10.0,"enemies":"Small Slimes","floor":4.0,"turns":4.0},{"damage":2.0,"enemies":"Jaw Worm","floor":7.0,"turns":4.0},{"damage":14.0,"enemies":"Exordium Thugs","floor":8.0,"turns":4.0},{"damage":0.0,"enemies":"Looter","floor":11.0,"turns":4.0},{"damage":7.0,"enemies":"3 Louse","floor":12.0,"turns":4.0},{"damage":12.0,"enemies":"Gremlin Gang","floor":13.0,"turns":6.0},{"damage":1.0,"enemies":"Large Slime","floor":14.0,"turns":5.0},{"damage":22.0,"enemies":"Hexaghost","floor":16.0,"turns":10.0},{"damage":75,"enemies":"3 Byrds","floor":18,"turns":4}],"seed_played":"-4544825808296900413","potions_obtained":[{"floor":7.0,"key":"PowerPotion"},{"floor":12.0,"key":"SteroidPotion"},{"floor":14.0,"key":"FocusPotion"},{"floor":16.0,"key":"Ancient Potion"}],"is_trial":false,"path_per_floor":["M","?","?","M","?","R","M","M","T","R","M","M","M","M","R","B",null],"character_chosen":"DEFECT","items_purchased":[],"campfire_rested":1,"item_purchase_floors":[],"current_hp_per_floor":[75,75,68,58,58,58,56,42,42,42,42,35,23,22,44,22,75,0],"gold":395,"neow_bonus":"RANDOM_COMMON_RELIC","is_prod":false,"is_daily":false,"chose_seed":false,"campfire_upgraded":2,"win_rate":0,"timestamp":1536278439,"path_taken":["M","?","?","M","?","R","?","M","T","R","M","M","M","?","R","BOSS","M"],"build_version":"2018-08-30","purchased_purges":0,"victory":false,"max_hp_per_floor":[75,75,75,75,75,75,75,75,75,75,75,75,75,75,75,75,75,75],"card_choices":[{"not_picked":["Coolheaded","FTL"],"picked":"Chaos","floor":1.0},{"not_picked":["Redo","Stack","Sweeping Beam"],"picked":"SKIP","floor":4.0},{"not_picked":["Turbo","Reprogram"],"picked":"Coolheaded","floor":7.0},{"not_picked":["Hologram","Reboot","Sweeping Beam"],"picked":"SKIP","floor":8.0},{"not_picked":["BootSequence","Rebound"],"picked":"Loop","floor":11.0},{"not_picked":["Sunder","Melter"],"picked":"Force Field","floor":12.0},{"not_picked":["Double Energy","Redo"],"picked":"Force Field","floor":13.0},{"not_picked":["Rip and Tear","Sunder"],"picked":"Darkness","floor":14.0},{"not_picked":["All For One","Biased Cognition"],"picked":"Machine Learning","floor":16.0}],"player_experience":266030,"relics_obtained":[{"floor":9.0,"key":"Symbiotic Virus"}],"event_choices":[{"event_name":"The Cleric","player_choice":"Card Removal","floor":2.0,"damage_taken":0.0},{"event_name":"Scrap Ooze","player_choice":"success","floor":3.0,"damage_taken":7.0},{"event_name":"Wheel of Change","player_choice":"Gold","floor":5.0,"damage_taken":0.0}],"is_beta":false,"boss_relics":[{"not_picked":["White Beast Statue","Cursed Key"],"picked":"Philosopher\u0027s Stone"}],"items_purged_floors":[],"is_endless":false,"potions_floor_spawned":[7,12,14,16],"killed_by":"3 Byrds","ascension_level":4}