{"gold_per_floor":[110,110,110,130,130,130,34,61,85,100,250,250,13,33,33,106,106,122,122,141,141,153,153,208,218,243,258,258],"floor_reached":28,"playtime":2495,"items_purged":["Doubt"],"score":425,"play_id":"1b3138e8-4961-428b-8504-c794a50f337b","local_time":"20190708130930","is_ascension_mode":true,"campfire_choices":[{"floor":6.0,"key":"REST"},{"data":"Perfected Strike","floor":12.0,"key":"SMITH"},{"data":"Shrug It Off","floor":15.0,"key":"SMITH"},{"data":"Metallicize","floor":23,"key":"SMITH"}],"neow_cost":"NONE","seed_source_timestamp":314223328217572,"circlet_count":0,"master_deck":["AscendersBane","Strike_R","Strike_R","Strike_R","Strike_R+1","Strike_R","Defend_R+1","Defend_R","Defend_R","Defend_R+1","Bash+1","Perfected Strike+1","Pummel+1","Pommel Strike","Bandage Up","Intimidate","Metallicize+1","Feed","Shrug It Off+1","Demon Form","Metallicize","Battle Trance","Feel No Pain+1","Armaments"],"special_seed":0,"relics":["Burning Blood","Anchor","Unceasing Top","Centennial Puzzle","Philosopher\u0027s Stone","Bag of Preparation","Whetstone"],"potions_floor_usage":[20,27,28],"damage_taken":[{"damage":1.0,"enemies":"Cultist","floor":1.0,"turns":3.0},{"damage":10.0,"enemies":"Small Slimes","floor":4.0,"turns":4.0},{"damage":22.0,"enemies":"3 Sentries","floor":8.0,"turns":9.0},{"damage":0.0,"enemies":"Jaw Worm","floor":10.0,"turns":3.0},{"damage":5.0,"enemies":"Blue Slaver","floor":14.0,"turns":4.0},{"damage":11.0,"enemies":"The Guardian","floor":16.0,"turns":14.0},{"damage":18.0,"enemies":"3 Byrds","floor":18.0,"turns":6.0},{"damage":3,"enemies":"2 Thieves","floor":20,"turns":5},{"damage":54,"enemies":"3 Cultists","floor":22,"turns":8},{"damage":23,"enemies":"Snecko","floor":25,"turns":5},{"damage":24,"enemies":"Shelled Parasite and Fungi","floor":27,"turns":7},{"damage":32,"enemies":"3 Cultists","floor":28,"turns":4}],"seed_played":"7142927166747053890","potions_obtained":[{"floor":14.0,"key":"Weak Potion"},{"floor":16.0,"key":"FearPotion"},{"floor":22,"key":"Swift Potion"}],"is_trial":false,"path_per_floor":["M","?","?","M","?","R","$","E","T","M","?","R","$","M","R","B",null,"M","?","M","?","M","R","T","M","T","M","M"],"character_chosen":"IRONCLAD","items_purchased":["Bandage Up","Feed"],"campfire_rested":1,"item_purchase_floors":[7,13],"current_hp_per_floor":[73,73,47,43,20,42,42,30,30,40,40,40,40,48,48,47,70,65,65,75,75,34,34,34,21,21,10,0],"gold":258,"neow_bonus":"THREE_CARDS","is_prod":false,"is_daily":false,"chose_seed":false,"campfire_upgraded":3,"win_rate":0,"timestamp":1562605770,"path_taken":["M","?","?","M","?","R","$","E","T","M","?","R","$","M","R","BOSS","M","?","M","?","?","R","?","?","T","M","M"],"build_version":"2019-07-05","purchased_purges":1,"victory":false,"max_hp_per_floor":[75,75,75,75,75,75,75,75,75,75,75,75,75,78,78,78,78,81,81,84,84,87,87,87,87,87,90,90],"card_choices":[{"not_picked":["Fire Breathing","Clothesline"],"picked":"Perfected Strike","floor":0.0},{"not_picked":["Flex","Warcry"],"picked":"Pummel","floor":1.0},{"not_picked":["Blood for Blood","Clash"],"picked":"Pommel Strike","floor":4.0},{"not_picked":["Cleave","Sword Boomerang"],"picked":"Intimidate","floor":8.0},{"not_picked":["Sentinel","Power Through"],"picked":"Metallicize","floor":10.0},{"not_picked":["Wild Strike","Intimidate"],"picked":"Shrug It Off","floor":14.0},{"not_picked":["Double Tap","Impervious"],"picked":"Demon Form","floor":16.0},{"not_picked":["Rage","Havoc"],"picked":"Metallicize","floor":18.0},{"not_picked":["Armaments","Ghostly Armor+1"],"picked":"Battle Trance","floor":20},{"not_picked":["Fire Breathing","Cleave"],"picked":"Feel No Pain+1","floor":22},{"not_picked":["Inflame","Clothesline+1","Flex"],"picked":"SKIP","floor":25},{"not_picked":["Havoc","Entrench"],"picked":"Armaments","floor":27}],"player_experience":2415434,"relics_obtained":[{"floor":8.0,"key":"Unceasing Top"},{"floor":9.0,"key":"Centennial Puzzle"},{"floor":24,"key":"Bag of Preparation"},{"floor":26,"key":"Whetstone"}],"event_choices":[{"damage_healed":0.0,"max_hp_gain":0.0,"max_hp_loss":0.0,"gold_gain":0.0,"event_name":"Living Wall","player_choice":"Grow","floor":2.0,"gold_loss":0.0,"damage_taken":0.0,"cards_upgraded":["Bash"]},{"damage_healed":0.0,"max_hp_gain":0.0,"max_hp_loss":0.0,"gold_gain":0.0,"event_name":"Scrap Ooze","player_choice":"Success","floor":3.0,"gold_loss":0.0,"damage_taken":26.0,"relics_obtained":["Anchor"]},{"damage_healed":0.0,"max_hp_gain":0.0,"max_hp_loss":0.0,"gold_gain":0.0,"event_name":"Shining Light","player_choice":"Entered Light","floor":5.0,"gold_loss":0.0,"damage_taken":23.0,"cards_upgraded":["Defend_R","Defend_R"]},{"damage_healed":0.0,"max_hp_gain":0.0,"max_hp_loss":0.0,"gold_gain":150.0,"event_name":"Liars Game","player_choice":"AGREE","floor":11.0,"gold_loss":0.0,"damage_taken":0.0,"cards_obtained":["Doubt"]},{"damage_healed":0.0,"max_hp_gain":0.0,"max_hp_loss":0.0,"gold_gain":0.0,"event_name":"The Mausoleum","player_choice":"Ignored","floor":19.0,"gold_loss":0.0,"damage_taken":0.0},{"damage_healed":0,"gold_gain":0,"player_choice":"Ignored","damage_taken":0,"max_hp_gain":0,"max_hp_loss":0,"event_name":"Vampires","floor":21,"gold_loss":0}],"is_beta":false,"boss_relics":[{"not_picked":["Pandora\u0027s Box","Mark of Pain"],"picked":"Philosopher\u0027s Stone"}],"items_purged_floors":[13],"is_endless":false,"potions_floor_spawned":[14,16,22,25],"killed_by":"3 Cultists","ascension_level":19}