{"gold_per_floor":[109,109,122,74,92,124,124,124,124,140,100,100,120,147,147,147],"floor_reached":16,"playtime":916,"items_purged":[],"score":154,"play_id":"75763a75-9bc3-494e-9c65-2b9c9c1bc0fe","local_time":"20190731172051","is_ascension_mode":true,"campfire_choices":[{"floor":7,"key":"DIG"},{"floor":12,"key":"DIG"},{"floor":15,"key":"REST"}],"neow_cost":"NONE","seed_source_timestamp":27973174753539,"circlet_count":0,"master_deck":["Strike_G","Strike_G","Strike_G","Strike_G","Strike_G","Defend_G","Defend_G","Defend_G","Defend_G","Defend_G","Survivor","Neutralize","Blade Dance","Footwork","Flying Knee","Cloak And Dagger","Slice","Deadly Poison","Deadly Poison+1","Prepared+1"],"relics":["Ring of the Snake","Shovel","Sundial","The Courier","Toxic Egg 2","Ninja Scroll"],"potions_floor_usage":[6,6,13,14,16],"damage_taken":[{"damage":0,"enemies":"Cultist","floor":1,"turns":4},{"damage":11,"enemies":"Jaw Worm","floor":3,"turns":5},{"damage":0,"enemies":"Small Slimes","floor":5,"turns":3},{"damage":17,"enemies":"Lagavulin","floor":6,"turns":8},{"damage":3,"enemies":"Exordium Thugs","floor":10,"turns":5},{"damage":0,"enemies":"Lots of Slimes","floor":13,"turns":2},{"damage":31,"enemies":"3 Sentries","floor":14,"turns":9},{"damage":28,"enemies":"Slime Boss","floor":16,"turns":7}],"seed_played":"4175412613439223539","potions_obtained":[{"floor":0,"key":"SteroidPotion"},{"floor":0,"key":"Ancient Potion"},{"floor":0,"key":"SkillPotion"},{"floor":1,"key":"Fire Potion"},{"floor":10,"key":"Explosive Potion"},{"floor":14,"key":"EssenceOfSteel"}],"is_trial":false,"path_per_floor":["M","?","M","$","M","E","R","?","T","M","?","R","M","E","R","B"],"character_chosen":"THE_SILENT","items_purchased":["Flying Knee"],"campfire_rested":1,"item_purchase_floors":[4],"current_hp_per_floor":[63,68,57,57,57,40,40,40,40,37,37,37,37,6,28,0],"gold":147,"neow_bonus":"THREE_SMALL_POTIONS","is_prod":false,"is_daily":false,"chose_seed":false,"campfire_upgraded":0,"win_rate":0,"timestamp":1564586451,"path_taken":["M","?","M","$","M","E","R","?","T","M","?","R","?","E","R","BOSS"],"build_version":"2019-07-17","purchased_purges":0,"victory":false,"max_hp_per_floor":[70,75,75,75,75,75,75,75,75,75,75,75,75,75,75,75],"card_choices":[{"not_picked":["Setup","Dodge and Roll"],"picked":"Blade Dance","floor":1},{"not_picked":["Dagger Spray","Prepared"],"picked":"Footwork","floor":3},{"not_picked":["Corpse Explosion","Acrobatics"],"picked":"Cloak And Dagger","floor":5},{"not_picked":["Heel Hook","Bane"],"picked":"Slice","floor":6},{"not_picked":["Flying Knee","Underhanded Strike"],"picked":"Deadly Poison","floor":10},{"not_picked":["Quick Slash","Sucker Punch"],"picked":"Deadly Poison+1","floor":13},{"not_picked":["Riddle With Holes","Malaise+1"],"picked":"Prepared+1","floor":14}],"player_experience":672940,"relics_obtained":[{"floor":6,"key":"Shovel"},{"floor":7,"key":"Sundial"},{"floor":9,"key":"The Courier"},{"floor":12,"key":"Toxic Egg 2"},{"floor":14,"key":"Ninja Scroll"}],"event_choices":[{"damage_healed":0,"gold_gain":0,"player_choice":"Donut","damage_taken":0,"max_hp_gain":5,"max_hp_loss":0,"event_name":"Big Fish","floor":2,"gold_loss":0},{"damage_healed":0,"gold_gain":0,"player_choice":"Ignored","damage_taken":0,"max_hp_gain":0,"max_hp_loss":0,"event_name":"Golden Idol","floor":8,"gold_loss":0},{"damage_healed":0,"gold_gain":0,"player_choice":"Left Gold","damage_taken":0,"max_hp_gain":0,"max_hp_loss":0,"event_name":"World of Goop","floor":11,"gold_loss":40}],"is_beta":false,"boss_relics":[],"items_purged_floors":[],"is_endless":false,"potions_floor_spawned":[1,10,14],"killed_by":"Slime Boss","ascension_level":8}