{"gold_per_floor":[112,112,131,81,101,101,132,132,186,218,276,296,3,18,18,118,118,137,155,425,442,26,26,53,53,77,96,96,111,111],"floor_reached":30,"playtime":3385,"items_purged":[],"score":287,"play_id":"0c479679-ae83-4202-99d9-de928bca967b","local_time":"20190805215627","is_ascension_mode":false,"campfire_choices":[{"data":"Bash","floor":6,"key":"SMITH"},{"data":"Carnage","floor":8,"key":"SMITH"},{"data":"1","floor":15,"key":"LIFT"},{"data":"2","floor":23,"key":"LIFT"},{"data":"3","floor":25,"key":"LIFT"}],"neow_cost":"NONE","seed_source_timestamp":357499414598700,"circlet_count":0,"master_deck":["Strike_R","Strike_R","Strike_R","Defend_R","Defend_R","Defend_R","Defend_R","Bash+1","Shrug It Off","Reaper","Feel No Pain","Carnage+1","Anger","Spot Weakness","Pommel Strike","Immolate","Demon Form","Clothesline","Uppercut","Forethought","Pummel","Rupture+1","Dramatic Entrance","Limit Break","Wild Strike","Flame Barrier"],"relics":["Burning Blood","Strawberry","Anchor","Dream Catcher","Lantern","Girya","Runic Cube","Frozen Egg 2","Shuriken","Omamori"],"potions_floor_usage":[16,24,27,28,29,30,30],"damage_taken":[{"damage":6,"enemies":"Jaw Worm","floor":1,"turns":3},{"damage":10,"enemies":"Cultist","floor":3,"turns":4},{"damage":0,"enemies":"Small Slimes","floor":5,"turns":3},{"damage":46,"enemies":"3 Sentries","floor":7,"turns":13},{"damage":10,"enemies":"Gremlin Nob","floor":10,"turns":4},{"damage":36,"enemies":"Lagavulin Event","floor":11,"turns":5},{"damage":13,"enemies":"2 Fungi Beasts","floor":12,"turns":3},{"damage":0,"enemies":"Looter","floor":14,"turns":2},{"damage":57,"enemies":"The Guardian","floor":16,"turns":10},{"damage":0,"enemies":"Chosen","floor":18,"turns":3},{"damage":8,"enemies":"3 Byrds","floor":19,"turns":4},{"damage":38,"enemies":"3 Cultists","floor":21,"turns":6},{"damage":27,"enemies":"Slavers","floor":24,"turns":4},{"damage":21,"enemies":"Centurion and Healer","floor":27,"turns":5},{"damage":5,"enemies":"Snecko","floor":28,"turns":3},{"damage":6,"enemies":"Cultist and Chosen","floor":29,"turns":4},{"damage":15,"enemies":"Snake Plant","floor":30,"turns":2}],"seed_played":"962850532231870015","potions_obtained":[{"floor":3,"key":"GamblersBrew"},{"floor":7,"key":"Fire Potion"},{"floor":12,"key":"Regen Potion"},{"floor":16,"key":"Weak Potion"},{"floor":21,"key":"Strength Potion"},{"floor":24,"key":"SmokeBomb"},{"floor":27,"key":"SkillPotion"},{"floor":29,"key":"Explosive Potion"}],"is_trial":false,"path_per_floor":["M","?","M","?","M","R","E","R","T","E","?","M","$","M","R","B",null,"M","M","?","M","$","R","E","R","T","M","M","M","M"],"character_chosen":"IRONCLAD","items_purchased":["Girya","Frozen Egg 2","Rupture+1","Dramatic Entrance"],"campfire_rested":0,"item_purchase_floors":[13,22,22,22],"current_hp_per_floor":[88,81,77,77,88,88,69,69,69,71,41,38,38,48,48,11,95,95,95,50,30,30,30,22,22,22,7,8,14,0],"gold":111,"neow_bonus":"TEN_PERCENT_HP_BONUS","is_prod":false,"is_daily":false,"chose_seed":false,"campfire_upgraded":2,"win_rate":0.0,"timestamp":1565038587,"path_taken":["M","?","M","?","M","R","E","R","T","E","?","M","$","M","R","BOSS","M","M","?","M","$","R","E","R","T","M","?","M","M"],"build_version":"2019-07-17","purchased_purges":0,"victory":false,"max_hp_per_floor":[88,88,88,88,88,88,95,95,95,95,95,95,95,95,95,95,95,95,95,95,95,95,95,95,95,95,95,95,95,95],"card_choices":[{"not_picked":["Perfected Strike","Armaments"],"picked":"Shrug It Off","floor":1},{"not_picked":["Clash","Shrug It Off"],"picked":"Reaper","floor":3},{"not_picked":["Headbutt","Searing Blow"],"picked":"Feel No Pain","floor":5},{"not_picked":["Sword Boomerang","Dual Wield"],"picked":"Carnage","floor":7},{"not_picked":["Searing Blow","Cleave"],"picked":"Anger","floor":10},{"not_picked":["Cleave","Sever Soul"],"picked":"Spot Weakness","floor":11},{"not_picked":["Burning Pact","Body Slam"],"picked":"Pommel Strike","floor":12},{"not_picked":["Uppercut","Burning Pact"],"picked":"Immolate","floor":14},{"not_picked":["Fiend Fire","Double Tap"],"picked":"Demon Form","floor":16},{"not_picked":["Perfected Strike+1","Body Slam"],"picked":"Clothesline","floor":18},{"not_picked":["Twin Strike","Sword Boomerang"],"picked":"Uppercut","floor":19},{"not_picked":["Anger","Sword Boomerang"],"picked":"Pummel","floor":21},{"not_picked":["Anger","Clash"],"picked":"Limit Break","floor":24},{"not_picked":["Spot Weakness","Thunderclap"],"picked":"Wild Strike","floor":27},{"not_picked":["Wild Strike","Perfected Strike"],"picked":"Flame Barrier","floor":29}],"player_experience":37196,"relics_obtained":[{"floor":7,"key":"Strawberry"},{"floor":9,"key":"Anchor"},{"floor":10,"key":"Dream Catcher"},{"floor":11,"key":"Lantern"},{"floor":24,"key":"Shuriken"},{"floor":26,"key":"Omamori"}],"event_choices":[{"cards_removed":["Strike_R"],"damage_healed":0,"gold_gain":0,"player_choice":"Card Removal","damage_taken":7,"max_hp_gain":0,"max_hp_loss":0,"event_name":"Golden Wing","floor":2,"gold_loss":0},{"cards_removed":["Strike_R"],"damage_healed":0,"gold_gain":0,"player_choice":"Card Removal","damage_taken":0,"max_hp_gain":0,"max_hp_loss":0,"event_name":"The Cleric","floor":4,"gold_loss":50},{"damage_healed":0,"gold_gain":30,"player_choice":"Searched \u00273\u0027 times","damage_taken":0,"max_hp_gain":0,"max_hp_loss":0,"event_name":"Dead Adventurer","floor":11,"gold_loss":0},{"damage_healed":0,"gold_gain":270,"player_choice":"CARD GOLD GOLD GOLD ","damage_taken":45,"max_hp_gain":0,"max_hp_loss":0,"event_name":"Knowing Skull","floor":20,"potions_obtained":[],"gold_loss":0,"cards_obtained":["Forethought"]}],"is_beta":false,"boss_relics":[{"not_picked":["Calling Bell","Runic Pyramid"],"picked":"Runic Cube"}],"items_purged_floors":[],"is_endless":false,"potions_floor_spawned":[3,7,12,16,21,24,27,29],"killed_by":"Snake Plant","ascension_level":0}