{"gold_per_floor":[110,87,87,12,29,29,47,64,64,76,76,91,91,91,91,194,194],"floor_reached":17,"playtime":290,"items_purged":["Pain"],"score":147,"play_id":"1bd7302d-20c4-4d3f-b301-1d5cbae2bafa","local_time":"20181206032611","is_ascension_mode":false,"campfire_choices":[{"data":"Dagger Spray","floor":6,"key":"SMITH"},{"data":"Neutralize","floor":11,"key":"SMITH"},{"data":"Deadly Poison","floor":13,"key":"SMITH"},{"floor":15,"key":"REST"}],"neow_cost":"NONE","seed_source_timestamp":57036657342104,"circlet_count":0,"master_deck":["Defend_G","Defend_G","Defend_G","Defend_G","Defend_G","Strike_G","Strike_G","Strike_G","Strike_G","Strike_G","Survivor","Neutralize+1","Flying Knee","Sucker Punch","Dagger Spray+1","Deadly Poison+1","Regret","Bullet Time"],"relics":["Ring of the Snake","NeowsBlessing","WarpedTongs","Pear","Sundial","Cursed Key"],"potions_floor_usage":[16],"damage_taken":[{"damage":0,"enemies":"Cultist","floor":1,"turns":1},{"damage":0,"enemies":"Small Slimes","floor":5,"turns":1},{"damage":0,"enemies":"2 Louse","floor":7,"turns":1},{"damage":4,"enemies":"Blue Slaver","floor":8,"turns":3},{"damage":24,"enemies":"Exordium Thugs","floor":10,"turns":6},{"damage":5,"enemies":"Looter","floor":12,"turns":3},{"damage":25,"enemies":"The Guardian","floor":16,"turns":10}],"seed_played":"-8371987407335642585","potions_obtained":[{"floor":5,"key":"PowerPotion"},{"floor":16,"key":"Dexterity Potion"}],"is_trial":false,"path_per_floor":["M","$","?","$","M","R","M","M","T","M","R","M","R","?","R","B",null],"character_chosen":"THE_SILENT","items_purchased":["Sucker Punch"],"campfire_rested":1,"item_purchase_floors":[2],"current_hp_per_floor":[70,70,70,70,70,70,70,66,76,52,52,47,47,47,71,46,46],"gold":194,"neow_bonus":"THREE_ENEMY_KILL","is_prod":false,"is_daily":false,"chose_seed":false,"campfire_upgraded":3,"win_rate":0,"timestamp":1544055971,"path_taken":["M","$","?","$","M","R","M","M","T","?","R","M","R","?","R","BOSS"],"build_version":"2018-11-15","purchased_purges":1,"victory":false,"max_hp_per_floor":[70,70,70,70,70,70,70,70,80,80,80,80,80,80,80,80,80],"card_choices":[{"not_picked":["PiercingWail","Outmaneuver"],"picked":"Flying Knee","floor":1},{"not_picked":["Underhanded Strike","PiercingWail"],"picked":"Dagger Spray","floor":5},{"not_picked":["Terror","Quick Slash","PiercingWail"],"picked":"SKIP","floor":7},{"not_picked":["Escape Plan","Quick Slash","Flechettes"],"picked":"SKIP","floor":8},{"not_picked":["Expertise","Doppelganger","Dagger Throw"],"picked":"SKIP","floor":10},{"not_picked":["Flying Knee","Terror"],"picked":"Deadly Poison","floor":12},{"not_picked":["Doppelganger","Night Terror"],"picked":"Bullet Time","floor":16}],"player_experience":570025,"relics_obtained":[{"floor":9,"key":"Pear"}],"event_choices":[{"damage_healed":0,"gold_gain":0,"player_choice":"Rummage","damage_taken":0,"relics_obtained":["WarpedTongs"],"max_hp_gain":0,"max_hp_loss":0,"event_name":"Accursed Blacksmith","floor":3,"gold_loss":0,"cards_obtained":["Pain"]},{"damage_healed":0,"gold_gain":0,"player_choice":"Box","damage_taken":0,"relics_obtained":["Sundial"],"max_hp_gain":0,"max_hp_loss":0,"event_name":"Big Fish","floor":14,"gold_loss":0,"cards_obtained":["Regret"]}],"is_beta":false,"boss_relics":[{"not_picked":["Astrolabe","Snecko Eye"],"picked":"Cursed Key"}],"items_purged_floors":[4],"is_endless":false,"potions_floor_spawned":[5,16],"ascension_level":0}