{"gold_per_floor":[209,25,38,57,57,57,91,116,143,187,199,247,278,309,321,463,475,500,512,549,575,600,612,638,683,742,775,821,758,783,235,235,356,356,372,387,387,142,157,157,157,157,184,200,244,264,302,325,325,325],"floor_reached":51,"playtime":3813,"items_purged":["Strike_R","Feel No Pain"],"score":923,"play_id":"09805903-7c7f-43f3-94d0-d332a5098548","local_time":"20190720133054","is_ascension_mode":false,"campfire_choices":[{"data":"Bash","floor":6,"key":"SMITH"},{"floor":11,"key":"REST"},{"data":"Body Slam","floor":15,"key":"SMITH"},{"data":"Armaments","floor":23,"key":"SMITH"},{"data":"Berserk","floor":32,"key":"SMITH"},{"data":"Hemokinesis","floor":40,"key":"SMITH"},{"data":"Barricade","floor":42,"key":"SMITH"},{"floor":49,"key":"REST"}],"neow_cost":"NONE","seed_source_timestamp":326849039955034,"circlet_count":0,"master_deck":["Bash+1","Shrug It Off","Combust","Cleave+1","Power Through","Barricade+1","Flame Barrier","Demon Form","Body Slam+1","Battle Trance","Offering","Necronomicurse","Entrench","Armaments+1","Spot Weakness+1","Berserk+1","Dropkick","Limit Break","Twin Strike+1","Sever Soul","Hemokinesis+1","Double Tap","Ghostly Armor","Impervious","Clothesline","Intimidate+1","Heavy Blade"],"relics":["Burning Blood","Bag of Preparation","Golden Idol","Orichalcum","Anchor","MawBank","Pocketwatch","Sozu","Necronomicon","Art of War","Bronze Scales","Meat on the Bone","Ornamental Fan","Sling","Pandora\u0027s Box","Whetstone","Smiling Mask","Shuriken","Red Skull"],"potions_floor_usage":[7,24,28,33],"damage_taken":[{"damage":6,"enemies":"Jaw Worm","floor":1,"turns":4},{"damage":8,"enemies":"2 Louse","floor":3,"turns":3},{"damage":2,"enemies":"Cultist","floor":4,"turns":3},{"damage":27,"enemies":"Lagavulin","floor":7,"turns":7},{"damage":9,"enemies":"Blue Slaver","floor":8,"turns":4},{"damage":13,"enemies":"3 Sentries","floor":10,"turns":5},{"damage":5,"enemies":"Lagavulin","floor":12,"turns":10},{"damage":4,"enemies":"2 Fungi Beasts","floor":13,"turns":3},{"damage":7,"enemies":"Exordium Thugs","floor":14,"turns":3},{"damage":25,"enemies":"Hexaghost","floor":16,"turns":9},{"damage":0,"enemies":"Chosen","floor":18,"turns":4},{"damage":11,"enemies":"Spheric Guardian","floor":20,"turns":5},{"damage":16,"enemies":"Cultist and Chosen","floor":21,"turns":6},{"damage":11,"enemies":"Centurion and Healer","floor":22,"turns":5},{"damage":26,"enemies":"Sentry and Sphere","floor":24,"turns":6},{"damage":19,"enemies":"Slavers","floor":25,"turns":4},{"damage":0,"enemies":"Chosen and Byrds","floor":27,"turns":4},{"damage":13,"enemies":"Book of Stabbing","floor":28,"turns":4},{"damage":4,"enemies":"Cultist and Chosen","floor":30,"turns":4},{"damage":55,"enemies":"Automaton","floor":33,"turns":8},{"damage":7,"enemies":"3 Shapes","floor":35,"turns":5},{"damage":32,"enemies":"3 Darklings","floor":36,"turns":5},{"damage":6,"enemies":"Transient","floor":39,"turns":5},{"damage":18,"enemies":"4 Shapes","floor":44,"turns":5},{"damage":13,"enemies":"Giant Head","floor":45,"turns":6},{"damage":21,"enemies":"Sphere and 2 Shapes","floor":46,"turns":3},{"damage":51,"enemies":"Reptomancer","floor":47,"turns":4},{"damage":3,"enemies":"Maw","floor":48,"turns":6},{"damage":33,"enemies":"Time Eater","floor":50,"turns":5}],"seed_played":"-5110642449481568643","potions_obtained":[{"floor":3,"key":"Swift Potion"},{"floor":4,"key":"SpeedPotion"},{"floor":12,"key":"BloodPotion"},{"floor":13,"key":"Weak Potion"},{"floor":14,"key":"BloodPotion"}],"is_trial":false,"path_per_floor":["M","$","M","M","?","R","E","M","T","E","R","E","M","M","R","B",null,"M","?","M","M","M","R","M","E","T","M","E","?","M","$","R","B",null,"M","M","?","$","M","R","?","R","T","M","E","M","E","M","R","B",null],"character_chosen":"IRONCLAD","items_purchased":["Combust","Bag of Preparation","Dropkick","Ornamental Fan","Sling","Whetstone"],"campfire_rested":2,"item_purchase_floors":[2,2,31,31,31,38],"current_hp_per_floor":[80,80,78,80,60,60,39,36,36,29,53,54,56,55,55,36,80,80,64,59,49,44,44,44,31,31,37,30,30,44,44,44,27,80,79,53,53,53,53,53,53,53,53,53,58,55,22,37,61,46],"gold":325,"neow_bonus":"HUNDRED_GOLD","is_prod":false,"is_daily":false,"chose_seed":false,"campfire_upgraded":6,"win_rate":0.0,"timestamp":1563643854,"path_taken":["M","$","M","M","?","R","E","M","T","E","R","E","M","M","R","BOSS","M","?","M","M","M","R","M","E","T","M","E","?","M","$","R","BOSS","M","M","?","$","M","R","?","R","T","M","E","?","E","M","R","BOSS"],"build_version":"2019-07-17","purchased_purges":2,"victory":true,"max_hp_per_floor":[80,80,80,80,80,80,80,80,80,80,80,80,80,80,80,80,80,80,80,80,80,80,80,80,80,80,80,80,80,80,80,80,80,80,80,80,80,80,80,80,80,80,80,80,80,80,80,80,80,80],"card_choices":[{"not_picked":["Wild Strike","Reckless Charge"],"picked":"Shrug It Off","floor":1},{"not_picked":["Warcry","Heavy Blade"],"picked":"Cleave","floor":3},{"not_picked":["Clash","Wild Strike"],"picked":"Power Through","floor":4},{"not_picked":["Clash","Heavy Blade"],"picked":"Shrug It Off","floor":7},{"not_picked":["Headbutt","Anger"],"picked":"Barricade","floor":8},{"not_picked":["Sword Boomerang","Disarm"],"picked":"Flame Barrier","floor":10},{"not_picked":["Sword Boomerang","Pommel Strike"],"picked":"Demon Form","floor":12},{"not_picked":["Heavy Blade","Armaments"],"picked":"Body Slam","floor":13},{"not_picked":["Inflame","Heavy Blade"],"picked":"Battle Trance","floor":14},{"not_picked":["Immolate","Dark Embrace"],"picked":"Offering","floor":16},{"not_picked":["Combust","Cleave","Heavy Blade"],"picked":"SKIP","floor":18},{"not_picked":["Power Through","Perfected Strike","Carnage"],"picked":"SKIP","floor":20},{"not_picked":["Headbutt","Corruption"],"picked":"Entrench","floor":21},{"not_picked":["Entrench","True Grit"],"picked":"Armaments","floor":22},{"not_picked":["Anger","Clash+1"],"picked":"Spot Weakness+1","floor":24},{"not_picked":["Clash+1","Disarm+1","Thunderclap+1"],"picked":"SKIP","floor":25},{"not_picked":["True Grit","Body Slam","Clash+1"],"picked":"SKIP","floor":27},{"not_picked":["Cleave","Armaments","Anger+1"],"picked":"SKIP","floor":28},{"not_picked":["Blood for Blood","Flex"],"picked":"Berserk","floor":30},{"not_picked":["Double Tap","Dark Embrace"],"picked":"Limit Break","floor":33},{"not_picked":["Perfected Strike","Seeing Red"],"picked":"Clothesline","floor":35},{"not_picked":["Anger+1","True Grit","Body Slam"],"picked":"SKIP","floor":36},{"not_picked":["Wild Strike+1","Cleave+1","Inflame+1"],"picked":"SKIP","floor":39},{"not_picked":["Shrug It Off","Warcry"],"picked":"Intimidate+1","floor":44},{"not_picked":["Dark Embrace","Sword Boomerang"],"picked":"Heavy Blade","floor":45},{"not_picked":["Twin Strike+1","Cleave","Anger+1"],"picked":"SKIP","floor":46},{"not_picked":["Dropkick","Cleave","Twin Strike"],"picked":"SKIP","floor":47},{"not_picked":["Feed","Warcry+1","Clash+1"],"picked":"SKIP","floor":48}],"player_experience":65159,"relics_obtained":[{"floor":7,"key":"Orichalcum"},{"floor":9,"key":"Anchor"},{"floor":10,"key":"MawBank"},{"floor":12,"key":"Pocketwatch"},{"floor":19,"key":"Necronomicon"},{"floor":25,"key":"Art of War"},{"floor":26,"key":"Bronze Scales"},{"floor":28,"key":"Meat on the Bone"},{"floor":43,"key":"Smiling Mask"},{"floor":45,"key":"Shuriken"},{"floor":47,"key":"Red Skull"}],"event_choices":[{"damage_healed":0,"gold_gain":0,"player_choice":"Take Damage","damage_taken":20,"relics_obtained":["Golden Idol"],"max_hp_gain":0,"max_hp_loss":0,"event_name":"Golden Idol","floor":5,"gold_loss":0},{"damage_healed":0,"gold_gain":0,"player_choice":"Obtained Book","damage_taken":16,"max_hp_gain":0,"max_hp_loss":0,"event_name":"Cursed Tome","floor":19,"gold_loss":0},{"cards_removed":["Strike_R"],"damage_healed":0,"gold_gain":0,"player_choice":"Gave Gold","damage_taken":0,"max_hp_gain":0,"max_hp_loss":0,"event_name":"Beggar","floor":29,"gold_loss":75},{"damage_healed":0,"gold_gain":0,"player_choice":"Ignored","damage_taken":0,"max_hp_gain":0,"max_hp_loss":0,"event_name":"Tomb of Lord Red Mask","floor":37,"gold_loss":0},{"cards_removed":["Shrug It Off"],"damage_healed":0,"gold_gain":0,"player_choice":"Card Removal","damage_taken":0,"max_hp_gain":0,"max_hp_loss":0,"event_name":"Wheel of Change","floor":41,"gold_loss":0}],"is_beta":false,"boss_relics":[{"not_picked":["White Beast Statue","Lizard Tail"],"picked":"Sozu"},{"not_picked":["Tiny House","Philosopher\u0027s Stone"],"picked":"Pandora\u0027s Box"}],"items_purged_floors":[31,38],"is_endless":false,"potions_floor_spawned":[3,4,12,13,14,20,25,27,28,39,44,47,48],"ascension_level":0}