{"gold_per_floor":[115,45,64,74,91,91,91,118,197,48,48,67,67,84,84,185,185,196,196,196,208,208,208,237,237,291,302,1,1,14,34,34,131,131,148,164,164,176,176,188,32,32,32,32,59,59,71,71],"floor_reached":48,"playtime":2499,"items_purged":["Writhe"],"score":532,"play_id":"df702d78-6308-4f46-918b-b0a100432dea","local_time":"20181124081057","is_ascension_mode":false,"campfire_choices":[{"floor":6.0,"key":"RECALL"},{"floor":13.0,"key":"REST"},{"data":"Static Discharge","floor":15.0,"key":"SMITH"},{"floor":23.0,"key":"REST"},{"floor":29.0,"key":"REST"},{"floor":32.0,"key":"REST"},{"floor":42.0,"key":"REST"},{"data":"Amplify","floor":44.0,"key":"SMITH"},{"data":"Ghostly","floor":46.0,"key":"SMITH"}],"neow_cost":"NONE","seed_source_timestamp":0,"circlet_count":0,"master_deck":["Strike_B","Strike_B","Strike_B","Strike_B","Defend_B","Defend_B","Defend_B","Defend_B","Zap","Dualcast","Static Discharge","Darkness","Seek","Static Discharge+1","Force Field","Hologram","Thunder Strike","Redo+1","Ghostly+1","Ghostly","Ghostly","Ghostly","Ghostly","Dark Shackles","Good Instincts","Genetic Algorithm","Redo+1","Fusion","Defragment+1","Storm+1","Reinforced Body","Echo Form+1","Parasite","Clumsy","Scrape+1","Madness","Madness","Amplify+1","Madness","Reinforced Body","Steam Power+1","Storm+1","Go for the Eyes+1","Chill"],"special_seed":0,"relics":["Cracked Core","DataDisk","Turnip","Boot","Bag of Marbles","Vajra","Sozu","PreservedInsect","Enchiridion","Oddly Smooth Stone","Frozen Egg 2","Calling Bell","Regal Pillow","Question Card","Calipers","Molten Egg 2","Art of War"],"potions_floor_usage":[],"damage_taken":[{"damage":5.0,"enemies":"Jaw Worm","floor":1.0,"turns":4.0},{"damage":0.0,"enemies":"Cultist","floor":3.0,"turns":3.0},{"damage":0.0,"enemies":"Small Slimes","floor":4.0,"turns":2.0},{"damage":20.0,"enemies":"Exordium Thugs","floor":5.0,"turns":4.0},{"damage":30.0,"enemies":"3 Sentries","floor":8.0,"turns":5.0},{"damage":5.0,"enemies":"Looter","floor":12.0,"turns":3.0},{"damage":5.0,"enemies":"3 Louse","floor":14.0,"turns":4.0},{"damage":4.0,"enemies":"The Guardian","floor":16.0,"turns":10.0},{"damage":6.0,"enemies":"3 Byrds","floor":18.0,"turns":2.0},{"damage":7.0,"enemies":"2 Thieves","floor":21.0,"turns":3.0},{"damage":5.0,"enemies":"Gremlin Leader","floor":24.0,"turns":4.0},{"damage":1.0,"enemies":"Sentry and Sphere","floor":27.0,"turns":7.0},{"damage":3.0,"enemies":"Cultist and Chosen","floor":30.0,"turns":5.0},{"damage":3.0,"enemies":"Centurion and Healer","floor":31.0,"turns":3.0},{"damage":4.0,"enemies":"Automaton","floor":33.0,"turns":7.0},{"damage":12.0,"enemies":"3 Darklings","floor":35.0,"turns":4.0},{"damage":0.0,"enemies":"3 Shapes","floor":36.0,"turns":2.0},{"damage":0.0,"enemies":"Maw","floor":38.0,"turns":9.0},{"damage":6.0,"enemies":"Sphere and 2 Shapes","floor":40.0,"turns":5.0},{"damage":3.0,"enemies":"Nemesis","floor":45.0,"turns":4.0},{"damage":0.0,"enemies":"Transient","floor":47.0,"turns":5.0},{"damage":35,"enemies":"Reptomancer","floor":48,"turns":2}],"seed_played":"7065178899395568843","potions_obtained":[{"floor":3.0,"key":"Energy Potion"},{"floor":4.0,"key":"LiquidBronze"},{"floor":5.0,"key":"Strength Potion"},{"floor":8.0,"key":"Strength Potion"},{"floor":11.0,"key":"SkillPotion"},{"floor":11.0,"key":"Dexterity Potion"}],"is_trial":false,"path_per_floor":["M","?","M","M","M","R","?","E","T","$","?","M","R","M","R","B",null,"M","?","?","M","?","R","E","?","T","M","$","R","M","M","R","B",null,"M","M","?","M","?","M","$","R","T","R","E","R","M","E"],"character_chosen":"DEFECT","items_purchased":["Vajra","Frozen Egg 2","Defragment+1","Storm+1"],"campfire_rested":5,"item_purchase_floors":[10,28,28,41],"current_hp_per_floor":[70,70,70,70,50,50,50,20,20,20,20,15,37,32,32,28,75,69,37,19,12,12,23,18,2,2,1,1,12,9,6,17,13,37,25,25,20,20,20,14,14,37,37,37,34,34,34,0],"gold":71,"neow_bonus":"RANDOM_COMMON_RELIC","is_prod":false,"is_daily":false,"chose_seed":false,"campfire_upgraded":3,"win_rate":0,"timestamp":1543075857,"path_taken":["M","?","M","M","?","R","?","E","T","?","?","?","R","M","R","BOSS","M","?","?","?","?","R","E","?","T","M","$","R","M","M","R","BOSS","M","M","?","M","?","?","$","R","T","R","E","R","M","E"],"build_version":"2018-11-15","purchased_purges":1,"victory":false,"max_hp_per_floor":[75,75,75,75,75,75,75,75,75,75,75,75,75,75,75,75,75,75,37,37,37,37,37,37,37,37,37,37,37,37,37,37,37,37,37,37,37,37,37,37,37,37,37,37,37,37,37,37],"card_choices":[{"not_picked":["Coolheaded","Rebound","Aggregate"],"picked":"SKIP","floor":1.0},{"not_picked":["Leap","Redo"],"picked":"Static Discharge","floor":3.0},{"not_picked":["Redo","Hologram"],"picked":"Darkness","floor":4.0},{"not_picked":["Redo","Rebound"],"picked":"Seek","floor":5.0},{"not_picked":["White Noise","Glacier"],"picked":"Static Discharge","floor":8.0},{"not_picked":["Turbo","Compile Driver"],"picked":"Force Field","floor":12.0},{"not_picked":["Beam Cell","Stack"],"picked":"Hologram","floor":14.0},{"not_picked":["All For One","Biased Cognition"],"picked":"Thunder Strike","floor":16.0},{"not_picked":["Turbo","Heatsinks"],"picked":"Redo+1","floor":18.0},{"not_picked":["Fusion","Barrage"],"picked":"Genetic Algorithm","floor":21.0},{"not_picked":["Recycle","Sweeping Beam+1"],"picked":"Redo+1","floor":24.0},{"not_picked":["Coolheaded+1","Ball Lightning"],"picked":"Fusion","floor":27.0},{"not_picked":["Redo+1","Fusion+1"],"picked":"Storm+1","floor":30.0},{"not_picked":["White Noise","Streamline"],"picked":"Reinforced Body","floor":31.0},{"not_picked":["Biased Cognition+1","Seek"],"picked":"Echo Form+1","floor":33.0},{"not_picked":["Cold Snap","Turbo+1","Hologram+1","Steam"],"picked":"SKIP","floor":35.0},{"not_picked":["Tempest","Leap+1","Streamline+1"],"picked":"Scrape+1","floor":36.0},{"not_picked":["Double Energy","Leap+1","Cold Snap","Hologram+1"],"picked":"SKIP","floor":38.0},{"not_picked":["Coolheaded+1","Steam+1","Conserve Battery+1"],"picked":"Steam Power+1","floor":40.0},{"not_picked":["Cold Snap+1","Beam Cell+1","Streamline+1"],"picked":"Go for the Eyes+1","floor":45.0},{"not_picked":["Redo+1","Rebound+1","Blizzard+1"],"picked":"Chill","floor":47.0}],"player_experience":481910,"relics_obtained":[{"floor":8.0,"key":"Bag of Marbles"},{"floor":24.0,"key":"PreservedInsect"},{"floor":25.0,"key":"Enchiridion"},{"floor":26.0,"key":"Oddly Smooth Stone"},{"floor":34.0,"key":"Regal Pillow"},{"floor":34.0,"key":"Question Card"},{"floor":34.0,"key":"Calipers"},{"floor":43.0,"key":"Molten Egg 2"},{"floor":45.0,"key":"Art of War"}],"event_choices":[{"damage_healed":0.0,"max_hp_gain":0.0,"max_hp_loss":0.0,"gold_gain":0.0,"event_name":"WeMeetAgain","player_choice":"Paid Gold","floor":2.0,"gold_loss":70.0,"damage_taken":0.0,"relics_obtained":["Turnip"]},{"damage_healed":0.0,"max_hp_gain":0.0,"max_hp_loss":0.0,"gold_gain":0.0,"event_name":"Dead Adventurer","player_choice":"Searched \u00271\u0027 times","floor":7.0,"gold_loss":0.0,"damage_taken":0.0,"relics_obtained":["Boot"]},{"damage_healed":0.0,"max_hp_gain":0.0,"max_hp_loss":0.0,"gold_gain":0.0,"event_name":"Lab","player_choice":"Got Potions","floor":11.0,"gold_loss":0.0,"damage_taken":0.0},{"damage_healed":0.0,"max_hp_gain":0.0,"max_hp_loss":38.0,"gold_gain":0.0,"event_name":"Ghosts","player_choice":"Became a Ghost","floor":19.0,"gold_loss":0.0,"damage_taken":0.0,"cards_obtained":["Ghostly","Ghostly","Ghostly","Ghostly","Ghostly"]},{"damage_healed":0.0,"max_hp_gain":0.0,"max_hp_loss":0.0,"gold_gain":0.0,"event_name":"Knowing Skull","player_choice":"CARD CARD ","floor":20.0,"potions_obtained":[],"gold_loss":0.0,"damage_taken":18.0,"cards_obtained":["Dark Shackles","Good Instincts"]},{"damage_healed":0.0,"max_hp_gain":0.0,"max_hp_loss":0.0,"gold_gain":0.0,"event_name":"Vampires","player_choice":"Ignored","floor":22.0,"gold_loss":0.0,"damage_taken":0.0},{"damage_healed":0.0,"max_hp_gain":0.0,"max_hp_loss":0.0,"gold_gain":0.0,"event_name":"Cursed Tome","player_choice":"Obtained Book","floor":25.0,"gold_loss":0.0,"damage_taken":16.0},{"damage_healed":0.0,"max_hp_gain":0.0,"max_hp_loss":0.0,"gold_gain":0.0,"event_name":"Winding Halls","player_choice":"Embrace Madness","floor":37.0,"gold_loss":0.0,"damage_taken":5.0,"cards_obtained":["Madness","Madness"]},{"damage_healed":0.0,"max_hp_gain":0.0,"max_hp_loss":0.0,"gold_gain":0.0,"event_name":"Match and Keep!","player_choice":"3 cards matched","floor":39.0,"gold_loss":0.0,"damage_taken":0.0,"cards_obtained":["Amplify","Madness","Reinforced Body"]}],"is_beta":false,"boss_relics":[{"not_picked":["Runic Dome","Lizard Tail"],"picked":"Sozu"},{"not_picked":["Velvet Choker","Eternal Feather"],"picked":"Calling Bell"}],"items_purged_floors":[41],"is_endless":false,"potions_floor_spawned":[3,4,5,8,27,30,31,35,36,47],"killed_by":"Reptomancer","ascension_level":0}