{"gold_per_floor":[111,111,111,125,144,173,44,62,108,108,122,122,122,140,140,237,237,250,263,274,285,40,56,66,66,66,77,77,87,15,30,30,134,134,151,151,171,181,197,197,212,13,95,95,115,146,146,160,160,160],"floor_reached":51,"playtime":14145,"items_purged":["Transmutation"],"score":639,"play_id":"8ac2d9c3-8df1-47c0-9ff9-dd4b1ba235df","local_time":"20190130004749","is_ascension_mode":false,"campfire_choices":[{"data":"Chaos","floor":10.0,"key":"SMITH"},{"data":"Steam","floor":13.0,"key":"SMITH"},{"data":"Genetic Algorithm","floor":15.0,"key":"SMITH"},{"data":"Rainbow","floor":25.0,"key":"SMITH"},{"data":"Capacitor","floor":28.0,"key":"SMITH"},{"data":"Consume","floor":32.0,"key":"SMITH"},{"data":"Buffer","floor":40,"key":"SMITH"},{"data":"Hologram","floor":44,"key":"SMITH"},{"data":"Rainbow","floor":47,"key":"SMITH"},{"floor":49,"key":"REST"}],"neow_cost":"NONE","seed_source_timestamp":0,"circlet_count":0,"master_deck":["Strike_B+1","Strike_B","Strike_B","Strike_B","Defend_B","Defend_B","Defend_B","Defend_B","Zap","Dualcast","Go for the Eyes","Hologram+1","Redo","Chaos+1","Lockon","Genetic Algorithm+1","Steam+1","Cold Snap+1","Rainbow+1","Glacier+1","Stack","Conserve Battery+1","Capacitor+1","Rainbow+1","Barrage","FTL","Consume+1","Chill","Buffer+1","White Noise+1","Chill+1","Blizzard+1","Self Repair","Defragment"],"special_seed":0,"relics":["Cracked Core","Mercury Hourglass","Bronze Scales","Nuclear Battery","Membership Card","Pantograph","Whetstone","Inserter","Ornamental Fan","Toxic Egg 2","Ancient Tea Set"],"potions_floor_usage":[50,50],"damage_taken":[{"damage":2.0,"enemies":"Small Slimes","floor":1.0,"turns":4.0},{"damage":2.0,"enemies":"Jaw Worm","floor":4.0,"turns":5.0},{"damage":3.0,"enemies":"Cultist","floor":5.0,"turns":4.0},{"damage":30.0,"enemies":"Gremlin Nob","floor":6.0,"turns":5.0},{"damage":7.0,"enemies":"Blue Slaver","floor":8.0,"turns":4.0},{"damage":9.0,"enemies":"Looter","floor":11.0,"turns":2.0},{"damage":0.0,"enemies":"Gremlin Gang","floor":14.0,"turns":2.0},{"damage":40.0,"enemies":"Hexaghost","floor":16.0,"turns":9.0},{"damage":0.0,"enemies":"Spheric Guardian","floor":18.0,"turns":3.0},{"damage":0.0,"enemies":"3 Byrds","floor":19.0,"turns":2.0},{"damage":0.0,"enemies":"Shelled Parasite and Fungi","floor":20.0,"turns":8.0},{"damage":0.0,"enemies":"Snecko","floor":21.0,"turns":6.0},{"damage":1.0,"enemies":"Snake Plant","floor":23.0,"turns":3.0},{"damage":0.0,"enemies":"Cultist and Chosen","floor":24.0,"turns":6.0},{"damage":26.0,"enemies":"Centurion and Healer","floor":27.0,"turns":13.0},{"damage":7.0,"enemies":"Sentry and Sphere","floor":29.0,"turns":6.0},{"damage":6.0,"enemies":"Cultist and Chosen","floor":31.0,"turns":5.0},{"damage":49.0,"enemies":"Champ","floor":33.0,"turns":21.0},{"damage":13.0,"enemies":"Orb Walker","floor":35.0,"turns":2.0},{"damage":1,"enemies":"3 Shapes","floor":37,"turns":6},{"damage":6,"enemies":"Maw","floor":38,"turns":11},{"damage":0,"enemies":"Jaw Worm Horde","floor":39,"turns":6},{"damage":0,"enemies":"Sphere and 2 Shapes","floor":41,"turns":4},{"damage":0,"enemies":"4 Shapes","floor":45,"turns":5},{"damage":8,"enemies":"Nemesis","floor":46,"turns":11},{"damage":33,"enemies":"Spire Growth","floor":48,"turns":8},{"damage":11,"enemies":"Donu and Deca","floor":50,"turns":12}],"seed_played":"712382613283222787","potions_obtained":[{"floor":1.0,"key":"Explosive Potion"},{"floor":4.0,"key":"SpeedPotion"},{"floor":11.0,"key":"Poison Potion"},{"floor":19.0,"key":"Weak Potion"},{"floor":20.0,"key":"SteroidPotion"},{"floor":24.0,"key":"SneckoOil"},{"floor":27.0,"key":"Strength Potion"},{"floor":35.0,"key":"Regen Potion"},{"floor":37,"key":"Dexterity Potion"},{"floor":38,"key":"FocusPotion"}],"is_trial":false,"path_per_floor":["M","?","?","M","M","E","$","M","T","R","M","?","R","M","R","B",null,"M","M","M","M","$","M","M","R","T","M","R","M","$","M","R","B",null,"M","?","M","M","M","R","M","$","T","R","M","E","R","M","R","B",null],"character_chosen":"DEFECT","items_purchased":["Enlightenment","Lockon","Membership Card","Capacitor","Whetstone","Ornamental Fan","Self Repair"],"campfire_rested":1,"item_purchase_floors":[7,7,22,22,30,42,42],"current_hp_per_floor":[80,80,85,83,80,50,50,43,43,43,34,87,87,87,87,47,87,87,87,87,87,87,86,86,86,86,60,60,53,53,47,47,23,87,74,74,73,67,67,67,67,67,67,67,67,66,66,40,66,83],"gold":160,"neow_bonus":"TEN_PERCENT_HP_BONUS","is_prod":false,"is_daily":false,"chose_seed":false,"campfire_upgraded":9,"win_rate":0.0,"timestamp":1548805669,"path_taken":["M","?","?","M","M","E","?","M","T","R","M","?","R","M","R","BOSS","M","M","M","M","?","M","M","R","T","M","R","M","$","M","R","BOSS","M","?","M","M","M","R","M","$","T","R","M","E","R","M","R","BOSS"],"build_version":"2019-01-23","purchased_purges":1,"victory":true,"max_hp_per_floor":[82,82,87,87,87,87,87,87,87,87,87,87,87,87,87,87,87,87,87,87,87,87,87,87,87,87,87,87,87,87,87,87,87,87,87,87,87,87,87,87,87,87,87,87,87,87,87,87,87,87],"card_choices":[{"not_picked":["Glacier","Rip and Tear"],"picked":"Go for the Eyes","floor":1.0},{"not_picked":["Reinforced Body","Skim"],"picked":"Hologram","floor":4.0},{"not_picked":["Gash","Stack"],"picked":"Redo","floor":5.0},{"not_picked":["Force Field","Sweeping Beam"],"picked":"Chaos","floor":6.0},{"not_picked":["Gash","Barrage"],"picked":"Genetic Algorithm","floor":8.0},{"not_picked":["Sweeping Beam","Cold Snap"],"picked":"Steam","floor":11.0},{"not_picked":["Amplify","Compile Driver"],"picked":"Cold Snap","floor":14.0},{"not_picked":["Fission","Seek"],"picked":"Rainbow","floor":16.0},{"not_picked":["Hologram","Redo"],"picked":"Glacier+1","floor":18.0},{"not_picked":["Barrage","Coolheaded+1"],"picked":"Stack","floor":19.0},{"not_picked":["Beam Cell","Hello World"],"picked":"Conserve Battery+1","floor":20.0},{"not_picked":["Aggregate","Glacier","Barrage"],"picked":"SKIP","floor":21.0},{"not_picked":["Consume","Stack+1"],"picked":"Rainbow","floor":23.0},{"not_picked":["Streamline","Steam"],"picked":"Barrage","floor":24.0},{"not_picked":["Ball Lightning","Stack"],"picked":"FTL","floor":27.0},{"not_picked":["Fusion","Force Field+1"],"picked":"Consume","floor":29.0},{"not_picked":["BootSequence","Stack+1"],"picked":"Chill","floor":31.0},{"not_picked":["Fission","Rainbow"],"picked":"Buffer","floor":33.0},{"not_picked":["Cold Snap","Reprogram+1"],"picked":"White Noise+1","floor":35.0},{"not_picked":["Flash of Steel","Purity"],"picked":"Transmutation","floor":36},{"not_picked":["Stack","FTL","Compile Driver"],"picked":"SKIP","floor":37},{"not_picked":["Hologram","Double Energy+1"],"picked":"Chill+1","floor":38},{"not_picked":["Chaos+1","Reinforced Body+1"],"picked":"Blizzard+1","floor":39},{"not_picked":["Barrage","Beam Cell","Reinforced Body"],"picked":"SKIP","floor":41},{"not_picked":["Self Repair","Sweeping Beam+1","Genetic Algorithm+1"],"picked":"SKIP","floor":45},{"not_picked":["Melter","Heatsinks","Compile Driver"],"picked":"SKIP","floor":46},{"not_picked":["Leap+1","Force Field+1"],"picked":"Defragment","floor":48}],"player_experience":40813,"relics_obtained":[{"floor":6.0,"key":"Mercury Hourglass"},{"floor":9.0,"key":"Bronze Scales"},{"floor":26.0,"key":"Pantograph"},{"floor":43,"key":"Toxic Egg 2"},{"floor":46,"key":"Ancient Tea Set"}],"event_choices":[{"damage_healed":0.0,"max_hp_gain":0.0,"max_hp_loss":0.0,"gold_gain":0.0,"event_name":"Liars Game","player_choice":"Ignored","floor":2.0,"gold_loss":0.0,"damage_taken":0.0},{"damage_healed":0.0,"max_hp_gain":5.0,"max_hp_loss":0.0,"gold_gain":0.0,"event_name":"Big Fish","player_choice":"Donut","floor":3.0,"gold_loss":0.0,"damage_taken":0.0},{"cards_removed":["Enlightenment"],"damage_healed":53.0,"max_hp_gain":0.0,"max_hp_loss":0.0,"gold_gain":0.0,"event_name":"Bonfire Elementals","player_choice":"Offered Uncommon","floor":12.0,"gold_loss":0.0,"damage_taken":0.0},{"damage_healed":0,"gold_gain":0,"player_choice":"Memory 1","damage_taken":0,"max_hp_gain":0,"max_hp_loss":0,"event_name":"SensoryStone","floor":36,"gold_loss":0}],"is_beta":false,"boss_relics":[{"not_picked":["Busted Crown","Velvet Choker"],"picked":"Nuclear Battery"},{"not_picked":["Runic Dome","Empty Cage"],"picked":"Inserter"}],"items_purged_floors":[42],"is_endless":false,"potions_floor_spawned":[1,4,11,19,20,24,27,35,37,38,45,46],"ascension_level":0}