{"gold_per_floor":[114,114,127,127,302,302,314,340,389,408,424,424,9,26,26,130,130,149,149,162,6,25,25,25],"floor_reached":24,"playtime":977,"items_purged":[],"score":238,"play_id":"5ab5569a-6fed-4c45-8572-9f6a39850213","local_time":"20180828135557","is_ascension_mode":true,"campfire_choices":[{"floor":6.0,"key":"REST"},{"floor":15.0,"key":"REST"},{"floor":23.0,"key":"REST"}],"neow_cost":"","seed_source_timestamp":0,"circlet_count":0,"master_deck":["Strike_B","Strike_B","Strike_B","Defend_B","Defend_B","Defend_B","Defend_B","Zap","Dualcast","Cold Snap","Gash","Doubt","Beam Cell","Ball Lightning","Doom and Gloom","Gash","BootSequence","Rebound","Defragment","Hologram","Turbo","Chill","Seek","Stack","Darkness+1","Defragment","BootSequence","Beam Cell","Turbo+1","Heatsinks+1"],"special_seed":0,"relics":["Dream Catcher","Bag of Preparation","Anchor","Calipers","Inserter","Nloth\u0027s Gift"],"potions_floor_usage":[24,24],"damage_taken":[{"damage":14.0,"enemies":"Jaw Worm","floor":1.0,"turns":3.0},{"damage":0.0,"enemies":"2 Louse","floor":3.0,"turns":2.0},{"damage":2.0,"enemies":"Small Slimes","floor":7.0,"turns":2.0},{"damage":40.0,"enemies":"Lagavulin","floor":8.0,"turns":6.0},{"damage":0.0,"enemies":"3 Louse","floor":10.0,"turns":2.0},{"damage":3.0,"enemies":"Exordium Thugs","floor":11.0,"turns":3.0},{"damage":0.0,"enemies":"Exordium Wildlife","floor":14.0,"turns":2.0},{"damage":40.0,"enemies":"Hexaghost","floor":16.0,"turns":9.0},{"damage":2.0,"enemies":"2 Thieves","floor":18.0,"turns":4.0},{"damage":11.0,"enemies":"3 Byrds","floor":20.0,"turns":5.0},{"damage":38.0,"enemies":"Shelled Parasite and Fungi","floor":22.0,"turns":6.0},{"damage":54,"enemies":"Slavers","floor":24,"turns":5}],"seed_played":"1967242587547324700","potions_obtained":[{"floor":1.0,"key":"Explosive Potion"},{"floor":7.0,"key":"Energy Potion"},{"floor":8.0,"key":"Energy Potion"},{"floor":10.0,"key":"LiquidBronze"},{"floor":22.0,"key":"FearPotion"}],"is_trial":false,"path_per_floor":["M","?","M","?","?","R","M","E","T","M","M","?","$","M","R","B",null,"M","?","M","$","M","R"],"character_chosen":"DEFECT","items_purchased":["Defragment","Hologram","Calipers","Defragment","BootSequence","Beam Cell"],"campfire_rested":3,"item_purchase_floors":[13,13,13,21,21,21],"current_hp_per_floor":[61,61,61,54,54,75,73,33,33,33,30,30,30,30,52,12,75,73,73,62,62,24,46,0],"gold":25,"neow_bonus":"","is_prod":false,"is_daily":false,"chose_seed":false,"campfire_upgraded":0,"win_rate":0,"timestamp":1535489757,"path_taken":["M","?","M","?","?","R","?","E","T","M","M","?","$","M","R","BOSS","M","?","M","$","M","R","E"],"build_version":"2018-08-23v2","purchased_purges":0,"victory":false,"max_hp_per_floor":[75,75,75,75,75,75,75,75,75,75,75,75,75,75,75,75,75,75,75,75,75,75,75,75],"card_choices":[{"not_picked":["Skim","Turbo"],"picked":"Cold Snap","floor":1.0},{"not_picked":["Undo","Doom and Gloom"],"picked":"Gash","floor":3.0},{"not_picked":["Streamline","Hologram"],"picked":"Beam Cell","floor":6.0},{"not_picked":["Machine Learning","Melter"],"picked":"Ball Lightning","floor":7.0},{"not_picked":["Rip and Tear","Barrage"],"picked":"Doom and Gloom","floor":8.0},{"not_picked":["Reinforced Body","Recycle"],"picked":"Gash","floor":10.0},{"not_picked":["Doom and Gloom","Rebound"],"picked":"BootSequence","floor":11.0},{"not_picked":["Rebound","Doom and Gloom"],"picked":"Turbo","floor":14.0},{"not_picked":["Barrage","Hello World"],"picked":"Chill","floor":15.0},{"not_picked":["Machine Learning","Biased Cognition"],"picked":"Seek","floor":16.0},{"not_picked":["Leap","Redo"],"picked":"Stack","floor":18.0},{"not_picked":["Steam","Beam Cell"],"picked":"Darkness+1","floor":20.0},{"not_picked":["Leap","Stack+1"],"picked":"Turbo+1","floor":22.0},{"not_picked":["Rainbow","Streamline"],"picked":"Heatsinks+1","floor":23.0}],"player_experience":216010,"relics_obtained":[{"floor":8.0,"key":"Bag of Preparation"},{"floor":9.0,"key":"Anchor"}],"event_choices":[{"event_name":"Big Fish","player_choice":"Box","floor":2.0,"damage_taken":0.0},{"event_name":"Golden Wing","player_choice":"Card Removal","floor":4.0,"damage_taken":0.0},{"event_name":"Liars Game","player_choice":"agreed","floor":5.0,"damage_taken":0.0},{"event_name":"Living Wall","player_choice":"Change","floor":12.0,"damage_taken":0.0},{"event_name":"N\u0027loth","player_choice":"Traded a Cracked Core","floor":19.0,"damage_taken":0.0}],"is_beta":false,"boss_relics":[{"not_picked":["Astrolabe","Cursed Key"],"picked":"Inserter"}],"items_purged_floors":[],"is_endless":false,"potions_floor_spawned":[1,7,8,10,16,18,20,22],"killed_by":"Slavers","ascension_level":4}