{"gold_per_floor":[118,132,57,67,86,86,96,96,149,149,149,149,159,171,171,171],"floor_reached":16,"playtime":883,"items_purged":["Pain"],"score":122,"play_id":"111f2e95-65c1-454a-a254-45e1079dfbad","local_time":"20190728235233","is_ascension_mode":true,"campfire_choices":[{"data":"Normality","floor":6,"key":"PURGE"},{"floor":8,"key":"REST"},{"data":"Corpse Explosion","floor":10,"key":"SMITH"},{"floor":15,"key":"REST"}],"neow_cost":"NONE","seed_source_timestamp":9225595400512,"circlet_count":0,"master_deck":["Strike_G","Strike_G","Strike_G","Strike_G","Strike_G+1","Defend_G","Defend_G","Defend_G","Defend_G","Defend_G","Survivor","Neutralize","Injury","Corpse Explosion+1","Dodge and Roll","PiercingWail","Skewer+1","Leg Sweep+1","Escape Plan","Slice"],"relics":["Calling Bell","Blood Vial","Letter Opener","Peace Pipe","Whetstone"],"potions_floor_usage":[7,7,16],"damage_taken":[{"damage":12,"enemies":"2 Louse","floor":1,"turns":4},{"damage":13,"enemies":"Jaw Worm","floor":2,"turns":4},{"damage":3,"enemies":"Cultist","floor":4,"turns":4},{"damage":18,"enemies":"3 Louse","floor":5,"turns":4},{"damage":6,"enemies":"Exordium Thugs","floor":7,"turns":3},{"damage":31,"enemies":"Gremlin Gang","floor":13,"turns":4},{"damage":0,"enemies":"3 Louse","floor":14,"turns":3},{"damage":46,"enemies":"Hexaghost","floor":16,"turns":15}],"seed_played":"-8804597696273356410","potions_obtained":[{"floor":1,"key":"SkillPotion"},{"floor":5,"key":"Energy Potion"},{"floor":14,"key":"Explosive Potion"}],"is_trial":false,"path_per_floor":["M","M","$","M","M","R","M","R","T","R","?","?","M","M","R","B"],"character_chosen":"THE_SILENT","items_purchased":[],"campfire_rested":2,"item_purchase_floors":[],"current_hp_per_floor":[53,42,42,41,25,25,21,42,42,42,47,47,18,20,42,0],"gold":171,"neow_bonus":"BOSS_RELIC","is_prod":false,"is_daily":false,"chose_seed":false,"campfire_upgraded":1,"win_rate":0,"timestamp":1564350753,"path_taken":["M","M","$","M","M","R","M","R","T","R","?","?","?","M","R","BOSS"],"build_version":"2019-07-17","purchased_purges":1,"victory":false,"max_hp_per_floor":[70,70,70,70,70,70,70,70,70,70,75,75,75,75,75,75],"card_choices":[{"not_picked":["Blade Dance","Flying Knee"],"picked":"Corpse Explosion","floor":1},{"not_picked":["Acrobatics","Underhanded Strike"],"picked":"Dodge and Roll","floor":2},{"not_picked":["Deadly Poison","Deflect"],"picked":"PiercingWail","floor":4},{"not_picked":["Underhanded Strike","Flying Knee"],"picked":"Skewer","floor":5},{"not_picked":["Acrobatics","Dash"],"picked":"Leg Sweep","floor":7},{"not_picked":["Blur","Bane"],"picked":"Escape Plan","floor":13},{"not_picked":["PiercingWail","Dodge and Roll"],"picked":"Slice","floor":14}],"player_experience":633131,"relics_obtained":[{"floor":0,"key":"Blood Vial"},{"floor":0,"key":"Letter Opener"},{"floor":0,"key":"Peace Pipe"},{"floor":9,"key":"Whetstone"}],"event_choices":[{"damage_healed":0,"gold_gain":0,"player_choice":"Donut","damage_taken":0,"max_hp_gain":5,"max_hp_loss":0,"event_name":"Big Fish","floor":11,"gold_loss":0},{"damage_healed":0,"gold_gain":0,"player_choice":"Upgraded","damage_taken":0,"max_hp_gain":0,"max_hp_loss":0,"event_name":"Upgrade Shrine","floor":12,"gold_loss":0,"cards_upgraded":["Leg Sweep"]}],"is_beta":false,"boss_relics":[],"items_purged_floors":[3],"is_endless":false,"potions_floor_spawned":[1,5,14],"killed_by":"Hexaghost","ascension_level":6}