{"gold_per_floor":[115,115,115,115,134,134,174,174,174,48,82,100,115,128,128,221,221,237,187,207,207],"floor_reached":21,"playtime":504,"items_purged":[],"score":428,"play_id":"8e2f7a83-9513-4163-a8ba-943eb8342c1f","local_time":"20190309135943","is_ascension_mode":true,"campfire_choices":[{"data":"Cloak And Dagger","floor":6,"key":"SMITH"},{"data":"Deflect","floor":8,"key":"SMITH"},{"data":"Deadly Poison","floor":15,"key":"SMITH"}],"neow_cost":"NONE","seed_source_timestamp":4751621685614,"circlet_count":0,"master_deck":["AscendersBane","Defend_G","Defend_G","Defend_G","Defend_G","Defend_G","Strike_G","Strike_G","Strike_G","Strike_G","Strike_G","Survivor","Neutralize+1","Deflect+1","Cloak And Dagger+1","Skewer+1","Backstab","Quick Slash","Deadly Poison+1","Adrenaline","Catalyst+1","Blur"],"relics":["Ring of the Snake","NeowsBlessing","Golden Idol","Art of War","The Courier","PreservedInsect","Ancient Tea Set","Sozu"],"potions_floor_usage":[11,16,16,21],"damage_taken":[{"damage":0,"enemies":"Cultist","floor":1,"turns":1},{"damage":0,"enemies":"Small Slimes","floor":5,"turns":1},{"damage":0,"enemies":"Lagavulin","floor":7,"turns":1},{"damage":16,"enemies":"Gremlin Nob","floor":11,"turns":4},{"damage":0,"enemies":"Jaw Worm","floor":12,"turns":3},{"damage":1,"enemies":"Red Slaver","floor":13,"turns":4},{"damage":0,"enemies":"3 Louse","floor":14,"turns":3},{"damage":17,"enemies":"Hexaghost","floor":16,"turns":12},{"damage":24,"enemies":"Chosen","floor":18,"turns":4},{"damage":15,"enemies":"Spheric Guardian","floor":20,"turns":4},{"damage":14,"enemies":"Snake Plant","floor":21,"turns":3}],"seed_played":"-6335536219064005199","potions_obtained":[{"floor":4,"key":"Strength Potion"},{"floor":4,"key":"Poison Potion"},{"floor":11,"key":"GhostInAJar"},{"floor":13,"key":"Dexterity Potion"},{"floor":16,"key":"Block Potion"}],"is_trial":false,"path_per_floor":["M","?","?","?","M","R","E","R","T","$","E","M","M","M","R","B",null,"M","?","M","M"],"character_chosen":"THE_SILENT","items_purchased":["PreservedInsect"],"campfire_rested":0,"item_purchase_floors":[10],"current_hp_per_floor":[59,59,59,59,59,59,59,59,59,59,43,43,42,42,42,25,51,27,27,12,0],"gold":207,"neow_bonus":"THREE_ENEMY_KILL","is_prod":false,"is_daily":false,"chose_seed":false,"campfire_upgraded":3,"win_rate":0,"timestamp":1552129183,"path_taken":["M","?","?","?","M","R","E","R","T","$","E","M","M","M","R","BOSS","M","?","?","M"],"build_version":"2019-01-23","purchased_purges":0,"victory":false,"max_hp_per_floor":[66,60,60,60,60,60,60,60,60,60,60,60,60,60,60,60,60,60,60,60,60],"card_choices":[{"not_picked":["Blur","Dodge and Roll"],"picked":"Deflect","floor":1},{"not_picked":["Bouncing Flask","Dagger Throw"],"picked":"Cloak And Dagger","floor":5},{"not_picked":["Backflip","Concentrate","Heel Hook"],"picked":"SKIP","floor":7},{"not_picked":["Storm of Steel","Heel Hook"],"picked":"Skewer","floor":11},{"not_picked":["Riddle With Holes","Concentrate"],"picked":"Backstab","floor":12},{"not_picked":["All Out Attack","Terror"],"picked":"Quick Slash","floor":13},{"not_picked":["Heel Hook","Blade Dance"],"picked":"Deadly Poison","floor":14},{"not_picked":["Malaise","Wraith Form v2"],"picked":"Adrenaline","floor":16},{"not_picked":["Poisoned Stab","Expertise"],"picked":"Catalyst+1","floor":18},{"not_picked":["Quick Slash","Bane+1"],"picked":"Blur","floor":20}],"player_experience":784963,"relics_obtained":[{"floor":7,"key":"Art of War"},{"floor":9,"key":"The Courier"},{"floor":11,"key":"Ancient Tea Set"}],"event_choices":[{"damage_healed":0,"gold_gain":0,"player_choice":"Lose Max HP","damage_taken":0,"relics_obtained":["Golden Idol"],"max_hp_gain":0,"max_hp_loss":6,"event_name":"Golden Idol","floor":2,"gold_loss":0},{"damage_healed":0,"gold_gain":0,"player_choice":"Grow","damage_taken":0,"max_hp_gain":0,"max_hp_loss":0,"event_name":"Living Wall","floor":3,"gold_loss":0,"cards_upgraded":["Neutralize"]},{"damage_healed":0,"gold_gain":0,"player_choice":"Got Potions","damage_taken":0,"max_hp_gain":0,"max_hp_loss":0,"event_name":"Lab","floor":4,"gold_loss":0},{"damage_healed":0,"gold_gain":0,"player_choice":"Upgrade","damage_taken":0,"max_hp_gain":0,"max_hp_loss":0,"event_name":"Designer","floor":19,"gold_loss":50,"cards_upgraded":["Skewer"]}],"is_beta":false,"boss_relics":[{"not_picked":["Snecko Eye","Eternal Feather"],"picked":"Sozu"}],"items_purged_floors":[],"is_endless":false,"potions_floor_spawned":[11,12,13,16,20],"killed_by":"Snake Plant","ascension_level":20}