{"gold_per_floor":[19,19,34,45,57,68,80,106,106,117,147,160,160,170,170,270,270,287,287,307,40,40,40,40,53,53,68,68],"floor_reached":28,"playtime":2307,"items_purged":[],"score":256,"play_id":"d2631f88-d6e6-4357-b742-efa8d3357239","local_time":"20180720161125","is_ascension_mode":false,"campfire_choices":[{"floor":13.0,"key":"REST"},{"floor":15.0,"key":"REST"},{"data":"Barricade","floor":24,"key":"SMITH"}],"neow_cost":"NO_GOLD","seed_source_timestamp":0,"circlet_count":0,"master_deck":["Strike_R+1","Strike_R","Strike_R","Strike_R+1","Strike_R","Defend_R","Defend_R","Defend_R","Defend_R","Bash","Armaments","Regret","Ghostly Armor","Twin Strike","Thunderclap","Infernal Blade","Anger","Demon Form","Blood for Blood","Berserk","Anger","Feel No Pain","Barricade+1","Blood for Blood","Writhe","Bloodletting","Headbutt","Flex","Clothesline"],"special_seed":0,"relics":["Burning Blood","Ginger","Bronze Scales","Whetstone","Bag of Marbles","Bag of Preparation","Eternal Feather","Letter Opener","Frozen Egg 2","NlothsMask"],"potions_floor_usage":[16,23,23],"damage_taken":[{"damage":0.0,"enemies":"Small Slimes","floor":1.0,"turns":3.0},{"damage":20.0,"enemies":"2 Louse","floor":3.0,"turns":2.0},{"damage":4.0,"enemies":"Cultist","floor":4.0,"turns":4.0},{"damage":18.0,"enemies":"Red Slaver","floor":5.0,"turns":3.0},{"damage":9.0,"enemies":"2 Fungi Beasts","floor":6.0,"turns":3.0},{"damage":15.0,"enemies":"Looter","floor":7.0,"turns":3.0},{"damage":11.0,"enemies":"3 Sentries","floor":8.0,"turns":7.0},{"damage":3.0,"enemies":"Large Slime","floor":10.0,"turns":4.0},{"damage":33.0,"enemies":"Gremlin Nob","floor":11.0,"turns":4.0},{"damage":13.0,"enemies":"Blue Slaver","floor":12.0,"turns":2.0},{"damage":10.0,"enemies":"Looter","floor":14.0,"turns":2.0},{"damage":17,"enemies":"Slime Boss","floor":16,"turns":6},{"damage":30,"enemies":"Shell Parasite","floor":18,"turns":4},{"damage":17,"enemies":"Spheric Guardian","floor":20,"turns":3},{"damage":15,"enemies":"Gremlin Leader","floor":23,"turns":4},{"damage":15,"enemies":"Snake Plant","floor":25,"turns":3},{"damage":29,"enemies":"Centurion and Healer","floor":27,"turns":6},{"damage":27,"enemies":"3 Cultists","floor":28,"turns":4}],"seed_played":"8019673641021704769","potions_obtained":[{"floor":3.0,"key":"Ancient Potion"},{"floor":5.0,"key":"Block Potion"},{"floor":6.0,"key":"Swift Potion"},{"floor":10.0,"key":"SmokeBomb"},{"floor":11.0,"key":"PowerPotion"},{"floor":20,"key":"PowerPotion"},{"floor":27,"key":"Ancient Potion"}],"is_trial":false,"path_per_floor":["M","?","M","M","M","M","M","E","T","M","E","M","R","M","R","B",null,"M","?","M","$","?","E","R","M","T","M"],"character_chosen":"IRONCLAD","items_purchased":["Frozen Egg 2","Headbutt"],"campfire_rested":2,"item_purchase_floors":[21,21],"current_hp_per_floor":[80,80,66,68,56,53,44,39,39,42,15,8,32,28,52,41,80,56,56,45,45,45,36,51,42,42,19,0],"gold":68,"neow_bonus":"ONE_RARE_RELIC","is_prod":false,"is_daily":false,"chose_seed":false,"campfire_upgraded":1,"win_rate":0.0,"timestamp":1532083285,"path_taken":["M","?","M","M","?","M","M","E","T","M","E","M","R","M","R","BOSS","M","?","M","$","?","E","R","M","T","M","?"],"build_version":"2018-07-19","purchased_purges":0,"victory":false,"max_hp_per_floor":[80,80,80,80,80,80,80,80,80,80,80,80,80,80,80,80,80,80,80,80,80,80,80,80,80,80,80,80],"card_choices":[{"not_picked":["Clothesline","Cleave"],"picked":"Armaments","floor":1.0},{"not_picked":["Flame Barrier","Rupture"],"picked":"Ghostly Armor","floor":3.0},{"not_picked":["Whirlwind","Thunderclap"],"picked":"Twin Strike","floor":4.0},{"not_picked":["Sever Soul","Searing Blow"],"picked":"Thunderclap","floor":5.0},{"not_picked":["Shrug It Off","Heavy Blade"],"picked":"Infernal Blade","floor":6.0},{"not_picked":["Seeing Red","Burning Pact"],"picked":"Anger","floor":7.0},{"not_picked":["Bloodletting","Anger"],"picked":"Demon Form","floor":8.0},{"not_picked":["True Grit","Warcry"],"picked":"Blood for Blood","floor":10.0},{"not_picked":["Hemokinesis","Iron Wave"],"picked":"Berserk","floor":11.0},{"not_picked":["Flex","Clash"],"picked":"Anger","floor":12.0},{"not_picked":["Perfected Strike","Anger"],"picked":"Feel No Pain","floor":14.0},{"not_picked":["Berserk","Dark Embrace"],"picked":"Barricade","floor":16},{"not_picked":["Carnage","Rupture+1"],"picked":"Blood for Blood","floor":18},{"not_picked":["Headbutt","Pommel Strike"],"picked":"Bloodletting","floor":20},{"not_picked":["Iron Wave","Reckless Charge"],"picked":"Flex","floor":25},{"not_picked":["Warcry","Bloodletting+1"],"picked":"Clothesline","floor":27}],"player_experience":18233,"relics_obtained":[{"floor":8.0,"key":"Whetstone"},{"floor":9.0,"key":"Bag of Marbles"},{"floor":11.0,"key":"Bag of Preparation"}],"event_choices":[{"event_name":"Big Fish","player_choice":"Box","floor":2.0,"damage_taken":0.0},{"event_name":"The Mausoleum","player_choice":"Yes","floor":19,"damage_taken":0},{"event_name":"FaceTrader","player_choice":"Trade","floor":22,"damage_taken":0}],"is_beta":false,"boss_relics":[{"not_picked":["Lizard Tail","Sozu"],"picked":"Eternal Feather"}],"items_purged_floors":[],"is_endless":false,"potions_floor_spawned":[3,5,6,10,11,20,27],"killed_by":"3 Cultists","ascension_level":0}