{"gold_per_floor":[109,126,140,140,18,49,49,69,121,121,139,150,160,174,174,174],"floor_reached":16,"playtime":3177,"items_purged":[],"score":106,"play_id":"7be33d44-c6a5-4860-a805-3238001866c0","local_time":"20190201204207","is_ascension_mode":false,"campfire_choices":[{"data":"Noxious Fumes","floor":7,"key":"SMITH"},{"data":"Night Terror","floor":15,"key":"SMITH"}],"neow_cost":"NONE","seed_source_timestamp":1648228893245333,"circlet_count":0,"master_deck":["Defend_G","Defend_G+1","Defend_G","Defend_G","Defend_G","Strike_G","Strike_G","Strike_G","Strike_G","Strike_G","Survivor","Neutralize","Dash+1","Noxious Fumes+1","Well Laid Plans","Noxious Fumes+1","Bane","Night Terror+1","Acrobatics","Prepared","Leg Sweep"],"relics":["Coffee Dripper","Matryoshka","Happy Flower","Orichalcum"],"potions_floor_usage":[8,14,16],"damage_taken":[{"damage":3,"enemies":"2 Louse","floor":1,"turns":3},{"damage":0,"enemies":"Cultist","floor":2,"turns":4},{"damage":0,"enemies":"Small Slimes","floor":3,"turns":3},{"damage":10,"enemies":"3 Sentries","floor":6,"turns":7},{"damage":6,"enemies":"Exordium Wildlife","floor":8,"turns":6},{"damage":20,"enemies":"Large Slime","floor":11,"turns":6},{"damage":0,"enemies":"Blue Slaver","floor":12,"turns":4},{"damage":11,"enemies":"Exordium Thugs","floor":13,"turns":5},{"damage":0,"enemies":"Large Slime","floor":14,"turns":4},{"damage":29,"enemies":"Slime Boss","floor":16,"turns":3}],"seed_played":"-1191610003897537795","potions_obtained":[{"floor":3,"key":"Energy Potion"},{"floor":11,"key":"Swift Potion"},{"floor":12,"key":"Block Potion"}],"is_trial":false,"path_per_floor":["M","M","M","?","$","E","R","M","T","?","M","M","M","M","R","B"],"character_chosen":"THE_SILENT","items_purchased":["Noxious Fumes","Bane"],"campfire_rested":0,"item_purchase_floors":[5,5],"current_hp_per_floor":[67,67,67,53,53,43,43,37,37,37,17,17,6,6,6,0],"gold":174,"neow_bonus":"BOSS_RELIC","is_prod":false,"is_daily":false,"chose_seed":false,"campfire_upgraded":2,"win_rate":0.0,"timestamp":1549050127,"path_taken":["M","M","M","?","$","E","R","M","T","?","M","M","?","M","R","BOSS"],"build_version":"2019-01-23","purchased_purges":0,"victory":false,"max_hp_per_floor":[70,70,70,70,70,70,70,70,70,70,70,70,70,70,70,70],"card_choices":[{"not_picked":["Dodge and Roll","Reflex"],"picked":"Dash","floor":1},{"not_picked":["Blur","Slice"],"picked":"Noxious Fumes","floor":2},{"not_picked":["Deflect","Quick Slash"],"picked":"Well Laid Plans","floor":3},{"not_picked":["Slice","Catalyst"],"picked":"Night Terror","floor":6},{"not_picked":["Well Laid Plans","Flying Knee"],"picked":"Acrobatics","floor":8},{"not_picked":["Slice","Flechettes"],"picked":"Prepared","floor":11},{"not_picked":["Dagger Throw","Poisoned Stab","Predator"],"picked":"SKIP","floor":12},{"not_picked":["Slice","Quick Slash","Finisher"],"picked":"SKIP","floor":13},{"not_picked":["Prepared","Quick Slash"],"picked":"Leg Sweep","floor":14}],"player_experience":61179,"relics_obtained":[{"floor":6,"key":"Matryoshka"},{"floor":9,"key":"Happy Flower"},{"floor":9,"key":"Orichalcum"}],"event_choices":[{"damage_healed":0,"gold_gain":0,"player_choice":"Entered Light","damage_taken":14,"max_hp_gain":0,"max_hp_loss":0,"event_name":"Shining Light","floor":4,"gold_loss":0,"cards_upgraded":["Dash","Defend_G"]},{"damage_healed":0,"gold_gain":0,"player_choice":"Upgraded","damage_taken":0,"max_hp_gain":0,"max_hp_loss":0,"event_name":"Upgrade Shrine","floor":10,"gold_loss":0,"cards_upgraded":["Noxious Fumes"]}],"is_beta":false,"boss_relics":[],"items_purged_floors":[],"is_endless":false,"potions_floor_spawned":[3,11,12],"killed_by":"Slime Boss","ascension_level":0}