{"gold_per_floor":[111,34,44,44,56,56,89,106,106,131,131,131,159,174,174,271,271,283,48,68,87,105,105,134,134,184,184,284,295,309,81,81,176,176,187,202,72,0,17,51,68,101,124,124,134,209,244,258,258,258,258,258,66,91,91],"floor_reached":56,"playtime":2424,"items_purged":["Strike_R"],"score":1394,"play_id":"13f0847d-47b0-42eb-9f84-8faaf089bba2","local_time":"20190702175340","is_ascension_mode":true,"campfire_choices":[{"data":"Bash","floor":6.0,"key":"SMITH"},{"data":"1","floor":11.0,"key":"LIFT"},{"data":"2","floor":15.0,"key":"LIFT"},{"data":"Limit Break","floor":23.0,"key":"SMITH"},{"data":"Flame Barrier","floor":25.0,"key":"SMITH"},{"data":"Sword Boomerang","floor":27.0,"key":"SMITH"},{"data":"Berserk","floor":32.0,"key":"SMITH"},{"data":"3","floor":44.0,"key":"LIFT"},{"floor":49,"key":"RECALL"},{"data":"Metallicize","floor":52,"key":"SMITH"}],"neow_cost":"NONE","seed_source_timestamp":6756973263152,"circlet_count":0,"master_deck":["Bash+1","Iron Wave","Wild Strike+1","Flame Barrier+1","Shrug It Off+1","Combust","Sword Boomerang+1","Limit Break+1","Inflame","Inflame","Berserk+1","Reaper","Seeing Red","Exhume","Rage","Shockwave","Sword Boomerang","Carnage","Metallicize+1","Shrug It Off","Shrug It Off+1","Shrug It Off","Metallicize","Pommel Strike+1","Metallicize+1","Burning Pact+1","Limit Break+1","Headbutt+1"],"special_seed":0,"relics":["Burning Blood","Ice Cream","Girya","Odd Mushroom","Champion Belt","Busted Crown","Vajra","Sundial","War Paint","Incense Burner","Question Card","Pandora\u0027s Box","Red Mask","Kunai","StoneCalendar","Bronze Scales","DollysMirror","Art of War"],"potions_floor_usage":[55,55,55],"damage_taken":[{"damage":10.0,"enemies":"Cultist","floor":1.0,"turns":4.0},{"damage":0.0,"enemies":"Small Slimes","floor":3.0,"turns":3.0},{"damage":0.0,"enemies":"2 Louse","floor":5.0,"turns":3.0},{"damage":16.0,"enemies":"Lagavulin","floor":7.0,"turns":6.0},{"damage":3.0,"enemies":"Lots of Slimes","floor":8.0,"turns":5.0},{"damage":1.0,"enemies":"The Mushroom Lair","floor":10.0,"turns":3.0},{"damage":23.0,"enemies":"3 Sentries","floor":13.0,"turns":9.0},{"damage":11.0,"enemies":"Gremlin Gang","floor":14.0,"turns":5.0},{"damage":22.0,"enemies":"Slime Boss","floor":16.0,"turns":9.0},{"damage":16.0,"enemies":"2 Thieves","floor":18.0,"turns":4.0},{"damage":0.0,"enemies":"Chosen","floor":20.0,"turns":3.0},{"damage":11.0,"enemies":"Snake Plant","floor":21.0,"turns":3.0},{"damage":13.0,"enemies":"3 Cultists","floor":22.0,"turns":4.0},{"damage":6.0,"enemies":"Book of Stabbing","floor":24.0,"turns":4.0},{"damage":7.0,"enemies":"Colosseum Slavers","floor":28.0,"turns":3.0},{"damage":14.0,"enemies":"Colosseum Nobs","floor":28.0,"turns":5.0},{"damage":7.0,"enemies":"Centurion and Healer","floor":29.0,"turns":4.0},{"damage":2.0,"enemies":"Snake Plant","floor":30.0,"turns":2.0},{"damage":12.0,"enemies":"Champ","floor":33.0,"turns":6.0},{"damage":25.0,"enemies":"3 Shapes","floor":35.0,"turns":3.0},{"damage":5.0,"enemies":"Orb Walker","floor":36.0,"turns":4.0},{"damage":23.0,"enemies":"4 Shapes","floor":39.0,"turns":6.0},{"damage":68.0,"enemies":"Reptomancer","floor":40.0,"turns":8.0},{"damage":2.0,"enemies":"Transient","floor":41.0,"turns":5.0},{"damage":0.0,"enemies":"Giant Head","floor":42.0,"turns":7.0},{"damage":2.0,"enemies":"Jaw Worm Horde","floor":45.0,"turns":4.0},{"damage":13,"enemies":"Reptomancer","floor":47,"turns":6},{"damage":4,"enemies":"Writhing Mass","floor":48,"turns":6},{"damage":32,"enemies":"Time Eater","floor":50,"turns":7},{"damage":38,"enemies":"Shield and Spear","floor":54,"turns":7},{"damage":21,"enemies":"The Heart","floor":55,"turns":7}],"seed_played":"190536251957923189","potions_obtained":[{"floor":3.0,"key":"Explosive Potion"},{"floor":10.0,"key":"Swift Potion"},{"floor":13.0,"key":"Weak Potion"},{"floor":14.0,"key":"Explosive Potion"},{"floor":22.0,"key":"PowerPotion"},{"floor":40.0,"key":"PowerPotion"}],"is_trial":false,"path_per_floor":["M","$","M","?","M","R","E","M","T","?","R","?","E","M","R","B",null,"M","$","M","M","M","R","E","R","T","R","?","M","M","$","R","B",null,"M","M","$","?","M","E","M","E","T","R","M","?","E","M","R","B",null,"R","$","E","B",null],"character_chosen":"IRONCLAD","items_purchased":["Flame Barrier","Inflame","Vajra","Berserk","Shrug It Off","Metallicize","DollysMirror"],"campfire_rested":0,"item_purchase_floors":[2,19,19,31,37,37,53],"current_hp_per_floor":[76,76,80,80,80,80,70,73,73,78,78,78,61,56,56,40,80,70,70,76,71,64,64,64,64,64,64,55,54,58,58,58,52,80,61,80,80,80,80,77,80,80,80,80,80,72,65,80,80,80,80,80,80,70,55],"gold":91,"neow_bonus":"THREE_CARDS","is_prod":false,"is_daily":false,"chose_seed":false,"campfire_upgraded":6,"win_rate":0,"timestamp":1562079220,"path_taken":["M","$","?","?","M","R","E","M","T","?","R","?","E","M","R","BOSS","M","?","?","?","M","R","E","R","T","R","?","M","M","$","R","BOSS","M","M","$","?","M","E","M","E","T","R","M","?","E","?","R","BOSS","R","$","E","BOSS"],"build_version":"2019-07-01","purchased_purges":1,"victory":true,"max_hp_per_floor":[80,80,80,80,80,80,80,80,80,80,80,80,80,80,80,80,80,80,80,80,80,80,80,80,80,80,80,80,80,80,80,80,80,80,80,80,80,80,80,80,80,80,80,80,80,80,80,80,80,80,80,80,80,80,80],"card_choices":[{"not_picked":["Intimidate","Warcry"],"picked":"Iron Wave","floor":0.0},{"not_picked":["Headbutt","Shrug It Off"],"picked":"Wild Strike","floor":1.0},{"not_picked":["Flame Barrier","Juggernaut","Burning Pact"],"picked":"SKIP","floor":3.0},{"not_picked":["Anger","Clothesline","Blood for Blood"],"picked":"SKIP","floor":5.0},{"not_picked":["Armaments","Infernal Blade"],"picked":"Shrug It Off","floor":7.0},{"not_picked":["Flex","Havoc","Anger"],"picked":"SKIP","floor":8.0},{"not_picked":["Intimidate","Iron Wave"],"picked":"Combust","floor":13.0},{"not_picked":["Wild Strike","Rage"],"picked":"Sword Boomerang","floor":14.0},{"not_picked":["Fiend Fire","Immolate"],"picked":"Limit Break","floor":16.0},{"not_picked":["Infernal Blade"],"picked":"SKIP","floor":18.0},{"not_picked":["True Grit"],"picked":"SKIP","floor":20.0},{"not_picked":["Rupture"],"picked":"SKIP","floor":21.0},{"not_picked":[],"picked":"Inflame","floor":22.0},{"not_picked":["Evolve"],"picked":"SKIP","floor":24.0},{"not_picked":["Cleave","Second Wind"],"picked":"SKIP","floor":29.0},{"not_picked":["Clash","Intimidate+1"],"picked":"SKIP","floor":30.0},{"not_picked":["Limit Break"],"picked":"Reaper","floor":33.0},{"not_picked":["Cleave","Flex"],"picked":"SKIP","floor":35.0},{"not_picked":["Entrench"],"picked":"Shrug It Off+1","floor":36.0},{"not_picked":["Pommel Strike+1","Blood for Blood"],"picked":"SKIP","floor":39.0},{"not_picked":["Blood for Blood"],"picked":"Pommel Strike+1","floor":39.0},{"not_picked":["Shrug It Off","Hemokinesis+1"],"picked":"SKIP","floor":40.0},{"not_picked":["Bloodletting","Flex"],"picked":"SKIP","floor":41.0},{"not_picked":["Flame Barrier"],"picked":"Metallicize+1","floor":42.0},{"not_picked":["Flex+1","Cleave+1"],"picked":"SKIP","floor":45.0},{"not_picked":["Limit Break"],"picked":"Burning Pact+1","floor":47},{"not_picked":["Perfected Strike","Second Wind"],"picked":"SKIP","floor":48},{"not_picked":["Ghostly Armor"],"picked":"Headbutt+1","floor":54}],"player_experience":1041652,"relics_obtained":[{"floor":7.0,"key":"Ice Cream"},{"floor":9.0,"key":"Girya"},{"floor":10.0,"key":"Odd Mushroom"},{"floor":13.0,"key":"Champion Belt"},{"floor":24.0,"key":"Sundial"},{"floor":26.0,"key":"War Paint"},{"floor":28.0,"key":"Incense Burner"},{"floor":28.0,"key":"Question Card"},{"floor":40.0,"key":"Kunai"},{"floor":42.0,"key":"StoneCalendar"},{"floor":47,"key":"Bronze Scales"},{"floor":54,"key":"Art of War"}],"event_choices":[{"damage_healed":0.0,"max_hp_gain":0.0,"max_hp_loss":0.0,"gold_gain":0.0,"event_name":"Living Wall","player_choice":"Grow","floor":4.0,"gold_loss":0.0,"damage_taken":0.0,"cards_upgraded":["Wild Strike"]},{"damage_healed":0.0,"max_hp_gain":0.0,"max_hp_loss":0.0,"gold_gain":0.0,"event_name":"Mushrooms","player_choice":"Fought Mushrooms","floor":10.0,"gold_loss":0.0,"damage_taken":0.0},{"damage_healed":0.0,"max_hp_gain":0.0,"max_hp_loss":0.0,"gold_gain":0.0,"event_name":"NoteForYourself","player_choice":"Ignored","floor":12.0,"gold_loss":0.0,"damage_taken":0.0},{"damage_healed":0.0,"max_hp_gain":0.0,"max_hp_loss":0.0,"gold_gain":0.0,"event_name":"Colosseum","player_choice":"Fight","floor":28.0,"gold_loss":0.0,"damage_taken":0.0},{"damage_healed":0.0,"max_hp_gain":0.0,"max_hp_loss":0.0,"gold_gain":0.0,"event_name":"Colosseum","player_choice":"Fought Nobs","floor":28.0,"gold_loss":0.0,"damage_taken":0.0},{"damage_healed":0.0,"max_hp_gain":0.0,"max_hp_loss":0.0,"gold_gain":0.0,"event_name":"Tomb of Lord Red Mask","player_choice":"Paid","floor":38.0,"gold_loss":72.0,"damage_taken":0.0,"relics_obtained":["Red Mask"]},{"damage_healed":0,"gold_gain":75,"player_choice":"Touch","damage_taken":8,"max_hp_gain":0,"max_hp_loss":0,"event_name":"FaceTrader","floor":46,"gold_loss":0}],"is_beta":false,"boss_relics":[{"not_picked":["Runic Cube","Tiny House"],"picked":"Busted Crown"},{"not_picked":["Philosopher\u0027s Stone","Fusion Hammer"],"picked":"Pandora\u0027s Box"}],"items_purged_floors":[31],"is_endless":false,"potions_floor_spawned":[3,10,13,14,16,22,24,29,30,36,40,42,47],"ascension_level":1}