{"gold_per_floor":[119,133,153,26,38,38,63,63,114,114,114,34,49,61,61,160,160,170,270,85,72,88,88],"floor_reached":23,"playtime":1696,"items_purged":["Strike_G","Strike_G","Strike_G"],"score":193,"play_id":"0f290748-8c52-4dbd-bbfb-17c09725b5b9","local_time":"20190221225123","is_ascension_mode":false,"campfire_choices":[{"data":"Accuracy","floor":6,"key":"SMITH"},{"data":"Cloak And Dagger","floor":11,"key":"SMITH"},{"floor":15,"key":"REST"}],"neow_cost":"NONE","seed_source_timestamp":0,"circlet_count":0,"master_deck":["Defend_G+1","Defend_G","Defend_G","Defend_G+1","Strike_G","Survivor","Neutralize","Expertise","Accuracy+1","Cloak And Dagger","Flying Knee","Backflip","Cloak And Dagger+1","Blade Dance","Backstab","Outmaneuver","Accuracy","Blade Dance"],"special_seed":0,"relics":["Ring of the Snake","The Courier","Eternal Feather"],"potions_floor_usage":[7,7,21,23],"damage_taken":[{"damage":0.0,"enemies":"2 Louse","floor":1.0,"turns":4.0},{"damage":5.0,"enemies":"Small Slimes","floor":2.0,"turns":6.0},{"damage":5.0,"enemies":"Cultist","floor":3.0,"turns":4.0},{"damage":10.0,"enemies":"3 Louse","floor":5.0,"turns":4.0},{"damage":19,"enemies":"Gremlin Nob","floor":7,"turns":4},{"damage":0,"enemies":"Blue Slaver","floor":13,"turns":3},{"damage":0,"enemies":"Looter","floor":14,"turns":2},{"damage":27,"enemies":"The Guardian","floor":16,"turns":13},{"damage":0,"enemies":"Shell Parasite","floor":18,"turns":6},{"damage":7,"enemies":"2 Thieves","floor":21,"turns":4},{"damage":22,"enemies":"3 Cultists","floor":22,"turns":6},{"damage":41,"enemies":"Slavers","floor":23,"turns":3}],"seed_played":"-810824422617203170","potions_obtained":[{"floor":1.0,"key":"Fire Potion"},{"floor":5.0,"key":"Strength Potion"},{"floor":7,"key":"Swift Potion"},{"floor":13,"key":"Explosive Potion"},{"floor":18,"key":"Weak Potion"}],"is_trial":false,"path_per_floor":["M","M","M","$","M","R","E","?","T","?","R","$","M","M","R","B",null,"M","?","$","M","M","E"],"character_chosen":"THE_SILENT","items_purchased":["Flying Knee","Accuracy","Blade Dance"],"campfire_rested":1,"item_purchase_floors":[4,20,20],"current_hp_per_floor":[70,65,60,60,50,50,31,17,17,17,17,17,17,17,38,11,70,70,70,70,63,41,0],"gold":88,"neow_bonus":"REMOVE_CARD","is_prod":false,"is_daily":false,"chose_seed":false,"campfire_upgraded":2,"win_rate":0,"timestamp":1550785883,"path_taken":["M","M","M","$","M","R","E","?","T","?","R","$","M","M","R","BOSS","M","?","$","M","?","E"],"build_version":"2019-01-23","purchased_purges":3,"victory":false,"max_hp_per_floor":[70,70,70,70,70,70,70,70,70,70,70,70,70,70,70,70,70,70,70,70,70,70,70],"card_choices":[{"not_picked":["Bouncing Flask","Bane"],"picked":"Expertise","floor":1.0},{"not_picked":["Crippling Poison","Quick Slash"],"picked":"Accuracy","floor":2.0},{"not_picked":["Predator","Blur"],"picked":"Cloak And Dagger","floor":3.0},{"not_picked":["Dodge and Roll","Eviscerate"],"picked":"Backflip","floor":5.0},{"not_picked":["Expertise","Underhanded Strike"],"picked":"Cloak And Dagger","floor":7},{"not_picked":["Escape Plan","Dash"],"picked":"Blade Dance","floor":13},{"not_picked":["Venomology","Crippling Poison"],"picked":"Backstab","floor":14},{"not_picked":["Acrobatics","All Out Attack"],"picked":"Outmaneuver","floor":18},{"not_picked":["Deadly Poison","Bane+1","Slice"],"picked":"SKIP","floor":21},{"not_picked":["Prepared","All Out Attack","Backflip"],"picked":"SKIP","floor":22}],"player_experience":359126,"relics_obtained":[{"floor":7,"key":"The Courier"}],"event_choices":[{"damage_healed":0,"gold_gain":0,"player_choice":"Entered Light","damage_taken":14,"max_hp_gain":0,"max_hp_loss":0,"event_name":"Shining Light","floor":8,"gold_loss":0,"cards_upgraded":["Defend_G","Defend_G"]},{"cards_removed":["Defend_G"],"damage_healed":0,"gold_gain":0,"player_choice":"Forget","damage_taken":0,"max_hp_gain":0,"max_hp_loss":0,"event_name":"Living Wall","floor":10,"gold_loss":0},{"damage_healed":0,"gold_gain":100,"player_choice":"Pray","damage_taken":0,"max_hp_gain":0,"max_hp_loss":0,"event_name":"Golden Shrine","floor":19,"gold_loss":0}],"is_beta":false,"boss_relics":[{"not_picked":["HoveringKite","Orrery"],"picked":"Eternal Feather"}],"items_purged_floors":[4,12,20],"is_endless":false,"potions_floor_spawned":[1,5,7,13,18],"killed_by":"Slavers","ascension_level":0}