{"gold_per_floor":[116,41,41,57,57,57,69,79,103,114,114,114,114,126,126,126],"floor_reached":16,"playtime":503,"items_purged":[],"score":179,"play_id":"1c3f3b60-d8be-441a-b9f9-43d248a2b5bb","local_time":"20190722182613","is_ascension_mode":true,"campfire_choices":[{"data":"Clumsy","floor":6.0,"key":"PURGE"},{"floor":13.0,"key":"REST"},{"data":"Strike_G","floor":15.0,"key":"PURGE"}],"neow_cost":"NONE","seed_source_timestamp":21530912504234,"circlet_count":0,"master_deck":["AscendersBane","Strike_G","Strike_G","Strike_G","Strike_G","Defend_G","Defend_G","Defend_G","Defend_G","Defend_G","Survivor","Neutralize","Crippling Poison","Leg Sweep","Endless Agony","Backflip","Masterful Stab"],"special_seed":0,"relics":["Calling Bell","Regal Pillow","Pear","Peace Pipe","Ancient Tea Set","Bag of Marbles"],"potions_floor_usage":[16,16],"damage_taken":[{"damage":28.0,"enemies":"Jaw Worm","floor":1.0,"turns":9.0},{"damage":0.0,"enemies":"2 Louse","floor":4.0,"turns":3.0},{"damage":12.0,"enemies":"Cultist","floor":7.0,"turns":6.0},{"damage":15.0,"enemies":"2 Fungi Beasts","floor":8.0,"turns":5.0},{"damage":3.0,"enemies":"Looter","floor":10.0,"turns":4.0},{"damage":0.0,"enemies":"Exordium Wildlife","floor":14.0,"turns":5.0},{"damage":45,"enemies":"Hexaghost","floor":16,"turns":13}],"seed_played":"-6152759195924157186","potions_obtained":[{"floor":7.0,"key":"LiquidBronze"},{"floor":10.0,"key":"SpeedPotion"}],"is_trial":false,"path_per_floor":["M","?","?","M","?","R","M","M","T","M","?","?","R","M","R","B"],"character_chosen":"THE_SILENT","items_purchased":[],"campfire_rested":1,"item_purchase_floors":[],"current_hp_per_floor":[41,41,41,41,36,36,24,9,9,6,6,6,43,43,43,0],"gold":126,"neow_bonus":"BOSS_RELIC","is_prod":false,"is_daily":false,"chose_seed":false,"campfire_upgraded":0,"win_rate":0,"timestamp":1563845173,"path_taken":["M","?","?","?","?","R","M","M","T","M","?","?","R","M","R","BOSS"],"build_version":"2019-07-17","purchased_purges":0,"victory":false,"max_hp_per_floor":[76,76,76,76,76,76,76,76,76,76,76,76,76,76,76,76],"card_choices":[{"not_picked":["Skewer","Deadly Poison"],"picked":"Crippling Poison","floor":1.0},{"not_picked":["Blade Dance","Riddle With Holes","Flechettes"],"picked":"SKIP","floor":4.0},{"not_picked":["Dodge and Roll","Slice"],"picked":"Leg Sweep","floor":7.0},{"not_picked":["Distraction","Sucker Punch"],"picked":"Endless Agony","floor":8.0},{"not_picked":["Flying Knee","Eviscerate"],"picked":"Backflip","floor":10.0},{"not_picked":["Bane","Dagger Spray"],"picked":"Masterful Stab","floor":14.0}],"player_experience":668741,"relics_obtained":[{"floor":0.0,"key":"Regal Pillow"},{"floor":0.0,"key":"Pear"},{"floor":0.0,"key":"Peace Pipe"},{"floor":9.0,"key":"Bag of Marbles"}],"event_choices":[{"cards_removed":["Shame"],"damage_healed":0.0,"max_hp_gain":0.0,"max_hp_loss":0.0,"gold_gain":0.0,"event_name":"The Cleric","player_choice":"Card Removal","floor":2.0,"gold_loss":75.0,"damage_taken":0.0},{"cards_removed":["Writhe"],"damage_healed":0.0,"max_hp_gain":0.0,"max_hp_loss":0.0,"gold_gain":0.0,"event_name":"Purifier","player_choice":"Purged","floor":3.0,"gold_loss":0.0,"damage_taken":0.0},{"damage_healed":0.0,"max_hp_gain":0.0,"max_hp_loss":0.0,"gold_gain":0.0,"event_name":"Scrap Ooze","player_choice":"Success","floor":5.0,"gold_loss":0.0,"damage_taken":5.0,"relics_obtained":["Ancient Tea Set"]},{"damage_healed":0.0,"max_hp_gain":0.0,"max_hp_loss":0.0,"gold_gain":0.0,"event_name":"Golden Wing","player_choice":"Ignored","floor":11.0,"gold_loss":0.0,"damage_taken":0.0},{"damage_healed":0.0,"max_hp_gain":0.0,"max_hp_loss":0.0,"gold_gain":0.0,"event_name":"Dead Adventurer","player_choice":"Searched \u00270\u0027 times","floor":12.0,"gold_loss":0.0,"damage_taken":0.0}],"is_beta":false,"boss_relics":[],"items_purged_floors":[],"is_endless":false,"potions_floor_spawned":[7,10],"killed_by":"Hexaghost","ascension_level":19}