{"gold_per_floor":[130,161,191,225,241,296,296,314,314,314,347,360,392,444,444,540,540,550,560,485,26,26,26],"floor_reached":23,"playtime":2864,"items_purged":[],"score":207,"play_id":"cc110223-607a-4428-a2e1-1365e7d5d453","local_time":"20190804013004","is_ascension_mode":false,"campfire_choices":[{"data":"Anger","floor":7,"key":"SMITH"},{"data":"Bash","floor":15,"key":"SMITH"}],"neow_cost":"PERCENT_DAMAGE","seed_source_timestamp":198038762523000,"circlet_count":0,"master_deck":["Strike_R","Strike_R","Strike_R","Strike_R","Defend_R","Defend_R","Defend_R","Defend_R","Bash+1","Secret Weapon","HandOfGreed","Clash","Anger+1","Headbutt","Whirlwind","Thunderclap","Reaper","Spot Weakness","Combust","Flex","Double Tap","Dropkick","Pommel Strike+1","Cleave"],"relics":["Black Blood","Meat on the Bone","Question Card","GremlinMask","Gremlin Horn","HandDrill","Bottled Lightning"],"potions_floor_usage":[6,16,16,23],"damage_taken":[{"damage":0,"enemies":"Cultist","floor":1,"turns":2},{"damage":2,"enemies":"2 Louse","floor":2,"turns":2},{"damage":3,"enemies":"Jaw Worm","floor":3,"turns":3},{"damage":12,"enemies":"Blue Slaver","floor":4,"turns":2},{"damage":11,"enemies":"Gremlin Gang","floor":5,"turns":2},{"damage":31,"enemies":"Lagavulin","floor":6,"turns":4},{"damage":6,"enemies":"2 Fungi Beasts","floor":8,"turns":3},{"damage":17,"enemies":"Exordium Thugs","floor":11,"turns":4},{"damage":7,"enemies":"Blue Slaver","floor":12,"turns":2},{"damage":11,"enemies":"Red Slaver","floor":13,"turns":3},{"damage":24,"enemies":"Gremlin Nob","floor":14,"turns":4},{"damage":61,"enemies":"The Guardian","floor":16,"turns":8},{"damage":30,"enemies":"Spheric Guardian","floor":18,"turns":4},{"damage":21,"enemies":"Shell Parasite","floor":19,"turns":4},{"damage":79,"enemies":"Book of Stabbing","floor":23,"turns":6}],"seed_played":"-4235335868327427251","potions_obtained":[{"floor":3,"key":"Poison Potion"},{"floor":6,"key":"Ancient Potion"},{"floor":11,"key":"LiquidBronze"},{"floor":13,"key":"EssenceOfSteel"},{"floor":18,"key":"Weak Potion"}],"is_trial":false,"path_per_floor":["M","M","M","M","M","E","R","M","T","?","M","M","M","E","R","B",null,"M","M","?","$","?","E"],"character_chosen":"IRONCLAD","items_purchased":["HandDrill","Bottled Lightning"],"campfire_rested":0,"item_purchase_floors":[21,21],"current_hp_per_floor":[62,66,69,63,58,33,33,45,45,45,46,57,52,56,56,20,80,60,61,61,61,61,0],"gold":26,"neow_bonus":"RANDOM_COLORLESS_2","is_prod":false,"is_daily":false,"chose_seed":false,"campfire_upgraded":2,"win_rate":0.0,"timestamp":1564878604,"path_taken":["M","?","M","M","M","E","R","M","T","?","?","M","M","E","R","BOSS","M","M","?","$","?","E"],"build_version":"2019-07-17","purchased_purges":0,"victory":false,"max_hp_per_floor":[80,80,80,80,80,80,80,80,80,80,80,80,80,80,80,80,80,80,80,80,80,80,80],"card_choices":[{"not_picked":["Shrug It Off","Body Slam"],"picked":"Clash","floor":1},{"not_picked":["Second Wind","Thunderclap"],"picked":"Anger","floor":2},{"not_picked":["Flame Barrier","True Grit"],"picked":"Headbutt","floor":3},{"not_picked":["Flame Barrier","Body Slam"],"picked":"Whirlwind","floor":4},{"not_picked":["True Grit","Barricade"],"picked":"Thunderclap","floor":5},{"not_picked":["Clothesline","True Grit","Impervious"],"picked":"SKIP","floor":6},{"not_picked":["Clothesline","Body Slam","True Grit"],"picked":"SKIP","floor":8},{"not_picked":["Twin Strike","Body Slam","Rampage"],"picked":"Reaper","floor":11},{"not_picked":["Pommel Strike","Body Slam","Flex"],"picked":"Spot Weakness","floor":12},{"not_picked":["True Grit","Twin Strike","Bloodletting"],"picked":"Combust","floor":13},{"not_picked":["Seeing Red","Metallicize","Sword Boomerang"],"picked":"Flex","floor":14},{"not_picked":["Brutality","Barricade","Limit Break"],"picked":"Double Tap","floor":16},{"not_picked":["Flex","Iron Wave","Disarm+1"],"picked":"Dropkick","floor":18},{"not_picked":["Pummel","Clothesline","Thunderclap+1"],"picked":"Pommel Strike+1","floor":19}],"player_experience":18482,"relics_obtained":[{"floor":6,"key":"Meat on the Bone"},{"floor":9,"key":"Question Card"},{"floor":14,"key":"Gremlin Horn"}],"event_choices":[{"damage_healed":0,"gold_gain":0,"player_choice":"Trade","damage_taken":0,"relics_obtained":["GremlinMask"],"max_hp_gain":0,"max_hp_loss":0,"event_name":"FaceTrader","floor":10,"gold_loss":0},{"cards_removed":["Strike_R"],"damage_healed":0,"gold_gain":0,"player_choice":"Gave Gold","damage_taken":0,"max_hp_gain":0,"max_hp_loss":0,"event_name":"Beggar","floor":20,"gold_loss":75},{"damage_healed":0,"gold_gain":0,"player_choice":"Read","damage_taken":0,"max_hp_gain":0,"max_hp_loss":0,"event_name":"The Library","floor":22,"gold_loss":0,"cards_obtained":["Cleave"]}],"is_beta":false,"boss_relics":[{"not_picked":["Busted Crown","Coffee Dripper"],"picked":"Black Blood"}],"items_purged_floors":[],"is_endless":false,"potions_floor_spawned":[3,6,11,13,18],"killed_by":"Book of Stabbing","ascension_level":0}