{"gold_per_floor":[116,116,135,135,135,170,190,190,213,244,256,307,339,395,407,544,556,581,617,629,641],"floor_reached":21,"playtime":1210,"items_purged":[],"score":346,"play_id":"725bba1a-e94d-4b7f-9c3f-0281e799213f","local_time":"20180910154228","is_ascension_mode":true,"campfire_choices":[{"data":"Defragment","floor":8.0,"key":"SMITH"},{"floor":11.0,"key":"REST"},{"floor":15.0,"key":"REST"}],"neow_cost":"NONE","seed_source_timestamp":0,"circlet_count":0,"master_deck":["Defend_B","Defend_B","Defend_B","Defend_B","Zap","Dualcast","Rebound","Conserve Battery","Heatsinks","Genetic Algorithm","Loop","Defragment+1","Darkness","Defragment","BootSequence","Chill","Creative AI","Glacier","Self Repair","Bite","Bite","Bite","Bite","Bite"],"special_seed":0,"relics":["Cracked Core","Golden Idol","Cables","Prayer Wheel","PreservedInsect","MawBank","Bag of Marbles","Orichalcum","Inserter"],"potions_floor_usage":[21],"damage_taken":[{"damage":0.0,"enemies":"Small Slimes","floor":1.0,"turns":2.0},{"damage":0.0,"enemies":"Cultist","floor":3.0,"turns":2.0},{"damage":36.0,"enemies":"Gremlin Nob","floor":6.0,"turns":4.0},{"damage":0.0,"enemies":"2 Louse","floor":7.0,"turns":3.0},{"damage":26.0,"enemies":"Lagavulin","floor":10.0,"turns":6.0},{"damage":26.0,"enemies":"Gremlin Nob","floor":12.0,"turns":4.0},{"damage":9.0,"enemies":"Exordium Wildlife","floor":13.0,"turns":3.0},{"damage":13.0,"enemies":"3 Sentries","floor":14.0,"turns":5.0},{"damage":0.0,"enemies":"Hexaghost","floor":16.0,"turns":8.0},{"damage":19.0,"enemies":"Chosen","floor":18.0,"turns":6.0},{"damage":34.0,"enemies":"3 Byrds","floor":19.0,"turns":8.0},{"damage":25,"enemies":"Colosseum Slavers","floor":21,"turns":2}],"seed_played":"4468470034097448916","potions_obtained":[{"floor":2.0,"key":"FocusPotion"},{"floor":2.0,"key":"Energy Potion"},{"floor":2.0,"key":"FearPotion"},{"floor":3.0,"key":"Regen Potion"},{"floor":6.0,"key":"FairyPotion"},{"floor":7.0,"key":"Explosive Potion"},{"floor":13.0,"key":"FairyPotion"},{"floor":14.0,"key":"Explosive Potion"},{"floor":19.0,"key":"Explosive Potion"}],"is_trial":false,"path_per_floor":["M","?","M","?","T","E","M","R","T","E","R","E","M","E","R","B",null,"M","M","?"],"character_chosen":"DEFECT","items_purchased":[],"campfire_rested":2,"item_purchase_floors":[],"current_hp_per_floor":[75,75,75,69,69,33,42,42,42,16,36,10,1,3,23,23,58,39,5,5,0],"gold":641,"neow_bonus":"TRANSFORM_CARD","is_prod":false,"is_daily":false,"chose_seed":false,"campfire_upgraded":1,"win_rate":0,"timestamp":1536619348,"path_taken":["M","?","M","?","?","E","?","R","T","E","R","E","?","E","R","BOSS","M","M","?","?"],"build_version":"2018-09-06","purchased_purges":0,"victory":false,"max_hp_per_floor":[75,75,75,69,69,69,69,69,69,69,69,69,69,69,69,69,69,69,69,48,48],"card_choices":[{"not_picked":["Stack","Steam Power"],"picked":"Conserve Battery","floor":1.0},{"not_picked":["Lockon","BootSequence"],"picked":"Heatsinks","floor":3.0},{"not_picked":["Turbo","Compile Driver"],"picked":"Genetic Algorithm","floor":6.0},{"not_picked":["Redo","Force Field"],"picked":"Loop","floor":7.0},{"not_picked":["Compile Driver","Glacier"],"picked":"Defragment","floor":7.0},{"not_picked":["Genetic Algorithm","Sweeping Beam"],"picked":"Darkness","floor":10.0},{"not_picked":["Thunder Strike","Static Discharge"],"picked":"Defragment","floor":12.0},{"not_picked":["Steam","Heatsinks"],"picked":"BootSequence","floor":13.0},{"not_picked":["Heatsinks","Stack","Go for the Eyes"],"picked":"SKIP","floor":13.0},{"not_picked":["Biased Cognition","Double Energy"],"picked":"Chill","floor":14.0},{"not_picked":["All For One","Fission"],"picked":"Creative AI","floor":16.0},{"not_picked":["Beam Cell","Barrage","Steam Power+1"],"picked":"SKIP","floor":18.0},{"not_picked":["Auto Shields","Conserve Battery","Rebound+1"],"picked":"SKIP","floor":18.0},{"not_picked":["Reinforced Body","Barrage+1"],"picked":"Glacier","floor":19.0},{"not_picked":["Multi-Cast","Gash"],"picked":"Self Repair","floor":19.0}],"player_experience":279989,"relics_obtained":[{"floor":5.0,"key":"Cables"},{"floor":6.0,"key":"Prayer Wheel"},{"floor":9.0,"key":"PreservedInsect"},{"floor":10.0,"key":"MawBank"},{"floor":12.0,"key":"Bag of Marbles"},{"floor":14.0,"key":"Orichalcum"}],"event_choices":[{"event_name":"The Lab","player_choice":"Got Potions","floor":2.0,"damage_taken":0.0},{"event_name":"Golden Idol","player_choice":"Lose Max HP","floor":4.0,"damage_taken":0.0},{"event_name":"Vampires","player_choice":"Became a vampire","floor":20.0,"damage_taken":0.0},{"event_name":"Colosseum","player_choice":"Fight","floor":21,"damage_taken":0}],"is_beta":false,"boss_relics":[{"not_picked":["White Beast Statue","Sozu"],"picked":"Inserter"}],"items_purged_floors":[],"is_endless":false,"potions_floor_spawned":[3,6,7,13,14,19],"killed_by":"Colosseum Slavers","ascension_level":5}