{"gold_per_floor":[111,261,276,37,37,77,101,132,158,158,158,182,206,206],"floor_reached":14,"playtime":285,"items_purged":["Doubt"],"score":250,"play_id":"483db3ae-4b89-45f6-a7a8-baa4c818ead6","local_time":"20190727184734","is_ascension_mode":true,"campfire_choices":[{"floor":10.0,"key":"REST"}],"neow_cost":"NONE","seed_source_timestamp":23309533372225,"circlet_count":0,"master_deck":["AscendersBane","Strike_G","Strike_G","Strike_G","Strike_G","Strike_G","Defend_G","Defend_G","Defend_G","Defend_G","Defend_G","Survivor","Neutralize","Dagger Throw","Quick Slash","Glass Knife","Deflect","Noxious Fumes","Blur","Catalyst"],"special_seed":0,"relics":["Ring of the Snake","NeowsBlessing","Golden Idol","Snake Skull","Art of War","Vajra","Sundial"],"potions_floor_usage":[14,14],"damage_taken":[{"damage":0.0,"enemies":"Jaw Worm","floor":1.0,"turns":1.0},{"damage":0.0,"enemies":"2 Louse","floor":3.0,"turns":1.0},{"damage":0.0,"enemies":"Lagavulin","floor":6.0,"turns":1.0},{"damage":1.0,"enemies":"Small Slimes","floor":7.0,"turns":3.0},{"damage":17.0,"enemies":"3 Sentries","floor":8.0,"turns":7.0},{"damage":0.0,"enemies":"Looter","floor":12.0,"turns":4.0},{"damage":13.0,"enemies":"Exordium Wildlife","floor":13.0,"turns":5.0},{"damage":22,"enemies":"Gremlin Nob","floor":14,"turns":3}],"seed_played":"3113420391096962159","potions_obtained":[{"floor":3.0,"key":"LiquidBronze"},{"floor":7.0,"key":"PowerPotion"}],"is_trial":false,"path_per_floor":["M","?","M","$","?","E","M","E","T","R","?","M","M","E"],"character_chosen":"THE_SILENT","items_purchased":["Glass Knife"],"campfire_rested":1,"item_purchase_floors":[4],"current_hp_per_floor":[59,59,59,59,36,36,35,18,18,37,26,26,13,0],"gold":206,"neow_bonus":"THREE_ENEMY_KILL","is_prod":false,"is_daily":false,"chose_seed":false,"campfire_upgraded":0,"win_rate":0,"timestamp":1564242454,"path_taken":["M","?","M","$","?","E","M","E","T","R","?","M","M","E"],"build_version":"2019-07-17","purchased_purges":1,"victory":false,"max_hp_per_floor":[66,66,66,66,66,66,66,66,66,66,66,66,66,66],"card_choices":[{"not_picked":["Backflip","Dodge and Roll"],"picked":"Dagger Throw","floor":1.0},{"not_picked":["Bane","Outmaneuver"],"picked":"Quick Slash","floor":3.0},{"not_picked":["Infinite Blades","Calculated Gamble"],"picked":"Deflect","floor":6.0},{"not_picked":["PiercingWail","Terror"],"picked":"Noxious Fumes","floor":7.0},{"not_picked":["Blade Dance","Poisoned Stab"],"picked":"Blur","floor":8.0},{"not_picked":["All Out Attack","Quick Slash","Blade Dance"],"picked":"SKIP","floor":12.0},{"not_picked":["Deflect","Dagger Throw"],"picked":"Catalyst","floor":13.0}],"player_experience":1105476,"relics_obtained":[{"floor":6.0,"key":"Snake Skull"},{"floor":8.0,"key":"Art of War"},{"floor":9.0,"key":"Vajra"}],"event_choices":[{"damage_healed":0.0,"max_hp_gain":0.0,"max_hp_loss":0.0,"gold_gain":150.0,"event_name":"Liars Game","player_choice":"AGREE","floor":2.0,"gold_loss":0.0,"damage_taken":0.0,"cards_obtained":["Doubt"]},{"damage_healed":0.0,"max_hp_gain":0.0,"max_hp_loss":0.0,"gold_gain":0.0,"event_name":"Golden Idol","player_choice":"Take Damage","floor":5.0,"gold_loss":0.0,"damage_taken":23.0,"relics_obtained":["Golden Idol"]},{"damage_healed":0.0,"max_hp_gain":0.0,"max_hp_loss":0.0,"gold_gain":0.0,"event_name":"Scrap Ooze","player_choice":"Success","floor":11.0,"gold_loss":0.0,"damage_taken":11.0,"relics_obtained":["Sundial"]}],"is_beta":false,"boss_relics":[],"items_purged_floors":[4],"is_endless":false,"potions_floor_spawned":[3,7,8,12],"killed_by":"Gremlin Nob","ascension_level":20}