{"gold_per_floor":[117,133,60,135,150,150,180,180,228,254,273,7,107,125,125,225,225,240,260,36,36,54,81,1,1,26,58,70,82,125,137,149,258,270,292,404,0,0,0,29,47,47,72,91,35,52,76,90,90,90],"floor_reached":50,"playtime":5803,"items_purged":["Strike_G","Strike_G","Defend_G"],"score":723,"play_id":"9334d12e-fdc1-444c-a3a3-a3e3cac3b780","local_time":"20190708222617","is_ascension_mode":true,"campfire_choices":[{"data":"Bouncing Flask","floor":6.0,"key":"SMITH"},{"data":"Neutralize","floor":8.0,"key":"SMITH"},{"data":"Crippling Poison","floor":15.0,"key":"SMITH"},{"data":"RitualDagger","floor":25.0,"key":"SMITH"},{"data":"Terror","floor":28.0,"key":"SMITH"},{"floor":32.0,"key":"REST"},{"floor":42,"key":"REST"},{"floor":49,"key":"RECALL"}],"neow_cost":"NONE","seed_source_timestamp":171332086167500,"circlet_count":0,"master_deck":["Strike_G","Strike_G","Strike_G","Defend_G","Defend_G","Defend_G","Defend_G","Survivor","Neutralize+1","Terror+1","Eviscerate","Bouncing Flask+1","Backflip","After Image","Crippling Poison+1","Poisoned Stab","Backflip","Wraith Form v2","Backflip+1","Acrobatics+1","Leg Sweep","RitualDagger+1","Prepared+1","PiercingWail","PiercingWail","Night Terror","Riddle With Holes+1","Bane+1","Bullet Time","Poisoned Stab+1","Writhe","Poisoned Stab+1","Catalyst","Injury","Leg Sweep"],"special_seed":0,"relics":["Ring of the Snake","Potion Belt","Art of War","Lantern","Lee\u0027s Waffle","Lizard Tail","Snake Skull","The Courier","MawBank","Blood Vial","Cursed Key","Nunchaku","Kunai","PreservedInsect","Red Mask","Incense Burner","Anchor"],"potions_floor_usage":[36,40,46,50,50,50],"damage_taken":[{"damage":2.0,"enemies":"2 Louse","floor":1.0,"turns":4.0},{"damage":0.0,"enemies":"Small Slimes","floor":2.0,"turns":3.0},{"damage":0.0,"enemies":"Cultist","floor":5.0,"turns":4.0},{"damage":17.0,"enemies":"Lagavulin","floor":7.0,"turns":5.0},{"damage":17.0,"enemies":"3 Sentries","floor":10.0,"turns":7.0},{"damage":2.0,"enemies":"Blue Slaver","floor":11.0,"turns":4.0},{"damage":1.0,"enemies":"3 Louse","floor":14.0,"turns":4.0},{"damage":21.0,"enemies":"The Guardian","floor":16.0,"turns":10.0},{"damage":5.0,"enemies":"Spheric Guardian","floor":18.0,"turns":4.0},{"damage":3.0,"enemies":"Shell Parasite","floor":19.0,"turns":5.0},{"damage":15.0,"enemies":"Centurion and Healer","floor":22.0,"turns":8.0},{"damage":33.0,"enemies":"Gremlin Leader","floor":23.0,"turns":8.0},{"damage":2.0,"enemies":"Chosen and Byrds","floor":27.0,"turns":8.0},{"damage":17.0,"enemies":"Book of Stabbing","floor":30.0,"turns":7.0},{"damage":45.0,"enemies":"Automaton","floor":33.0,"turns":10.0},{"damage":9,"enemies":"3 Shapes","floor":35,"turns":3},{"damage":29,"enemies":"Mind Bloom Boss Battle","floor":36,"turns":7},{"damage":14,"enemies":"Giant Head","floor":40,"turns":9},{"damage":10,"enemies":"Orb Walker","floor":41,"turns":7},{"damage":1,"enemies":"Maw","floor":44,"turns":7},{"damage":5,"enemies":"3 Darklings","floor":46,"turns":5},{"damage":0,"enemies":"Spire Growth","floor":48,"turns":2},{"damage":46,"enemies":"Awakened One","floor":50,"turns":10}],"seed_played":"6746855139678887759","potions_obtained":[{"floor":2.0,"key":"SkillPotion"},{"floor":5.0,"key":"Explosive Potion"},{"floor":10.0,"key":"Explosive Potion"},{"floor":14.0,"key":"Regen Potion"},{"floor":16.0,"key":"PowerPotion"},{"floor":23.0,"key":"EssenceOfSteel"},{"floor":27.0,"key":"Ancient Potion"},{"floor":30.0,"key":"AttackPotion"},{"floor":33.0,"key":"AttackPotion"},{"floor":36,"key":"Swift Potion"},{"floor":41,"key":"AttackPotion"},{"floor":46,"key":"Fire Potion"},{"floor":48,"key":"GhostInAJar"}],"is_trial":false,"path_per_floor":["M","M","$","?","M","R","E","R","T","E","M","$","?","M","R","B",null,"M","M","$","?","M","E","$","R","T","M","R","?","E","?","R","B",null,"M","?","$","?","?","E","M","R","T","M","$","M","T","M","R","B"],"character_chosen":"THE_SILENT","items_purchased":["Bouncing Flask","Lee\u0027s Waffle","Snake Skull","Leg Sweep","Kunai","PreservedInsect","Catalyst"],"campfire_rested":2,"item_purchase_floors":[3,12,20,20,37,37,45],"current_hp_per_floor":[61,61,61,50,50,50,33,33,33,16,14,77,77,76,76,55,72,67,64,64,58,43,22,22,22,22,20,20,20,3,3,26,38,67,60,33,33,33,33,21,13,36,36,37,37,34,34,36,36,0],"gold":90,"neow_bonus":"THREE_CARDS","is_prod":false,"is_daily":false,"chose_seed":false,"campfire_upgraded":5,"win_rate":0,"timestamp":1562639177,"path_taken":["M","M","$","?","M","R","E","R","T","E","M","$","?","M","R","BOSS","M","M","$","?","M","E","$","R","T","M","R","?","E","?","R","BOSS","M","?","$","?","?","E","?","R","T","M","?","M","?","M","R","BOSS"],"build_version":"2019-07-05","purchased_purges":3,"victory":false,"max_hp_per_floor":[70,70,70,70,70,70,70,70,70,70,70,77,77,77,77,77,77,77,77,77,77,77,77,77,77,77,77,77,77,77,77,77,77,77,77,77,77,77,77,77,77,77,77,77,77,77,77,77,77,77],"card_choices":[{"not_picked":["Endless Agony","Underhanded Strike"],"picked":"Terror","floor":0.0},{"not_picked":["Bane","Flying Knee"],"picked":"Sucker Punch","floor":1.0},{"not_picked":["Outmaneuver","Setup"],"picked":"Eviscerate","floor":2.0},{"not_picked":["Calculated Gamble","Heel Hook"],"picked":"Backflip","floor":5.0},{"not_picked":["Riddle With Holes","Tactician"],"picked":"After Image","floor":7.0},{"not_picked":["Dodge and Roll","Tactician"],"picked":"Crippling Poison","floor":10.0},{"not_picked":["Prepared","Blur"],"picked":"Poisoned Stab","floor":11.0},{"not_picked":["Cloak And Dagger","Tactician"],"picked":"Backflip","floor":14.0},{"not_picked":["Doppelganger","Night Terror"],"picked":"Wraith Form v2","floor":16.0},{"not_picked":["Outmaneuver+1","Underhanded Strike"],"picked":"Backflip+1","floor":18.0},{"not_picked":["Flechettes+1","Sucker Punch"],"picked":"Acrobatics+1","floor":19.0},{"not_picked":["Cloak And Dagger","Deflect+1"],"picked":"Prepared+1","floor":22.0},{"not_picked":["Choke","Quick Slash+1"],"picked":"PiercingWail","floor":23.0},{"not_picked":["Prepared","Dodge and Roll","Underhanded Strike"],"picked":"SKIP","floor":27.0},{"not_picked":["Backstab","Flechettes"],"picked":"PiercingWail","floor":30.0},{"not_picked":["Wraith Form v2","Envenom"],"picked":"Night Terror","floor":33.0},{"not_picked":["Dagger Throw+1","Cloak And Dagger+1"],"picked":"Riddle With Holes+1","floor":35},{"not_picked":["Sucker Punch","Deadly Poison"],"picked":"Bane+1","floor":36},{"not_picked":["Distraction+1","Flechettes+1"],"picked":"Bullet Time","floor":40},{"not_picked":["Cloak And Dagger+1","Infinite Blades"],"picked":"Poisoned Stab+1","floor":41},{"not_picked":["Skewer+1","Deadly Poison"],"picked":"Poisoned Stab+1","floor":44},{"not_picked":["Deadly Poison+1","Slice+1","Blur+1"],"picked":"SKIP","floor":46},{"not_picked":["Tools of the Trade","Sucker Punch"],"picked":"Leg Sweep","floor":48}],"player_experience":459167,"relics_obtained":[{"floor":7.0,"key":"Potion Belt"},{"floor":9.0,"key":"Art of War"},{"floor":10.0,"key":"Lantern"},{"floor":23.0,"key":"The Courier"},{"floor":26.0,"key":"MawBank"},{"floor":30.0,"key":"Blood Vial"},{"floor":36,"key":"Nunchaku"},{"floor":40,"key":"Incense Burner"},{"floor":47,"key":"Anchor"}],"event_choices":[{"damage_healed":0.0,"max_hp_gain":0.0,"max_hp_loss":0.0,"gold_gain":75.0,"event_name":"World of Goop","player_choice":"Gather Gold","floor":4.0,"gold_loss":0.0,"damage_taken":11.0},{"damage_healed":0.0,"max_hp_gain":0.0,"max_hp_loss":0.0,"gold_gain":100.0,"event_name":"Wheel of Change","player_choice":"Gold","floor":13.0,"gold_loss":0.0,"damage_taken":0.0},{"damage_healed":0.0,"max_hp_gain":0.0,"max_hp_loss":0.0,"gold_gain":0.0,"event_name":"Nest","player_choice":"Joined the Cult","floor":21.0,"gold_loss":0.0,"damage_taken":6.0,"cards_obtained":["RitualDagger"]},{"damage_healed":0.0,"max_hp_gain":0.0,"max_hp_loss":0.0,"gold_gain":0.0,"event_name":"Ghosts","player_choice":"Ignored","floor":29.0,"gold_loss":0.0,"damage_taken":0.0},{"damage_healed":0.0,"max_hp_gain":0.0,"max_hp_loss":0.0,"gold_gain":0.0,"event_name":"The Mausoleum","player_choice":"Ignored","floor":31.0,"gold_loss":0.0,"damage_taken":0.0},{"damage_healed":0,"gold_gain":0,"player_choice":"Fight","damage_taken":0,"max_hp_gain":0,"max_hp_loss":0,"event_name":"MindBloom","floor":36,"gold_loss":0},{"damage_healed":0,"gold_gain":0,"player_choice":"Paid","damage_taken":0,"relics_obtained":["Red Mask"],"max_hp_gain":0,"max_hp_loss":0,"event_name":"Tomb of Lord Red Mask","floor":38,"gold_loss":0},{"cards_removed":["Sucker Punch"],"damage_healed":0,"gold_gain":0,"player_choice":"Removed Attack","damage_taken":0,"max_hp_gain":0,"max_hp_loss":0,"event_name":"Falling","floor":39,"gold_loss":0}],"is_beta":false,"boss_relics":[{"not_picked":["Ring of the Serpent","Orrery"],"picked":"Lizard Tail"},{"not_picked":["WristBlade","Sozu"],"picked":"Cursed Key"}],"items_purged_floors":[12,24,37],"is_endless":false,"potions_floor_spawned":[2,5,10,14,16,23,27,30,33,36,41,46,48],"killed_by":"Awakened One","ascension_level":6}