{"gold_per_floor":[118,137,137,147,163,194,194,206,254,254,270,445,474,490,490,590,590,571,584,584,584,167,167,198,198,280,296,296,323,323,349,349,450,450,462,537,282,79,92,92,127,127,204,238,238,273,626,1,1,1,1,1,1,32,32],"floor_reached":56,"playtime":1824,"items_purged":["Doubt","Writhe","Strike_R+1","Strike_R+1"],"score":1374,"play_id":"6488e6bc-2478-4160-aeee-248769ea34f8","local_time":"20190614215100","is_ascension_mode":true,"campfire_choices":[{"data":"Fiend Fire","floor":7.0,"key":"SMITH"},{"floor":10.0,"key":"REST"},{"floor":15.0,"key":"REST"},{"data":"Demon Form","floor":23.0,"key":"SMITH"},{"data":"Metallicize","floor":25.0,"key":"SMITH"},{"data":"Dropkick","floor":28.0,"key":"SMITH"},{"floor":30.0,"key":"REST"},{"data":"Offering","floor":32.0,"key":"SMITH"},{"data":"Whirlwind","floor":40.0,"key":"SMITH"},{"floor":42.0,"key":"RECALL"},{"floor":45.0,"key":"REST"},{"floor":49.0,"key":"REST"},{"data":"Flame Barrier","floor":52.0,"key":"SMITH"}],"neow_cost":"NONE","seed_source_timestamp":30553738651500,"circlet_count":0,"master_deck":["Strike_R+1","Strike_R+1","Strike_R+1","Defend_R+1","Defend_R+1","Defend_R+1","Defend_R+1","Bash+1","Sword Boomerang+1","Flex","Dropkick+1","Fiend Fire+1","Spot Weakness","Shrug It Off+1","Limit Break+1","Metallicize+1","Demon Form+1","Shrug It Off","Offering+1","Fiend Fire","Flame Barrier+1","Whirlwind+1","Burning Pact+1","Shrug It Off+1","Feel No Pain","Dark Shackles","Battle Trance"],"special_seed":0,"relics":["Burning Blood","Letter Opener","PreservedInsect","Blue Candle","Philosopher\u0027s Stone","Red Skull","Lee\u0027s Waffle","War Paint","Kunai","Art of War","Juzu Bracelet","Lizard Tail","Bag of Preparation","Paper Frog","Sundial","Boot","Mercury Hourglass","Old Coin","FossilizedHelix","Dodecahedron"],"potions_floor_usage":[55,55,55],"damage_taken":[{"damage":10.0,"enemies":"Jaw Worm","floor":1.0,"turns":4.0},{"damage":10.0,"enemies":"Cultist","floor":2.0,"turns":4.0},{"damage":0.0,"enemies":"Small Slimes","floor":4.0,"turns":3.0},{"damage":10.0,"enemies":"3 Louse","floor":5.0,"turns":3.0},{"damage":55.0,"enemies":"3 Sentries","floor":6.0,"turns":12.0},{"damage":7.0,"enemies":"Blue Slaver","floor":8.0,"turns":2.0},{"damage":15.0,"enemies":"Exordium Thugs","floor":11.0,"turns":3.0},{"damage":26.0,"enemies":"Lagavulin","floor":13.0,"turns":6.0},{"damage":18.0,"enemies":"Lots of Slimes","floor":14.0,"turns":5.0},{"damage":11.0,"enemies":"Slime Boss","floor":16.0,"turns":7.0},{"damage":25.0,"enemies":"2 Thieves","floor":18.0,"turns":4.0},{"damage":42.0,"enemies":"3 Byrds","floor":19.0,"turns":5.0},{"damage":34.0,"enemies":"Gremlin Leader","floor":24.0,"turns":5.0},{"damage":9.0,"enemies":"Sentry and Sphere","floor":27.0,"turns":6.0},{"damage":34.0,"enemies":"Slavers","floor":29.0,"turns":4.0},{"damage":23.0,"enemies":"Gremlin Leader","floor":31.0,"turns":3.0},{"damage":33.0,"enemies":"Collector","floor":33.0,"turns":5.0},{"damage":9.0,"enemies":"Orb Walker","floor":35.0,"turns":3.0},{"damage":28.0,"enemies":"3 Shapes","floor":39.0,"turns":6.0},{"damage":15.0,"enemies":"Reptomancer","floor":41.0,"turns":3.0},{"damage":11.0,"enemies":"Giant Head","floor":44.0,"turns":3.0},{"damage":16.0,"enemies":"Nemesis","floor":46.0,"turns":3.0},{"damage":33.0,"enemies":"2 Orb Walkers","floor":47.0,"turns":2.0},{"damage":50.0,"enemies":"Donu and Deca","floor":50.0,"turns":7.0},{"damage":47,"enemies":"Shield and Spear","floor":54,"turns":7},{"damage":77,"enemies":"The Heart","floor":55,"turns":11}],"seed_played":"-3615490440913227345","potions_obtained":[{"floor":1.0,"key":"SpeedPotion"},{"floor":6.0,"key":"Regen Potion"},{"floor":8.0,"key":"EssenceOfSteel"},{"floor":16.0,"key":"Dexterity Potion"},{"floor":35.0,"key":"Ancient Potion"},{"floor":41.0,"key":"Dexterity Potion"}],"is_trial":false,"path_per_floor":["M","M","?","M","M","E","R","M","T","R","M","?","E","M","R","B",null,"M","M","?","?","$","R","E","R","T","M","R","E","R","E","R","B",null,"M","?","$","$","M","R","E","R","T","E","R","E","?","$","R","B",null,"R","$","E","B",null],"character_chosen":"IRONCLAD","items_purchased":["Lee\u0027s Waffle","War Paint","Bag of Preparation","Whirlwind","FossilizedHelix","Feel No Pain","SpeedPotion","Dark Shackles"],"campfire_rested":5,"item_purchase_floors":[22,22,37,38,48,48,48,48],"current_hp_per_floor":[76,72,72,78,74,25,25,24,24,48,39,39,19,7,31,41,80,61,25,25,25,87,87,59,59,59,56,56,28,54,37,37,10,87,84,76,76,76,54,54,45,45,45,40,66,56,29,29,55,11,87,87,87,46,26],"gold":32,"neow_bonus":"UPGRADE_CARD","is_prod":false,"is_daily":false,"chose_seed":false,"campfire_upgraded":7,"win_rate":0,"timestamp":1560538260,"path_taken":["M","M","?","?","M","E","R","M","T","R","M","?","E","M","R","BOSS","M","M","?","?","$","R","E","R","T","M","R","E","R","E","R","BOSS","M","?","?","$","M","R","E","R","T","E","R","E","?","$","R","BOSS","R","$","E","BOSS"],"build_version":"2019-01-23","purchased_purges":4,"victory":true,"max_hp_per_floor":[80,80,80,80,80,80,80,80,80,80,80,80,80,80,80,80,80,80,80,80,80,87,87,87,87,87,87,87,87,87,87,87,87,87,87,87,87,87,87,87,87,87,87,87,87,87,87,87,87,87,87,87,87,87,87],"card_choices":[{"not_picked":["Fire Breathing","Intimidate"],"picked":"Sword Boomerang","floor":1.0},{"not_picked":["Ghostly Armor","Headbutt"],"picked":"Flex","floor":2.0},{"not_picked":["Clothesline","Dropkick","Pommel Strike"],"picked":"SKIP","floor":4.0},{"not_picked":["Clothesline","Pommel Strike"],"picked":"Dropkick","floor":4.0},{"not_picked":["Headbutt","True Grit","Power Through"],"picked":"SKIP","floor":5.0},{"not_picked":["Metallicize","Dropkick"],"picked":"Fiend Fire","floor":6.0},{"not_picked":["Thunderclap","Heavy Blade"],"picked":"Spot Weakness","floor":8.0},{"not_picked":["Combust","Anger"],"picked":"Shrug It Off","floor":11.0},{"not_picked":["Rampage","Thunderclap"],"picked":"Limit Break","floor":13.0},{"not_picked":["Wild Strike","Fire Breathing"],"picked":"Metallicize","floor":14.0},{"not_picked":["Exhume","Dark Embrace"],"picked":"Demon Form","floor":16.0},{"not_picked":["Perfected Strike","Havoc","Body Slam"],"picked":"SKIP","floor":18.0},{"not_picked":["Warcry","Twin Strike","Iron Wave+1"],"picked":"SKIP","floor":19.0},{"not_picked":["True Grit","Bloodletting","Pommel Strike+1"],"picked":"SKIP","floor":24.0},{"not_picked":["Twin Strike","Spot Weakness","Clash"],"picked":"SKIP","floor":27.0},{"not_picked":["Metallicize","Headbutt"],"picked":"Shrug It Off","floor":29.0},{"not_picked":["Twin Strike+1","Impervious"],"picked":"Offering","floor":31.0},{"not_picked":["Feed","Limit Break"],"picked":"Fiend Fire","floor":33.0},{"not_picked":["Iron Wave+1","Heavy Blade+1"],"picked":"Flame Barrier","floor":35.0},{"not_picked":["Perfected Strike+1","Anger"],"picked":"Burning Pact+1","floor":39.0},{"not_picked":["Headbutt","Twin Strike+1","Combust"],"picked":"SKIP","floor":41.0},{"not_picked":["Cleave","Brutality","Havoc+1"],"picked":"SKIP","floor":44.0},{"not_picked":["Brutality","Armaments+1","True Grit+1"],"picked":"SKIP","floor":46.0},{"not_picked":["Cleave","Wild Strike+1"],"picked":"Shrug It Off+1","floor":47.0},{"not_picked":["Spot Weakness+1","Sword Boomerang+1"],"picked":"Battle Trance","floor":54}],"player_experience":974865,"relics_obtained":[{"floor":6.0,"key":"Letter Opener"},{"floor":9.0,"key":"PreservedInsect"},{"floor":13.0,"key":"Blue Candle"},{"floor":24.0,"key":"Kunai"},{"floor":29.0,"key":"Art of War"},{"floor":31.0,"key":"Juzu Bracelet"},{"floor":41.0,"key":"Paper Frog"},{"floor":43.0,"key":"Sundial"},{"floor":44.0,"key":"Boot"},{"floor":46.0,"key":"Mercury Hourglass"},{"floor":47.0,"key":"Old Coin"},{"floor":54,"key":"Dodecahedron"}],"event_choices":[{"damage_healed":0.0,"max_hp_gain":0.0,"max_hp_loss":0.0,"gold_gain":0.0,"event_name":"Accursed Blacksmith","player_choice":"Forge","floor":3.0,"gold_loss":0.0,"damage_taken":0.0,"cards_upgraded":["Sword Boomerang"]},{"damage_healed":0.0,"max_hp_gain":0.0,"max_hp_loss":0.0,"gold_gain":175.0,"event_name":"Liars Game","player_choice":"AGREE","floor":12.0,"gold_loss":0.0,"damage_taken":0.0,"cards_obtained":["Doubt"]},{"damage_healed":0.0,"max_hp_gain":0.0,"max_hp_loss":0.0,"gold_gain":0.0,"event_name":"The Mausoleum","player_choice":"Opened","floor":20.0,"gold_loss":0.0,"damage_taken":0.0,"relics_obtained":["Red Skull"],"cards_obtained":["Writhe"]},{"damage_healed":0.0,"max_hp_gain":0.0,"max_hp_loss":0.0,"gold_gain":0.0,"event_name":"Back to Basics","player_choice":"Simplicity","floor":21.0,"gold_loss":0.0,"damage_taken":0.0,"cards_upgraded":["Strike_R","Strike_R","Strike_R","Strike_R","Strike_R","Defend_R","Defend_R","Defend_R","Defend_R"]},{"damage_healed":0.0,"max_hp_gain":0.0,"max_hp_loss":0.0,"gold_gain":75.0,"event_name":"FaceTrader","player_choice":"Touch","floor":36.0,"gold_loss":0.0,"damage_taken":8.0},{"damage_healed":0.0,"max_hp_gain":0.0,"max_hp_loss":0.0,"gold_gain":0.0,"event_name":"Mysterious Sphere","player_choice":"Fight","floor":47.0,"gold_loss":0.0,"damage_taken":0.0}],"is_beta":false,"boss_relics":[{"not_picked":["Runic Cube","Black Star"],"picked":"Philosopher\u0027s Stone"},{"not_picked":["Coffee Dripper","Cursed Key"],"picked":"Lizard Tail"}],"items_purged_floors":[22,37,38,48],"is_endless":false,"potions_floor_spawned":[1,6,8,13,16,19,27,35,41],"ascension_level":1}