{"gold_per_floor":[13,31,41,41,41,41,41,41,41,68,68,87,107,107,107,204,204,222,402,30,47,67,92,92,92,92,92,117,130,130,147,147,147],"floor_reached":33,"playtime":1699,"items_purged":["Strike_B"],"score":350,"play_id":"712fc63e-206f-4fa3-8a81-d370bf488ccd","local_time":"20181107005038","is_ascension_mode":false,"campfire_choices":[{"data":"Zap","floor":6,"key":"SMITH"},{"data":"Hologram","floor":11,"key":"SMITH"},{"data":"Scrape","floor":15,"key":"SMITH"},{"data":"Creative AI","floor":30,"key":"SMITH"},{"floor":32,"key":"REST"}],"neow_cost":"NO_GOLD","seed_source_timestamp":260787164258299,"circlet_count":0,"master_deck":["Defend_B+1","Defend_B+1","Defend_B+1","Zap+1","Dualcast+1","Hologram+1","Scrape+1","Creative AI+1","Decay"],"relics":["FrozenCore","War Paint","Question Card","Odd Mushroom","Bag of Marbles","Bag of Preparation","Anchor","Pear","Blue Candle"],"potions_floor_usage":[23,23,23,33],"damage_taken":[{"damage":1,"enemies":"Cultist","floor":1,"turns":3},{"damage":7,"enemies":"2 Louse","floor":2,"turns":2},{"damage":10,"enemies":"Small Slimes","floor":3,"turns":2},{"damage":5,"enemies":"The Mushroom Lair","floor":10,"turns":4},{"damage":0,"enemies":"2 Fungi Beasts","floor":12,"turns":3},{"damage":0,"enemies":"Blue Slaver","floor":13,"turns":2},{"damage":0,"enemies":"Slime Boss","floor":16,"turns":7},{"damage":11,"enemies":"3 Byrds","floor":18,"turns":5},{"damage":0,"enemies":"Spheric Guardian","floor":21,"turns":3},{"damage":5,"enemies":"Centurion and Healer","floor":22,"turns":5},{"damage":20,"enemies":"Slavers","floor":23,"turns":3},{"damage":4,"enemies":"Book of Stabbing","floor":28,"turns":5},{"damage":5,"enemies":"Shelled Parasite and Fungi","floor":29,"turns":5},{"damage":11,"enemies":"Snecko","floor":31,"turns":8},{"damage":83,"enemies":"Collector","floor":33,"turns":9}],"seed_played":"-5990153448102338258","potions_obtained":[{"floor":3,"key":"Regen Potion"},{"floor":10,"key":"Energy Potion"},{"floor":16,"key":"AttackPotion"},{"floor":31,"key":"Block Potion"}],"is_trial":false,"path_per_floor":["M","M","M","?","?","R","?","?","T","?","R","M","M","?","R","B",null,"M","?","$","M","M","E","$","?","T","?","E","M","R","M","R","B"],"character_chosen":"DEFECT","items_purchased":["Bag of Marbles","Bag of Preparation"],"campfire_rested":1,"item_purchase_floors":[20,20],"current_hp_per_floor":[74,67,57,42,47,47,47,47,47,42,42,42,42,42,42,42,80,69,45,45,45,40,25,25,51,61,61,57,52,52,41,68,0],"gold":147,"neow_bonus":"REMOVE_TWO","is_prod":false,"is_daily":false,"chose_seed":false,"campfire_upgraded":4,"win_rate":0,"timestamp":1541548238,"path_taken":["M","M","M","?","?","R","?","?","T","?","R","?","M","?","R","BOSS","M","?","$","?","M","E","?","?","T","?","E","?","R","M","R","BOSS"],"build_version":"2018-11-01","purchased_purges":1,"victory":false,"max_hp_per_floor":[75,75,75,75,80,80,80,80,80,80,80,80,80,80,80,80,80,80,80,80,80,80,80,80,80,90,90,90,90,90,90,90,90],"card_choices":[{"not_picked":["Turbo","Self Repair","Sweeping Beam"],"picked":"SKIP","floor":1},{"not_picked":["Steam","Redo","Beam Cell"],"picked":"SKIP","floor":2},{"not_picked":["FTL","Compile Driver","Cold Snap"],"picked":"SKIP","floor":3},{"not_picked":["Chaos","Sweeping Beam","Biased Cognition"],"picked":"Hologram","floor":10},{"not_picked":["Conserve Battery","Compile Driver","Loop"],"picked":"Scrape","floor":12},{"not_picked":["Cold Snap","Melter","Force Field","Reinforced Body"],"picked":"SKIP","floor":13},{"not_picked":["Core Surge","Multi-Cast","Fission"],"picked":"Creative AI","floor":16},{"not_picked":["Go for the Eyes","Cold Snap","Melter","Steam Power"],"picked":"SKIP","floor":18},{"not_picked":["Rebound+1","Cold Snap","Sweeping Beam+1","Steam"],"picked":"SKIP","floor":21},{"not_picked":["Hologram","Genetic Algorithm","Compile Driver","Heatsinks"],"picked":"SKIP","floor":22},{"not_picked":["Cold Snap","Biased Cognition","Rip and Tear","Scrape"],"picked":"SKIP","floor":23},{"not_picked":["Streamline","Defragment+1","Chaos","Beam Cell"],"picked":"SKIP","floor":28},{"not_picked":["Ball Lightning","Leap+1","Compile Driver+1","Rip and Tear"],"picked":"SKIP","floor":29},{"not_picked":["Compile Driver","Barrage+1","Storm","Core Surge"],"picked":"SKIP","floor":31}],"player_experience":434473,"relics_obtained":[{"floor":9,"key":"Question Card"},{"floor":10,"key":"Odd Mushroom"},{"floor":23,"key":"Anchor"},{"floor":26,"key":"Pear"},{"floor":28,"key":"Blue Candle"}],"event_choices":[{"damage_healed":0,"gold_gain":0,"player_choice":"Entered Light","damage_taken":15,"max_hp_gain":0,"max_hp_loss":0,"event_name":"Shining Light","floor":4,"gold_loss":0,"cards_upgraded":["Defend_B","Dualcast"]},{"damage_healed":0,"gold_gain":0,"player_choice":"Donut","damage_taken":0,"max_hp_gain":5,"max_hp_loss":0,"event_name":"Big Fish","floor":5,"gold_loss":0},{"cards_removed":["Strike_B"],"damage_healed":0,"gold_gain":0,"player_choice":"Forget","damage_taken":0,"max_hp_gain":0,"max_hp_loss":0,"event_name":"Living Wall","floor":7,"gold_loss":0},{"damage_healed":0,"gold_gain":30,"player_choice":"Searched \u00273\u0027 times","damage_taken":0,"relics_obtained":["War Paint"],"max_hp_gain":0,"max_hp_loss":0,"event_name":"Dead Adventurer","floor":8,"gold_loss":0},{"damage_healed":0,"gold_gain":0,"player_choice":"Fought Mushrooms","damage_taken":0,"max_hp_gain":0,"max_hp_loss":0,"event_name":"Mushrooms","floor":10,"gold_loss":0},{"cards_removed":["Strike_B"],"damage_healed":0,"gold_gain":0,"player_choice":"Offered Basic","damage_taken":0,"max_hp_gain":0,"max_hp_loss":0,"event_name":"Bonfire Elementals","floor":14,"gold_loss":0},{"damage_healed":0,"gold_gain":180,"player_choice":"GOLD GOLD ","damage_taken":24,"max_hp_gain":0,"max_hp_loss":0,"event_name":"Knowing Skull","floor":19,"potions_obtained":[],"gold_loss":0,"cards_obtained":[]},{"damage_healed":26,"gold_gain":0,"player_choice":"Heal","damage_taken":0,"max_hp_gain":0,"max_hp_loss":0,"event_name":"The Library","floor":25,"gold_loss":0},{"damage_healed":0,"gold_gain":0,"player_choice":"Cursed","damage_taken":0,"max_hp_gain":0,"max_hp_loss":0,"event_name":"Wheel of Change","floor":27,"gold_loss":0,"cards_obtained":["Decay"]}],"is_beta":false,"boss_relics":[{"not_picked":["Sozu","Orrery"],"picked":"FrozenCore"}],"items_purged_floors":[20],"is_endless":false,"potions_floor_spawned":[3,10,16,18,22,31],"killed_by":"Collector","ascension_level":0}