{"gold_per_floor":[114,114,127,6,6,42,42,61,143,157,178,178,192,232,232,358,358,358,358,298,298,298,298,298,36,36,36,36,36,36,36,36,36,36,36,36,36,36,36,36,36,36,36,36,36,36,36,36,36,36],"floor_reached":51,"playtime":1795,"items_purged":["Strike_R"],"score":898,"play_id":"c5bc0328-31a4-4710-b9ff-c3fa58461864","local_time":"20190315200714","is_ascension_mode":true,"campfire_choices":[{"data":"Bash","floor":7.0,"key":"SMITH"},{"data":"Clothesline","floor":12.0,"key":"SMITH"},{"data":"Headbutt","floor":15.0,"key":"SMITH"},{"data":"Heavy Blade","floor":27.0,"key":"SMITH"},{"data":"Perfected Strike","floor":32.0,"key":"SMITH"},{"data":"Iron Wave","floor":40.0,"key":"SMITH"},{"floor":44.0,"key":"REST"},{"floor":49.0,"key":"REST"}],"neow_cost":"NONE","seed_source_timestamp":23390355458825,"circlet_count":0,"master_deck":["Strike_R+1","Strike_R+1","Strike_R+1","Strike_R+1","Defend_R+1","Defend_R+1","Defend_R+1","Defend_R+1","Bash+1","Clothesline+1","Shrug It Off+1","Headbutt+1","Heavy Blade+1","Iron Wave+1","Twin Strike+1","Perfected Strike+1","Perfected Strike+1","Perfected Strike","Shrug It Off+1","Perfected Strike+1"],"special_seed":0,"relics":["Burning Blood","NeowsBlessing","Golden Idol","Vajra","Tiny Chest","Orichalcum","Ectoplasm","Red Mask","Unceasing Top","Pear","Gremlin Horn","Magic Flower","Lantern","Black Star","Pantograph","Letter Opener","Art of War","Happy Flower","Mercury Hourglass"],"potions_floor_usage":[50,50,50],"damage_taken":[{"damage":0.0,"enemies":"Cultist","floor":1.0,"turns":1.0},{"damage":0.0,"enemies":"Jaw Worm","floor":3.0,"turns":1.0},{"damage":0.0,"enemies":"Lagavulin","floor":6.0,"turns":1.0},{"damage":11.0,"enemies":"2 Louse","floor":8.0,"turns":3.0},{"damage":16.0,"enemies":"Large Slime","floor":10.0,"turns":7.0},{"damage":2.0,"enemies":"Red Slaver","floor":11.0,"turns":3.0},{"damage":11.0,"enemies":"Lots of Slimes","floor":13.0,"turns":4.0},{"damage":6.0,"enemies":"Gremlin Nob","floor":14.0,"turns":3.0},{"damage":34.0,"enemies":"Slime Boss","floor":16.0,"turns":12.0},{"damage":4.0,"enemies":"Spheric Guardian","floor":18.0,"turns":3.0},{"damage":12.0,"enemies":"2 Thieves","floor":20.0,"turns":4.0},{"damage":4.0,"enemies":"Masked Bandits","floor":21.0,"turns":4.0},{"damage":0.0,"enemies":"Centurion and Healer","floor":22.0,"turns":4.0},{"damage":32.0,"enemies":"Slavers","floor":23.0,"turns":7.0},{"damage":0.0,"enemies":"Snecko","floor":24.0,"turns":2.0},{"damage":6.0,"enemies":"Sentry and Sphere","floor":28.0,"turns":4.0},{"damage":16.0,"enemies":"Book of Stabbing","floor":29.0,"turns":5.0},{"damage":1.0,"enemies":"Cultist and Chosen","floor":31.0,"turns":4.0},{"damage":52.0,"enemies":"Automaton","floor":33.0,"turns":10.0},{"damage":7.0,"enemies":"Orb Walker","floor":35.0,"turns":3.0},{"damage":10.0,"enemies":"3 Darklings","floor":38.0,"turns":5.0},{"damage":6.0,"enemies":"Sphere and 2 Shapes","floor":39.0,"turns":4.0},{"damage":1.0,"enemies":"Jaw Worm Horde","floor":41.0,"turns":4.0},{"damage":35.0,"enemies":"Reptomancer","floor":42.0,"turns":7.0},{"damage":16.0,"enemies":"Transient","floor":45.0,"turns":5.0},{"damage":67.0,"enemies":"Giant Head","floor":46.0,"turns":8.0},{"damage":1.0,"enemies":"Sphere and 2 Shapes","floor":47.0,"turns":7.0},{"damage":67,"enemies":"Donu and Deca","floor":50,"turns":9}],"seed_played":"3867755750855967","potions_obtained":[{"floor":3.0,"key":"Poison Potion"},{"floor":8.0,"key":"Fire Potion"},{"floor":10.0,"key":"SpeedPotion"},{"floor":13.0,"key":"Fire Potion"},{"floor":20.0,"key":"Dexterity Potion"},{"floor":21.0,"key":"PowerPotion"},{"floor":31.0,"key":"GamblersBrew"},{"floor":33.0,"key":"LiquidBronze"},{"floor":41.0,"key":"Weak Potion"},{"floor":45.0,"key":"FearPotion"},{"floor":46.0,"key":"SteroidPotion"},{"floor":47.0,"key":"SpeedPotion"}],"is_trial":false,"path_per_floor":["M","?","M","$","?","E","R","M","T","M","M","R","M","E","R","B",null,"M","?","M","?","M","E","M","$","T","R","M","E","T","M","R","B",null,"M","?","?","M","M","R","M","E","T","R","M","E","M","?","R","B",null],"character_chosen":"IRONCLAD","items_purchased":["Shrug It Off","Pear"],"campfire_rested":2,"item_purchase_floors":[4,25],"current_hp_per_floor":[80,74,74,74,74,74,74,69,69,59,63,63,58,58,58,30,74,74,74,68,70,74,48,54,64,64,64,64,54,54,62,62,19,84,84,80,80,79,80,80,80,54,54,78,71,13,21,21,45,22],"gold":36,"neow_bonus":"THREE_ENEMY_KILL","is_prod":false,"is_daily":false,"chose_seed":false,"campfire_upgraded":6,"win_rate":0,"timestamp":1552669634,"path_taken":["M","?","M","$","?","E","R","M","T","M","?","R","M","E","R","BOSS","M","?","M","?","M","E","M","$","T","R","M","E","?","M","R","BOSS","M","?","?","M","M","R","M","E","T","R","M","E","?","?","R","BOSS"],"build_version":"2019-01-23","purchased_purges":1,"victory":true,"max_hp_per_floor":[80,74,74,74,74,74,74,74,74,74,74,74,74,74,74,74,74,74,74,74,74,74,74,74,84,84,84,84,84,84,84,84,84,84,84,80,80,80,80,80,80,80,80,80,80,80,80,80,80,80],"card_choices":[{"not_picked":["Perfected Strike","Uppercut"],"picked":"Clothesline","floor":1.0},{"not_picked":["Clothesline","Seeing Red","Flex"],"picked":"SKIP","floor":3.0},{"not_picked":["Fiend Fire","Shockwave"],"picked":"Headbutt","floor":6.0},{"not_picked":["Clash","Seeing Red","Headbutt"],"picked":"SKIP","floor":8.0},{"not_picked":["Fire Breathing","Combust","Dropkick"],"picked":"SKIP","floor":10.0},{"not_picked":["Flex","Havoc","Rupture"],"picked":"SKIP","floor":11.0},{"not_picked":["Thunderclap","Power Through","Spot Weakness"],"picked":"SKIP","floor":13.0},{"not_picked":["Seeing Red","Barricade","Thunderclap"],"picked":"SKIP","floor":14.0},{"not_picked":["Dropkick","Bloodletting","Perfected Strike"],"picked":"SKIP","floor":18.0},{"not_picked":["Sentinel","Flame Barrier+1"],"picked":"Heavy Blade","floor":20.0},{"not_picked":["Armaments","Thunderclap+1"],"picked":"Iron Wave","floor":21.0},{"not_picked":["Infernal Blade","Wild Strike"],"picked":"Twin Strike+1","floor":22.0},{"not_picked":["Iron Wave","Sword Boomerang"],"picked":"Perfected Strike+1","floor":23.0},{"not_picked":["Metallicize","Impervious","Thunderclap"],"picked":"SKIP","floor":24.0},{"not_picked":["Heavy Blade","Havoc","Thunderclap+1"],"picked":"SKIP","floor":28.0},{"not_picked":["Shrug It Off","Inflame+1","Hemokinesis"],"picked":"SKIP","floor":29.0},{"not_picked":["Warcry","Inflame"],"picked":"Perfected Strike","floor":31.0},{"not_picked":["Inflame+1","Sentinel","Bloodletting"],"picked":"SKIP","floor":35.0},{"not_picked":["Rage","Bloodletting+1","Havoc"],"picked":"SKIP","floor":38.0},{"not_picked":["Battle Trance+1","Anger+1","Havoc+1"],"picked":"SKIP","floor":39.0},{"not_picked":["True Grit","Twin Strike","Whirlwind"],"picked":"SKIP","floor":41.0},{"not_picked":["Spot Weakness","Entrench","Combust"],"picked":"SKIP","floor":42.0},{"not_picked":["Flex","Flame Barrier","Clash"],"picked":"SKIP","floor":45.0},{"not_picked":["Ghostly Armor","Feel No Pain+1"],"picked":"Perfected Strike","floor":46.0},{"not_picked":["Brutality","Infernal Blade"],"picked":"Shrug It Off+1","floor":47.0}],"player_experience":800167,"relics_obtained":[{"floor":6.0,"key":"Vajra"},{"floor":9.0,"key":"Tiny Chest"},{"floor":14.0,"key":"Orichalcum"},{"floor":21.0,"key":"Red Mask"},{"floor":23.0,"key":"Unceasing Top"},{"floor":26.0,"key":"Gremlin Horn"},{"floor":29.0,"key":"Magic Flower"},{"floor":30.0,"key":"Lantern"},{"floor":42.0,"key":"Pantograph"},{"floor":42.0,"key":"Letter Opener"},{"floor":43.0,"key":"Art of War"},{"floor":46.0,"key":"Happy Flower"},{"floor":46.0,"key":"Mercury Hourglass"}],"event_choices":[{"damage_healed":0.0,"max_hp_gain":0.0,"max_hp_loss":6.0,"gold_gain":0.0,"event_name":"Golden Idol","player_choice":"Lose Max HP","floor":2.0,"gold_loss":0.0,"damage_taken":0.0,"relics_obtained":["Golden Idol"]},{"damage_healed":0.0,"max_hp_gain":0.0,"max_hp_loss":0.0,"gold_gain":0.0,"event_name":"NoteForYourself","player_choice":"Ignored","floor":5.0,"gold_loss":0.0,"damage_taken":0.0},{"damage_healed":0.0,"max_hp_gain":0.0,"max_hp_loss":0.0,"gold_gain":0.0,"event_name":"Back to Basics","player_choice":"Simplicity","floor":19.0,"gold_loss":0.0,"damage_taken":0.0,"cards_upgraded":["Strike_R","Strike_R","Strike_R","Strike_R","Defend_R","Defend_R","Defend_R","Defend_R"]},{"damage_healed":0.0,"max_hp_gain":0.0,"max_hp_loss":0.0,"gold_gain":0.0,"event_name":"Masked Bandits","player_choice":"Fought Bandits","floor":21.0,"gold_loss":0.0,"damage_taken":0.0},{"damage_healed":0.0,"max_hp_gain":0.0,"max_hp_loss":4.0,"gold_gain":0.0,"event_name":"Winding Halls","player_choice":"Max HP","floor":36.0,"gold_loss":0.0,"damage_taken":0.0},{"damage_healed":0.0,"max_hp_gain":0.0,"max_hp_loss":0.0,"gold_gain":0.0,"event_name":"Accursed Blacksmith","player_choice":"Forge","floor":37.0,"gold_loss":0.0,"damage_taken":0.0,"cards_upgraded":["Shrug It Off"]},{"damage_healed":0.0,"max_hp_gain":0.0,"max_hp_loss":0.0,"gold_gain":0.0,"event_name":"Duplicator","player_choice":"Copied","floor":48.0,"gold_loss":0.0,"damage_taken":0.0,"cards_obtained":["Perfected Strike"]}],"is_beta":false,"boss_relics":[{"not_picked":["Orrery","Runic Dome"],"picked":"Ectoplasm"},{"not_picked":["Astrolabe","Coffee Dripper"],"picked":"Black Star"}],"items_purged_floors":[4],"is_endless":false,"potions_floor_spawned":[3,8,10,13,20,21,31,33,41,45,46,47],"ascension_level":1}