{"gold_per_floor":[112,41,57,57,20,20,20,55,55,73,89,89,43,43,43,122,122,122,122,122,122,47,47,47,47,47,47,47,47,47,47,47,47],"floor_reached":33,"playtime":906,"items_purged":["Strike_B"],"score":471,"play_id":"46a71aa7-f455-4dba-9a57-57be5e393d1d","local_time":"20180906171630","is_ascension_mode":true,"campfire_choices":[{"data":"Zap","floor":6.0,"key":"SMITH"},{"data":"Ball Lightning","floor":12.0,"key":"SMITH"},{"data":"Hologram","floor":15.0,"key":"SMITH"},{"data":"Consume","floor":23.0,"key":"SMITH"},{"floor":32,"key":"REST"}],"neow_cost":"NONE","seed_source_timestamp":15877102627342,"circlet_count":0,"master_deck":["Strike_B","Strike_B","Defend_B","Defend_B","Defend_B","Defend_B","Zap+1","Dualcast","AscendersBane","Cold Snap","Self Repair","Ball Lightning+1","FTL","Auto Shields","Seek","Hologram+1","Electrodynamics","Consume+1","Rip and Tear"],"special_seed":0,"relics":["Cracked Core","Strawberry","Orichalcum","Ectoplasm","Bottled Lightning","Kunai","Girya"],"potions_floor_usage":[28,28,33],"damage_taken":[{"damage":1.0,"enemies":"Cultist","floor":1.0,"turns":3.0},{"damage":0.0,"enemies":"Small Slimes","floor":3.0,"turns":4.0},{"damage":25.0,"enemies":"Lagavulin","floor":8.0,"turns":6.0},{"damage":5.0,"enemies":"Jaw Worm","floor":10.0,"turns":2.0},{"damage":5.0,"enemies":"Looter","floor":11.0,"turns":2.0},{"damage":56.0,"enemies":"Hexaghost","floor":16.0,"turns":11.0},{"damage":0.0,"enemies":"Spheric Guardian","floor":18.0,"turns":3.0},{"damage":4.0,"enemies":"Chosen","floor":19.0,"turns":4.0},{"damage":8.0,"enemies":"Snake Plant","floor":21.0,"turns":3.0},{"damage":28.0,"enemies":"Centurion and Healer","floor":24.0,"turns":6.0},{"damage":12.0,"enemies":"Chosen and Byrds","floor":25.0,"turns":6.0},{"damage":21,"enemies":"Snake Plant","floor":27,"turns":4},{"damage":12,"enemies":"Slavers","floor":28,"turns":3},{"damage":15,"enemies":"Centurion and Healer","floor":29,"turns":5},{"damage":7,"enemies":"Snecko","floor":31,"turns":5},{"damage":45,"enemies":"Automaton","floor":33,"turns":6}],"seed_played":"4391712612736996849","potions_obtained":[{"floor":3.0,"key":"Strength Potion"},{"floor":4.0,"key":"SneckoOil"},{"floor":4.0,"key":"SkillPotion"},{"floor":11.0,"key":"Fire Potion"},{"floor":31,"key":"LiquidBronze"}],"is_trial":false,"path_per_floor":["M","$","M","?","$","R","?","E","T","M","M","R","$","?","R","B",null,"M","M","?","M","$","R","M","M","T","M","E","M","T","M","R"],"character_chosen":"DEFECT","items_purchased":["Self Repair","FTL","Hologram"],"campfire_rested":1,"item_purchase_floors":[2,5,13],"current_hp_per_floor":[70,70,77,77,77,77,77,66,66,68,70,70,70,70,70,21,69,76,79,79,71,71,71,50,45,45,31,26,18,18,18,43,0],"gold":47,"neow_bonus":"TEN_PERCENT_HP_BONUS","is_prod":false,"is_daily":false,"chose_seed":false,"campfire_upgraded":4,"win_rate":0,"timestamp":1536243390,"path_taken":["M","$","M","?","$","R","?","E","T","M","M","R","$","?","R","BOSS","M","?","?","?","$","R","?","M","T","M","E","M","?","M","R","BOSS"],"build_version":"2018-08-30","purchased_purges":1,"victory":false,"max_hp_per_floor":[78,78,78,78,78,78,78,85,85,85,85,85,85,85,85,85,85,85,85,85,85,85,85,85,85,85,85,85,85,85,85,85,85],"card_choices":[{"not_picked":["Redo","Sweeping Beam"],"picked":"Cold Snap","floor":1.0},{"not_picked":["Reprogram","Beam Cell"],"picked":"Ball Lightning","floor":3.0},{"not_picked":["Double Energy","Leap"],"picked":"Auto Shields","floor":8.0},{"not_picked":["Doom and Gloom","Hello World"],"picked":"Seek","floor":10.0},{"not_picked":["Gash","Beam Cell","Compile Driver"],"picked":"SKIP","floor":11.0},{"not_picked":["Meteor Strike","Seek"],"picked":"Electrodynamics","floor":16.0},{"not_picked":["Stack","Go for the Eyes","Double Energy"],"picked":"SKIP","floor":18.0},{"not_picked":["Steam Power","Sweeping Beam","Undo"],"picked":"SKIP","floor":19.0},{"not_picked":["Compile Driver","Barrage"],"picked":"Rip and Tear","floor":21.0},{"not_picked":["Fusion","Steam","Beam Cell"],"picked":"SKIP","floor":24.0},{"not_picked":["Coolheaded","Machine Learning","Gash"],"picked":"SKIP","floor":25.0},{"not_picked":["Rebound","Stack+1","Compile Driver"],"picked":"SKIP","floor":27},{"not_picked":["Stack+1","Conserve Battery","Coolheaded"],"picked":"SKIP","floor":28},{"not_picked":["Conserve Battery","Barrage","Double Energy"],"picked":"SKIP","floor":29},{"not_picked":["Hologram","Reboot","Chaos+1"],"picked":"SKIP","floor":31}],"player_experience":455762,"relics_obtained":[{"floor":8.0,"key":"Strawberry"},{"floor":9.0,"key":"Orichalcum"},{"floor":26.0,"key":"Bottled Lightning"},{"floor":28,"key":"Kunai"},{"floor":30,"key":"Girya"}],"event_choices":[{"event_name":"The Lab","player_choice":"Got Potions","floor":4.0,"damage_taken":0.0},{"event_name":"Bonfire Elementals","player_choice":"BASIC","floor":7.0,"damage_taken":0.0},{"event_name":"Liars Game","player_choice":"disagreed","floor":14.0,"damage_taken":0.0},{"event_name":"The Library","player_choice":"Read","floor":20.0,"damage_taken":0.0}],"is_beta":false,"boss_relics":[{"not_picked":["Pandora\u0027s Box","Empty Cage"],"picked":"Ectoplasm"}],"items_purged_floors":[22],"is_endless":false,"potions_floor_spawned":[3,8,11,18,27,31],"killed_by":"Automaton","ascension_level":15}