{"gold_per_floor":[359,210,160,160,178,208,223,280,361,376,376,411,430,440,440,537,537,553,571,446,458,473,473,506,506,506,289,289,11,11,37,37,139,139,156,176,176,176,186,186,205,237,249,261,305,29,29,80,80,80,80,80,15,41,41],"floor_reached":55,"playtime":2000,"items_purged":["Strike_R","Strike_R","Strike_R","Strike_R"],"score":973,"play_id":"ab3de234-b071-4fb2-b4e9-779481c2d50c","local_time":"20190313224830","is_ascension_mode":true,"campfire_choices":[{"data":"Armaments","floor":11.0,"key":"SMITH"},{"floor":15.0,"key":"REST"},{"data":"1","floor":23.0,"key":"LIFT"},{"floor":28.0,"key":"REST"},{"data":"2","floor":30.0,"key":"LIFT"},{"floor":32.0,"key":"REST"},{"floor":40.0,"key":"REST"},{"data":"3","floor":44.0,"key":"LIFT"},{"floor":49.0,"key":"RECALL"},{"data":"Uppercut","floor":52.0,"key":"SMITH"}],"neow_cost":"TEN_PERCENT_HP_LOSS","seed_source_timestamp":38230835931735,"circlet_count":0,"master_deck":["Defend_R+1","Defend_R","Defend_R+1","Defend_R","Bash","Sword Boomerang","Ghostly Armor","Cleave","Flex","Armaments+1","Pommel Strike","Inflame","Uppercut+1","Barricade","Shrug It Off","Heavy Blade","Fiend Fire","Bludgeon","Metallicize+1","Flame Barrier+1","Offering","Flame Barrier","Immolate"],"special_seed":0,"relics":["Burning Blood","Girya","Tiny Chest","Matryoshka","Lantern","Snecko Eye","WingedGreaves","The Courier","Sundial","Anchor","Bag of Preparation","Velvet Choker","MawBank","Strawberry","Centennial Puzzle","Bronze Scales","Regal Pillow","War Paint","Kunai"],"potions_floor_usage":[54,55],"damage_taken":[{"damage":0.0,"enemies":"2 Louse","floor":1.0,"turns":4.0},{"damage":8.0,"enemies":"Jaw Worm","floor":5.0,"turns":5.0},{"damage":32.0,"enemies":"Gremlin Nob","floor":6.0,"turns":4.0},{"damage":0.0,"enemies":"Cultist","floor":7.0,"turns":3.0},{"damage":20.0,"enemies":"Lagavulin","floor":8.0,"turns":5.0},{"damage":7.0,"enemies":"Looter","floor":10.0,"turns":3.0},{"damage":24.0,"enemies":"Gremlin Nob","floor":12.0,"turns":4.0},{"damage":13.0,"enemies":"Large Slime","floor":13.0,"turns":4.0},{"damage":1.0,"enemies":"Lots of Slimes","floor":14.0,"turns":2.0},{"damage":14.0,"enemies":"Slime Boss","floor":16.0,"turns":6.0},{"damage":0.0,"enemies":"Chosen","floor":18.0,"turns":4.0},{"damage":21.0,"enemies":"Spheric Guardian","floor":19.0,"turns":5.0},{"damage":0.0,"enemies":"Snecko","floor":21.0,"turns":3.0},{"damage":21.0,"enemies":"Sentry and Sphere","floor":22.0,"turns":4.0},{"damage":30.0,"enemies":"Gremlin Leader","floor":24.0,"turns":8.0},{"damage":11.0,"enemies":"Slavers","floor":31.0,"turns":5.0},{"damage":25.0,"enemies":"Automaton","floor":33.0,"turns":7.0},{"damage":24.0,"enemies":"3 Darklings","floor":35.0,"turns":5.0},{"damage":0.0,"enemies":"3 Shapes","floor":36.0,"turns":4.0},{"damage":41.0,"enemies":"Transient","floor":39.0,"turns":5.0},{"damage":8.0,"enemies":"Spire Growth","floor":41.0,"turns":5.0},{"damage":6.0,"enemies":"Giant Head","floor":42.0,"turns":7.0},{"damage":23.0,"enemies":"Nemesis","floor":45.0,"turns":9.0},{"damage":21.0,"enemies":"Donu and Deca","floor":50.0,"turns":10.0},{"damage":19,"enemies":"Shield and Spear","floor":54,"turns":5},{"damage":59,"enemies":"The Heart","floor":55,"turns":3}],"seed_played":"-8023119897139842366","potions_obtained":[{"floor":6.0,"key":"Fire Potion"},{"floor":8.0,"key":"SkillPotion"},{"floor":12.0,"key":"AttackPotion"},{"floor":14.0,"key":"Explosive Potion"},{"floor":24.0,"key":"Energy Potion"},{"floor":31.0,"key":"AttackPotion"},{"floor":33.0,"key":"Dexterity Potion"},{"floor":35.0,"key":"Explosive Potion"},{"floor":45.0,"key":"SkillPotion"}],"is_trial":false,"path_per_floor":["M","$","?","?","M","E","M","E","T","M","R","E","M","M","R","B",null,"M","M","$","M","M","R","E","?","T","$","R","$","R","E","R","B",null,"M","M","?","?","M","R","M","E","T","R","E","$","?","T","R","B",null,"R","$","E","B"],"character_chosen":"IRONCLAD","items_purchased":["Ghostly Armor","Shrug It Off","Anchor","Fiend Fire","AttackPotion","Bronze Scales","Regal Pillow","PowerPotion","Immolate"],"campfire_rested":4,"item_purchase_floors":[2,20,27,29,29,46,46,46,53],"current_hp_per_floor":[72,72,72,77,75,49,55,41,41,40,40,22,15,20,43,35,67,73,58,58,64,49,49,25,25,25,25,48,48,48,43,66,47,70,52,58,58,58,23,44,42,42,49,49,32,32,70,70,70,55,66,66,66,53,0],"gold":41,"neow_bonus":"TWO_FIFTY_GOLD","is_prod":false,"is_daily":false,"chose_seed":false,"campfire_upgraded":2,"win_rate":0,"timestamp":1552506510,"path_taken":["M","$","?","?","M","E","M","E","T","M","R","E","M","M","R","BOSS","M","M","$","M","M","R","E","?","T","?","R","$","R","E","R","BOSS","M","M","?","?","?","R","M","E","T","R","E","$","?","?","R","BOSS","R","$","E","BOSS"],"build_version":"2019-01-23","purchased_purges":4,"victory":false,"max_hp_per_floor":[72,72,72,77,77,77,77,77,77,77,77,77,77,77,77,77,77,77,77,77,77,77,77,77,77,77,77,77,77,77,77,77,77,77,77,77,73,73,73,73,73,73,80,80,80,80,70,70,70,70,70,70,70,70,70],"card_choices":[{"not_picked":["Rupture","Clash"],"picked":"Sword Boomerang","floor":1.0},{"not_picked":["Dual Wield","Perfected Strike","Cleave"],"picked":"SKIP","floor":5.0},{"not_picked":["Dual Wield","Perfected Strike"],"picked":"Cleave","floor":5.0},{"not_picked":["Sever Soul","Flex","Rampage"],"picked":"SKIP","floor":6.0},{"not_picked":["Sever Soul","Rampage"],"picked":"Flex","floor":6.0},{"not_picked":["Perfected Strike","Thunderclap"],"picked":"Armaments","floor":7.0},{"not_picked":["Bloodletting","Rampage"],"picked":"Pommel Strike","floor":8.0},{"not_picked":["Sword Boomerang","Dual Wield"],"picked":"Inflame","floor":10.0},{"not_picked":["Thunderclap","Carnage","Uppercut"],"picked":"SKIP","floor":12.0},{"not_picked":["Thunderclap","Carnage"],"picked":"Uppercut","floor":12.0},{"not_picked":["Armaments","Wild Strike","Twin Strike"],"picked":"SKIP","floor":13.0},{"not_picked":["True Grit","Clash","Wild Strike"],"picked":"SKIP","floor":14.0},{"not_picked":["Berserk","Offering"],"picked":"Barricade","floor":16.0},{"not_picked":["Disarm","Clash","Headbutt+1"],"picked":"SKIP","floor":18.0},{"not_picked":["Reckless Charge","Metallicize","Power Through"],"picked":"SKIP","floor":19.0},{"not_picked":["Sword Boomerang+1","Pommel Strike","Inflame"],"picked":"SKIP","floor":21.0},{"not_picked":["Warcry+1","Battle Trance"],"picked":"Heavy Blade","floor":22.0},{"not_picked":["Whirlwind","Berserk","Hemokinesis"],"picked":"SKIP","floor":24.0},{"not_picked":["Warcry","Wild Strike","Cleave"],"picked":"SKIP","floor":31.0},{"not_picked":["Dark Embrace","Berserk"],"picked":"Bludgeon","floor":33.0},{"not_picked":["Clothesline+1","Infernal Blade+1"],"picked":"Metallicize+1","floor":35.0},{"not_picked":["Havoc","Whirlwind+1"],"picked":"Flame Barrier+1","floor":36.0},{"not_picked":["Shockwave+1","Sword Boomerang+1"],"picked":"Flame Barrier","floor":39.0},{"not_picked":["Perfected Strike","Clothesline","Wild Strike"],"picked":"SKIP","floor":41.0},{"not_picked":["Heavy Blade","Anger+1","Twin Strike"],"picked":"SKIP","floor":42.0},{"not_picked":["Pommel Strike","Perfected Strike","Cleave+1"],"picked":"SKIP","floor":45.0},{"not_picked":["Combust","Cleave","Headbutt"],"picked":"SKIP","floor":54}],"player_experience":791098,"relics_obtained":[{"floor":6.0,"key":"Girya"},{"floor":8.0,"key":"Tiny Chest"},{"floor":9.0,"key":"Matryoshka"},{"floor":12.0,"key":"Lantern"},{"floor":24.0,"key":"WingedGreaves"},{"floor":26.0,"key":"The Courier"},{"floor":26.0,"key":"Sundial"},{"floor":31.0,"key":"Bag of Preparation"},{"floor":42.0,"key":"MawBank"},{"floor":43.0,"key":"Strawberry"},{"floor":45.0,"key":"Centennial Puzzle"},{"floor":48.0,"key":"War Paint"},{"floor":54,"key":"Kunai"}],"event_choices":[{"cards_removed":["Strike_R"],"damage_healed":0.0,"max_hp_gain":0.0,"max_hp_loss":0.0,"gold_gain":0.0,"event_name":"The Cleric","player_choice":"Card Removal","floor":3.0,"gold_loss":50.0,"damage_taken":0.0},{"damage_healed":0.0,"max_hp_gain":5.0,"max_hp_loss":0.0,"gold_gain":0.0,"event_name":"Big Fish","player_choice":"Donut","floor":4.0,"gold_loss":0.0,"damage_taken":0.0},{"damage_healed":0.0,"max_hp_gain":0.0,"max_hp_loss":0.0,"gold_gain":0.0,"event_name":"The Woman in Blue","player_choice":"Bought 0 Potions","floor":25.0,"gold_loss":0.0,"damage_taken":0.0},{"damage_healed":0.0,"max_hp_gain":0.0,"max_hp_loss":4.0,"gold_gain":0.0,"event_name":"Winding Halls","player_choice":"Max HP","floor":37.0,"gold_loss":0.0,"damage_taken":0.0},{"damage_healed":0.0,"max_hp_gain":0.0,"max_hp_loss":0.0,"gold_gain":0.0,"event_name":"Match and Keep!","player_choice":"1 cards matched","floor":38.0,"gold_loss":0.0,"damage_taken":0.0,"cards_obtained":["Offering"]},{"damage_healed":70.0,"max_hp_gain":0.0,"max_hp_loss":10.0,"gold_gain":0.0,"event_name":"The Moai Head","player_choice":"Heal","floor":47.0,"gold_loss":0.0,"damage_taken":0.0}],"is_beta":false,"boss_relics":[{"not_picked":["Orrery","Runic Cube"],"picked":"Snecko Eye"},{"not_picked":["Astrolabe","Black Blood"],"picked":"Velvet Choker"}],"items_purged_floors":[2,20,27,29],"is_endless":false,"potions_floor_spawned":[6,8,12,14,24,31,33,35,39,45],"killed_by":"The Heart","ascension_level":5}