{"gold_per_floor":[110,285,360,380,393,393,405,405,405,405,416,416,429,10,10,110,110,124,49,63,76,76,76,76,76,76,76],"floor_reached":27,"playtime":752,"items_purged":["Doubt"],"score":203,"play_id":"5730acfd-dc53-4a67-a38a-148942ff6437","local_time":"20181126014544","is_ascension_mode":false,"campfire_choices":[{"data":"Cloak And Dagger","floor":6.0,"key":"SMITH"},{"data":"Neutralize","floor":8.0,"key":"SMITH"},{"floor":12,"key":"REST"},{"data":"Noxious Fumes","floor":15,"key":"SMITH"},{"data":"Malaise","floor":23,"key":"SMITH"}],"neow_cost":"NONE","seed_source_timestamp":50911753388972,"circlet_count":0,"master_deck":["Defend_G","Defend_G","Defend_G","Defend_G","Strike_G","Strike_G","Strike_G","Strike_G","Strike_G","Survivor","Neutralize+1","Cloak And Dagger+1","Endless Agony","Underhanded Strike","Noxious Fumes+1","Discovery+1","Poisoned Stab","Caltrops","Dodge and Roll","Malaise+1","Dodge and Roll+1"],"special_seed":0,"relics":["Ring of the Snake","NeowsBlessing","Sundial","Calipers","Snecko Eye","Singing Bowl","War Paint"],"potions_floor_usage":[27],"damage_taken":[{"damage":0.0,"enemies":"Jaw Worm","floor":1.0,"turns":1.0},{"damage":0.0,"enemies":"2 Louse","floor":4.0,"turns":1.0},{"damage":0.0,"enemies":"Cultist","floor":5.0,"turns":1.0},{"damage":17.0,"enemies":"Large Slime","floor":7.0,"turns":10.0},{"damage":6,"enemies":"Exordium Thugs","floor":11,"turns":6},{"damage":1,"enemies":"2 Fungi Beasts","floor":13,"turns":4},{"damage":38,"enemies":"Slime Boss","floor":16,"turns":12},{"damage":9,"enemies":"Shell Parasite","floor":18,"turns":7},{"damage":6,"enemies":"Chosen","floor":20,"turns":8},{"damage":17,"enemies":"Snake Plant","floor":21,"turns":4},{"damage":41,"enemies":"Gremlin Leader","floor":27,"turns":3}],"seed_played":"1049915769702613062","potions_obtained":[{"floor":1.0,"key":"Swift Potion"},{"floor":13,"key":"Block Potion"}],"is_trial":false,"path_per_floor":["M","?","?","M","M","R","M","R","T","?","M","R","M","$","R","B",null,"M","$","M","M","?","R","$","?","T","E"],"character_chosen":"THE_SILENT","items_purchased":["Calipers","Caltrops","Dodge and Roll"],"campfire_rested":1,"item_purchase_floors":[14,14,14],"current_hp_per_floor":[70,70,59,59,59,59,42,42,42,42,36,57,56,56,56,18,70,61,61,55,38,38,38,38,38,38,0],"gold":76,"neow_bonus":"THREE_ENEMY_KILL","is_prod":false,"is_daily":false,"chose_seed":false,"campfire_upgraded":4,"win_rate":0,"timestamp":1543185944,"path_taken":["M","?","?","M","M","R","M","R","T","?","M","R","M","$","R","BOSS","M","$","?","M","?","R","?","?","T","E"],"build_version":"2018-11-15","purchased_purges":1,"victory":false,"max_hp_per_floor":[70,70,70,70,70,70,70,70,70,70,70,70,70,70,70,70,70,70,70,70,70,70,70,70,70,70,70],"card_choices":[{"not_picked":["Eviscerate","Bane"],"picked":"Cloak And Dagger","floor":1.0},{"not_picked":["Prepared","Eviscerate"],"picked":"Endless Agony","floor":4.0},{"not_picked":["Tools of the Trade","Calculated Gamble"],"picked":"Underhanded Strike","floor":5.0},{"not_picked":["Underhanded Strike","Outmaneuver"],"picked":"Noxious Fumes","floor":7.0},{"not_picked":["Acrobatics","Tactician","Infinite Blades"],"picked":"SKIP","floor":11},{"not_picked":["Wraith Form v2","All Out Attack"],"picked":"Poisoned Stab","floor":13},{"not_picked":["Night Terror","Phantasmal Killer"],"picked":"Malaise","floor":16},{"not_picked":["Outmaneuver","Concentrate"],"picked":"Dodge and Roll","floor":18},{"not_picked":["Bane","Dodge and Roll","Slice"],"picked":"SKIP","floor":20},{"not_picked":["Cloak And Dagger","Flying Knee","Noxious Fumes"],"picked":"SKIP","floor":21}],"player_experience":545762,"relics_obtained":[{"floor":9.0,"key":"Sundial"},{"floor":26,"key":"War Paint"}],"event_choices":[{"damage_healed":0.0,"max_hp_gain":0.0,"max_hp_loss":0.0,"gold_gain":175.0,"event_name":"Liars Game","player_choice":"AGREE","floor":2.0,"gold_loss":0.0,"damage_taken":0.0,"cards_obtained":["Doubt"]},{"damage_healed":0.0,"max_hp_gain":0.0,"max_hp_loss":0.0,"gold_gain":75.0,"event_name":"World of Goop","player_choice":"Gather Gold","floor":3.0,"gold_loss":0.0,"damage_taken":11.0},{"damage_healed":0.0,"max_hp_gain":0.0,"max_hp_loss":0.0,"gold_gain":0.0,"event_name":"Match and Keep!","player_choice":"1 cards matched","floor":10.0,"gold_loss":0.0,"damage_taken":0.0,"cards_obtained":["Discovery"]},{"damage_healed":0,"gold_gain":0,"cards_transformed":["Defend_G"],"player_choice":"Transformed","damage_taken":0,"max_hp_gain":0,"max_hp_loss":0,"event_name":"Transmorgrifier","floor":22,"gold_loss":0,"cards_obtained":["Grand Finale"]},{"cards_removed":["Grand Finale"],"damage_healed":0,"gold_gain":0,"player_choice":"Gave Card","damage_taken":0,"relics_obtained":["Singing Bowl"],"max_hp_gain":0,"max_hp_loss":0,"event_name":"WeMeetAgain","floor":25,"gold_loss":0}],"is_beta":false,"boss_relics":[{"not_picked":["Astrolabe","Runic Dome"],"picked":"Snecko Eye"}],"items_purged_floors":[19],"is_endless":false,"potions_floor_spawned":[1,13],"killed_by":"Gremlin Leader","ascension_level":0}