{"gold_per_floor":[119,119,194,194,43,43,75,75,75,75,85,85,112,127,127,232,232,252,262,177,177,209,221,243,289,301,313,250,262,274,303,315,430,442,467,81,41,56,74,84,84,103,103,103,63,81,81,98,98,98],"floor_reached":51,"playtime":1357,"items_purged":["Strike_R","Strike_R+1"],"score":963,"play_id":"e34df8a5-9f65-421a-8156-e14a47a5bde4","local_time":"20190202231205","is_ascension_mode":true,"campfire_choices":[{"data":"Battle Trance","floor":6.0,"key":"SMITH"},{"data":"Iron Wave","floor":8.0,"key":"SMITH"},{"floor":10.0,"key":"REST"},{"data":"Disarm","floor":12.0,"key":"SMITH"},{"data":"Flex","floor":15.0,"key":"SMITH"},{"data":"Inflame","floor":23.0,"key":"SMITH"},{"data":"Demon Form","floor":30.0,"key":"SMITH"},{"data":"Juggernaut","floor":32.0,"key":"SMITH"},{"floor":41.0,"key":"REST"},{"floor":44.0,"key":"REST"},{"floor":49,"key":"REST"}],"neow_cost":"NONE","seed_source_timestamp":38026946422579,"circlet_count":0,"master_deck":["Strike_R+1","Strike_R+1","Defend_R+1","Defend_R+1","Defend_R+1","Defend_R+1","Bash+1","Whirlwind+1","Battle Trance+1","Iron Wave+1","Disarm+1","Flex+1","Juggernaut+1","Metallicize","Inflame+1","Demon Form+1","Limit Break+1"],"special_seed":0,"relics":["Burning Blood","Ice Cream","Matryoshka","Orichalcum","Runic Dome","Pen Nib","MawBank","Magic Flower","Red Skull","Ancient Tea Set","Lizard Tail","Thread and Needle","Omamori","Shuriken"],"potions_floor_usage":[50,50],"damage_taken":[{"damage":0.0,"enemies":"Small Slimes","floor":1.0,"turns":4.0},{"damage":34.0,"enemies":"Gremlin Nob","floor":7.0,"turns":4.0},{"damage":0.0,"enemies":"2 Louse","floor":11.0,"turns":1.0},{"damage":17.0,"enemies":"Lagavulin","floor":13.0,"turns":6.0},{"damage":0.0,"enemies":"Jaw Worm","floor":14.0,"turns":3.0},{"damage":7.0,"enemies":"Hexaghost","floor":16.0,"turns":9.0},{"damage":7.0,"enemies":"Shell Parasite","floor":18.0,"turns":4.0},{"damage":0.0,"enemies":"3 Byrds","floor":19.0,"turns":2.0},{"damage":21.0,"enemies":"Sentry and Sphere","floor":22.0,"turns":4.0},{"damage":5.0,"enemies":"Centurion and Healer","floor":24.0,"turns":4.0},{"damage":23.0,"enemies":"Gremlin Leader","floor":25.0,"turns":5.0},{"damage":8.0,"enemies":"Snake Plant","floor":31.0,"turns":4.0},{"damage":40.0,"enemies":"Champ","floor":33.0,"turns":6.0},{"damage":15.0,"enemies":"3 Darklings","floor":35.0,"turns":3.0},{"damage":0.0,"enemies":"Orb Walker","floor":38.0,"turns":2.0},{"damage":27.0,"enemies":"Jaw Worm Horde","floor":39.0,"turns":4.0},{"damage":26.0,"enemies":"Sphere and 2 Shapes","floor":40.0,"turns":4.0},{"damage":28.0,"enemies":"Spire Growth","floor":42.0,"turns":4.0},{"damage":0.0,"enemies":"Transient","floor":46.0,"turns":5.0},{"damage":9.0,"enemies":"Maw","floor":48.0,"turns":5.0},{"damage":47,"enemies":"Donu and Deca","floor":50,"turns":5}],"seed_played":"-3467460060370767938","potions_obtained":[{"floor":11.0,"key":"Fire Potion"},{"floor":13.0,"key":"PowerPotion"},{"floor":22.0,"key":"FearPotion"},{"floor":31.0,"key":"LiquidBronze"},{"floor":38.0,"key":"Block Potion"}],"is_trial":false,"path_per_floor":["M","?","?","?","$","R","E","R","T","R","M","R","E","M","R","B",null,"M","M","?","?","M","R","M","E","T","?","?","?","R","M","R","B",null,"M","$","?","M","M","M","R","M","T","R","?","M","$","M","R","B",null],"character_chosen":"IRONCLAD","items_purchased":["Battle Trance","Thread and Needle"],"campfire_rested":4,"item_purchase_floors":[5,36],"current_hp_per_floor":[80,80,69,53,53,53,25,25,25,49,55,55,44,50,50,49,72,71,77,77,77,62,62,63,46,46,46,46,46,46,47,47,16,64,58,58,58,67,49,32,56,37,37,61,61,70,70,70,80,42],"gold":98,"neow_bonus":"UPGRADE_CARD","is_prod":false,"is_daily":false,"chose_seed":false,"campfire_upgraded":7,"win_rate":0,"timestamp":1549138325,"path_taken":["M","?","?","?","?","R","E","R","T","R","M","R","E","M","R","BOSS","M","M","?","?","?","R","M","E","T","?","?","?","R","M","R","BOSS","M","$","?","?","M","M","R","M","T","R","?","M","$","?","R","BOSS"],"build_version":"2019-01-23","purchased_purges":2,"victory":true,"max_hp_per_floor":[80,80,80,80,80,80,80,80,80,80,80,80,80,80,80,80,80,80,80,80,80,80,80,80,80,80,80,80,80,80,80,80,80,80,80,80,80,80,80,80,80,80,80,80,80,80,80,80,80,80],"card_choices":[{"not_picked":["Armaments","Clash"],"picked":"Whirlwind","floor":1.0},{"not_picked":["Pommel Strike","Havoc"],"picked":"Iron Wave","floor":7.0},{"not_picked":["Shrug It Off","Perfected Strike"],"picked":"Disarm","floor":11.0},{"not_picked":["Body Slam","Whirlwind"],"picked":"Flex","floor":13.0},{"not_picked":["Anger","Havoc","Heavy Blade"],"picked":"SKIP","floor":14.0},{"not_picked":["Barricade","Immolate"],"picked":"Juggernaut","floor":16.0},{"not_picked":["Reckless Charge","Warcry"],"picked":"Metallicize","floor":18.0},{"not_picked":["Spot Weakness","Twin Strike+1"],"picked":"Inflame","floor":19.0},{"not_picked":["Heavy Blade","Clothesline","Havoc+1"],"picked":"SKIP","floor":22.0},{"not_picked":["Warcry","Body Slam","Seeing Red"],"picked":"SKIP","floor":24.0},{"not_picked":["Clash","Feel No Pain","Perfected Strike"],"picked":"SKIP","floor":25.0},{"not_picked":["Wild Strike+1","Cleave","Flex"],"picked":"SKIP","floor":31.0},{"not_picked":["Brutality","Exhume"],"picked":"Limit Break","floor":33.0},{"not_picked":["Clash","Rupture","Havoc"],"picked":"SKIP","floor":35.0},{"not_picked":["Wild Strike","Cleave+1","Carnage"],"picked":"SKIP","floor":38.0},{"not_picked":["Wild Strike","Twin Strike+1","Exhume"],"picked":"SKIP","floor":39.0},{"not_picked":["Armaments+1","Combust+1","Warcry"],"picked":"SKIP","floor":40.0},{"not_picked":["Sword Boomerang+1","Rupture","Heavy Blade"],"picked":"SKIP","floor":42.0},{"not_picked":["True Grit","Flex","Clothesline"],"picked":"SKIP","floor":46.0},{"not_picked":["Clash","Sword Boomerang+1","Anger+1"],"picked":"SKIP","floor":48}],"player_experience":736600,"relics_obtained":[{"floor":7.0,"key":"Ice Cream"},{"floor":9.0,"key":"Matryoshka"},{"floor":13.0,"key":"Orichalcum"},{"floor":25.0,"key":"Magic Flower"},{"floor":26.0,"key":"Red Skull"},{"floor":26.0,"key":"Ancient Tea Set"},{"floor":43.0,"key":"Omamori"},{"floor":43.0,"key":"Shuriken"}],"event_choices":[{"damage_healed":0.0,"max_hp_gain":0.0,"max_hp_loss":0.0,"gold_gain":0.0,"event_name":"Living Wall","player_choice":"Grow","floor":2.0,"gold_loss":0.0,"damage_taken":0.0,"cards_upgraded":["Whirlwind"]},{"damage_healed":0.0,"max_hp_gain":0.0,"max_hp_loss":0.0,"gold_gain":75.0,"event_name":"World of Goop","player_choice":"Gather Gold","floor":3.0,"gold_loss":0.0,"damage_taken":11.0},{"damage_healed":0.0,"max_hp_gain":0.0,"max_hp_loss":0.0,"gold_gain":0.0,"event_name":"Shining Light","player_choice":"Entered Light","floor":4.0,"gold_loss":0.0,"damage_taken":16.0,"cards_upgraded":["Strike_R","Strike_R"]},{"damage_healed":0.0,"max_hp_gain":0.0,"max_hp_loss":0.0,"gold_gain":0.0,"event_name":"Addict","player_choice":"Obtained Relic","floor":20.0,"gold_loss":85.0,"damage_taken":0.0,"relics_obtained":["Pen Nib"]},{"damage_healed":0.0,"max_hp_gain":0.0,"max_hp_loss":0.0,"gold_gain":0.0,"event_name":"WeMeetAgain","player_choice":"Gave Potion","floor":21.0,"gold_loss":0.0,"damage_taken":0.0,"relics_obtained":["MawBank"]},{"damage_healed":0.0,"max_hp_gain":0.0,"max_hp_loss":0.0,"gold_gain":0.0,"event_name":"Back to Basics","player_choice":"Simplicity","floor":27.0,"gold_loss":0.0,"damage_taken":0.0,"cards_upgraded":["Strike_R","Strike_R","Defend_R","Defend_R","Defend_R","Defend_R"]},{"cards_removed":["Strike_R"],"damage_healed":0.0,"max_hp_gain":0.0,"max_hp_loss":0.0,"gold_gain":0.0,"event_name":"Beggar","player_choice":"Gave Gold","floor":28.0,"gold_loss":75.0,"damage_taken":0.0},{"damage_healed":0.0,"max_hp_gain":0.0,"max_hp_loss":0.0,"gold_gain":0.0,"event_name":"The Library","player_choice":"Read","floor":29.0,"gold_loss":0.0,"damage_taken":0.0,"cards_obtained":["Demon Form"]},{"damage_healed":0.0,"max_hp_gain":0.0,"max_hp_loss":0.0,"gold_gain":0.0,"event_name":"Designer","player_choice":"Upgrade","floor":37.0,"gold_loss":40.0,"damage_taken":0.0,"cards_upgraded":["Limit Break"]},{"damage_healed":0.0,"max_hp_gain":0.0,"max_hp_loss":0.0,"gold_gain":0.0,"event_name":"The Woman in Blue","player_choice":"Bought 3 Potions","floor":45.0,"gold_loss":0.0,"damage_taken":0.0}],"is_beta":false,"boss_relics":[{"not_picked":["Black Blood","Busted Crown"],"picked":"Runic Dome"},{"not_picked":["Velvet Choker","Snecko Eye"],"picked":"Lizard Tail"}],"items_purged_floors":[5,36],"is_endless":false,"potions_floor_spawned":[11,13,22,31,33,38,40],"ascension_level":5}