{"gold_per_floor":[113,36,36,36,54,97,111,135,208,283,306,330,330,344,344,463,463,481,330,455,470,470,470,483,499,499,499,252,351,33,107,107,230,230,244,244,269,292,99,123,141,141,167,167,500,515,515,529,529,529],"floor_reached":51,"playtime":1315,"items_purged":["Strike_R","Writhe","Strike_R","Defend_R"],"score":855,"play_id":"5467e1c4-26ef-40af-9876-d5b8f4a756a2","local_time":"20190115203718","is_ascension_mode":true,"campfire_choices":[{"data":"Armaments","floor":13.0,"key":"SMITH"},{"data":"Uppercut","floor":15.0,"key":"SMITH"},{"data":"Immolate","floor":23.0,"key":"SMITH"},{"floor":32.0,"key":"REST"},{"floor":42,"key":"REST"},{"floor":44,"key":"REST"},{"data":"Limit Break","floor":47,"key":"SMITH"},{"floor":49,"key":"REST"}],"neow_cost":"NONE","seed_source_timestamp":25401540105564,"circlet_count":0,"master_deck":["Strike_R+1","Strike_R+1","Defend_R","Defend_R","Bash","Dropkick","Flex","Cleave","Twin Strike","Armaments+1","Immolate+1","Uppercut+1","Limit Break+1","Inflame","Sword Boomerang","Limit Break","Discovery","Demon Form","Flex","Heavy Blade","Shrug It Off","Metallicize","Whirlwind+1","Disarm+1"],"special_seed":0,"relics":["Burning Blood","NeowsBlessing","Bronze Scales","Pocketwatch","Lantern","Matryoshka","Sozu","Turnip","Bottled Lightning","Whetstone","Unceasing Top","Orichalcum","Anchor","Membership Card","PreservedInsect","Dodecahedron","Mark of Pain","Pen Nib","Oddly Smooth Stone"],"potions_floor_usage":[],"damage_taken":[{"damage":0.0,"enemies":"Small Slimes","floor":1.0,"turns":1.0},{"damage":0.0,"enemies":"2 Louse","floor":5.0,"turns":1.0},{"damage":0.0,"enemies":"Lagavulin","floor":6.0,"turns":1.0},{"damage":4.0,"enemies":"Jaw Worm","floor":7.0,"turns":3.0},{"damage":7.0,"enemies":"3 Louse","floor":11.0,"turns":3.0},{"damage":4.0,"enemies":"2 Fungi Beasts","floor":12.0,"turns":2.0},{"damage":1.0,"enemies":"Large Slime","floor":14.0,"turns":4.0},{"damage":23.0,"enemies":"Hexaghost","floor":16.0,"turns":8.0},{"damage":7.0,"enemies":"3 Byrds","floor":18.0,"turns":3.0},{"damage":30.0,"enemies":"Colosseum Slavers","floor":20.0,"turns":3.0},{"damage":16.0,"enemies":"Colosseum Nobs","floor":20.0,"turns":3.0},{"damage":4.0,"enemies":"Shell Parasite","floor":21.0,"turns":3.0},{"damage":9.0,"enemies":"Centurion and Healer","floor":24.0,"turns":4.0},{"damage":7.0,"enemies":"Chosen and Byrds","floor":25.0,"turns":3.0},{"damage":50.0,"enemies":"Champ","floor":33.0,"turns":8.0},{"damage":9.0,"enemies":"3 Shapes","floor":35.0,"turns":3.0},{"damage":1.0,"enemies":"Orb Walker","floor":37.0,"turns":2.0},{"damage":29,"enemies":"Spire Growth","floor":38,"turns":3},{"damage":17,"enemies":"3 Darklings","floor":40,"turns":4},{"damage":20,"enemies":"Maw","floor":41,"turns":6},{"damage":28,"enemies":"Writhing Mass","floor":46,"turns":4},{"damage":0,"enemies":"Transient","floor":48,"turns":5},{"damage":74,"enemies":"Time Eater","floor":50,"turns":7}],"seed_played":"-742306476019283379","potions_obtained":[{"floor":6.0,"key":"SkillPotion"},{"floor":7.0,"key":"SteroidPotion"},{"floor":14.0,"key":"Fruit Juice"}],"is_trial":false,"path_per_floor":["M","$","?","?","M","E","M","T","T","?","M","M","R","M","R","B",null,"M","$","?","M","?","R","M","M","T","?","$","?","$","T","R","B",null,"M","?","M","M","$","M","M","R","T","R","?","M","R","M","R","B",null],"character_chosen":"IRONCLAD","items_purchased":["Flex","Cleave","Inflame","Anchor","Membership Card","Discovery","Shrug It Off","Pen Nib","Metallicize"],"campfire_rested":4,"item_purchase_floors":[2,2,19,28,30,30,39,39,39],"current_hp_per_floor":[80,80,62,42,48,54,56,56,56,45,44,46,46,51,51,39,74,73,73,39,41,41,41,38,37,37,37,37,37,37,37,62,18,68,65,65,70,47,47,36,22,47,47,72,72,50,50,56,81,13],"gold":529,"neow_bonus":"THREE_ENEMY_KILL","is_prod":false,"is_daily":false,"chose_seed":false,"campfire_upgraded":4,"win_rate":0,"timestamp":1547573838,"path_taken":["M","$","?","?","M","E","M","?","T","?","M","M","R","M","R","BOSS","M","$","?","M","?","R","?","M","T","?","$","?","$","?","R","BOSS","M","?","M","?","$","M","M","R","T","R","?","M","R","M","R","BOSS"],"build_version":"2019-01-10","purchased_purges":4,"victory":true,"max_hp_per_floor":[80,80,80,80,80,80,80,80,80,80,80,80,80,80,80,85,85,85,85,85,85,85,85,85,85,85,85,85,85,85,85,85,85,85,85,85,85,85,85,85,85,85,85,85,85,85,85,85,85,85],"card_choices":[{"not_picked":["Clash","Warcry"],"picked":"Dropkick","floor":1.0},{"not_picked":["Sentinel","Twin Strike","Headbutt"],"picked":"SKIP","floor":5.0},{"not_picked":["Sentinel","Headbutt"],"picked":"Twin Strike","floor":5.0},{"not_picked":["Rage","Warcry","Iron Wave"],"picked":"SKIP","floor":6.0},{"not_picked":["Searing Blow","Iron Wave","Pummel"],"picked":"SKIP","floor":7.0},{"not_picked":["Wild Strike","Body Slam"],"picked":"Armaments","floor":11.0},{"not_picked":["Shockwave","Iron Wave"],"picked":"Immolate","floor":12.0},{"not_picked":["Clothesline","Sentinel"],"picked":"Uppercut","floor":14.0},{"not_picked":["Dark Embrace","Reaper"],"picked":"Limit Break","floor":16.0},{"not_picked":["Feel No Pain+1","Rampage+1","Wild Strike+1"],"picked":"SKIP","floor":18.0},{"not_picked":["Infernal Blade","Headbutt"],"picked":"Sword Boomerang","floor":20.0},{"not_picked":["Pommel Strike+1","Power Through","Rage"],"picked":"SKIP","floor":21.0},{"not_picked":["Iron Wave","Hemokinesis+1","Searing Blow+1"],"picked":"SKIP","floor":24.0},{"not_picked":["Armaments","Sentinel","Pommel Strike+1"],"picked":"SKIP","floor":25.0},{"not_picked":["Bludgeon","Reaper"],"picked":"Demon Form","floor":33.0},{"not_picked":["Dropkick+1","Iron Wave","Warcry+1"],"picked":"SKIP","floor":35.0},{"not_picked":["Rage","Headbutt"],"picked":"Heavy Blade","floor":37.0},{"not_picked":["Twin Strike+1","Havoc","Iron Wave"],"picked":"SKIP","floor":38},{"not_picked":["Armaments+1","Power Through","Immolate"],"picked":"SKIP","floor":40},{"not_picked":["Thunderclap","Sword Boomerang"],"picked":"Whirlwind+1","floor":41},{"not_picked":["Iron Wave+1","Clash","Havoc+1"],"picked":"SKIP","floor":46},{"not_picked":["Power Through+1","Clothesline+1"],"picked":"Disarm+1","floor":48}],"player_experience":690769,"relics_obtained":[{"floor":6.0,"key":"Pocketwatch"},{"floor":8.0,"key":"Lantern"},{"floor":9.0,"key":"Matryoshka"},{"floor":20.0,"key":"Turnip"},{"floor":20.0,"key":"Bottled Lightning"},{"floor":26.0,"key":"Whetstone"},{"floor":26.0,"key":"Unceasing Top"},{"floor":31.0,"key":"PreservedInsect"},{"floor":31.0,"key":"Dodecahedron"},{"floor":43,"key":"Oddly Smooth Stone"}],"event_choices":[{"damage_healed":0.0,"max_hp_gain":0.0,"max_hp_loss":0.0,"gold_gain":0.0,"event_name":"Scrap Ooze","player_choice":"Success","floor":3.0,"gold_loss":0.0,"damage_taken":18.0,"relics_obtained":["Bronze Scales"]},{"damage_healed":0.0,"max_hp_gain":0.0,"max_hp_loss":0.0,"gold_gain":0.0,"event_name":"Golden Idol","player_choice":"Take Damage","floor":4.0,"gold_loss":0.0,"damage_taken":20.0,"relics_obtained":["Golden Idol"]},{"damage_healed":0.0,"max_hp_gain":0.0,"max_hp_loss":0.0,"gold_gain":75.0,"event_name":"World of Goop","player_choice":"Gather Gold","floor":10.0,"gold_loss":0.0,"damage_taken":11.0},{"damage_healed":0.0,"max_hp_gain":0.0,"max_hp_loss":0.0,"gold_gain":0.0,"event_name":"Colosseum","player_choice":"Fight","floor":20.0,"gold_loss":0.0,"damage_taken":0.0},{"damage_healed":0.0,"max_hp_gain":0.0,"max_hp_loss":0.0,"gold_gain":0.0,"event_name":"Colosseum","player_choice":"Fought Nobs","floor":20.0,"gold_loss":0.0,"damage_taken":0.0},{"damage_healed":0.0,"max_hp_gain":0.0,"max_hp_loss":0.0,"gold_gain":0.0,"cards_transformed":["Strike_R"],"event_name":"Transmorgrifier","player_choice":"Transformed","floor":22.0,"gold_loss":0.0,"damage_taken":0.0,"cards_obtained":["Limit Break"]},{"damage_healed":0.0,"max_hp_gain":0.0,"max_hp_loss":0.0,"gold_gain":0.0,"event_name":"The Mausoleum","player_choice":"Opened","floor":27.0,"gold_loss":0.0,"damage_taken":0.0,"relics_obtained":["Orichalcum"],"cards_obtained":["Writhe"]},{"damage_healed":0.0,"max_hp_gain":0.0,"max_hp_loss":0.0,"gold_gain":99.0,"event_name":"Nest","player_choice":"Stole From Cult","floor":29.0,"gold_loss":0.0,"damage_taken":0.0},{"damage_healed":0.0,"max_hp_gain":0.0,"max_hp_loss":0.0,"gold_gain":0.0,"cards_transformed":["Defend_R"],"event_name":"Transmorgrifier","player_choice":"Transformed","floor":36.0,"gold_loss":0.0,"damage_taken":0.0,"cards_obtained":["Flex"]},{"damage_healed":0,"gold_gain":333,"player_choice":"Gave Idol","damage_taken":0,"max_hp_gain":0,"max_hp_loss":0,"event_name":"The Moai Head","floor":45,"relics_lost":["Golden Idol"],"gold_loss":0}],"is_beta":false,"boss_relics":[{"not_picked":["Snecko Eye","Calling Bell"],"picked":"Sozu"},{"not_picked":["Empty Cage","Runic Dome"],"picked":"Mark of Pain"}],"items_purged_floors":[19,28,30,39],"is_endless":false,"potions_floor_spawned":[6,7,14,20,20,21,33,38,40,46],"ascension_level":5}