{"gold_per_floor":[116,16,16,16,34,78,94,94,94,94,174,174,174,198,198,318,318,339,13,32,45,65,65,78,78,101,101,1,1,0,25,25,149,212,232,34,100,121,139,139,139,139,163,163,163,178,178,202,202,202],"floor_reached":50,"playtime":4771,"items_purged":["Strike_R","Strike_R","Defend_R"],"score":490,"play_id":"51e35888-c914-42cc-a189-a88240ca7ba6","local_time":"20190706023239","is_ascension_mode":false,"campfire_choices":[{"data":"Searing Blow","floor":8,"key":"SMITH"},{"data":"Searing Blow+1","floor":10,"key":"SMITH"},{"data":"Searing Blow+2","floor":15,"key":"SMITH"},{"data":"Searing Blow+3","floor":23,"key":"SMITH"},{"data":"Armaments","floor":25,"key":"SMITH"},{"data":"Searing Blow+4","floor":27,"key":"SMITH"},{"data":"Searing Blow+5","floor":29,"key":"SMITH"},{"data":"Searing Blow+6","floor":32,"key":"SMITH"},{"data":"Searing Blow+7","floor":40,"key":"SMITH"},{"data":"Searing Blow+8","floor":42,"key":"SMITH"},{"data":"Searing Blow+9","floor":47,"key":"SMITH"},{"data":"Searing Blow+10","floor":49,"key":"SMITH"}],"neow_cost":"NONE","seed_source_timestamp":26162930192433,"circlet_count":0,"master_deck":["Strike_R","Strike_R","Strike_R+1","Defend_R","Defend_R","Bash","Infernal Blade","Anger","Armaments+1","Flex","Headbutt","Searing Blow+11","Pommel Strike","Juggernaut+1","Battle Trance","Ghostly Armor","Barricade+1","Armaments+1","Burning Pact","Thinking Ahead","Headbutt","Armaments+1","Flex+1","Body Slam+1","Clothesline","Double Tap","Metallicize+1","Shrug It Off+1","Impervious","Berserk+1","Headbutt+1","Writhe","Demon Form+1"],"relics":["Burning Blood","NeowsBlessing","Golden Idol","Centennial Puzzle","Question Card","Frozen Egg 2","Coffee Dripper","Red Skull","Tiny House","Magic Flower","Dream Catcher","Charon\u0027s Ashes"],"potions_floor_usage":[22,22,33,35],"damage_taken":[{"damage":0,"enemies":"2 Louse","floor":1,"turns":1},{"damage":0,"enemies":"Jaw Worm","floor":5,"turns":1},{"damage":0,"enemies":"3 Sentries","floor":6,"turns":1},{"damage":3,"enemies":"Small Slimes","floor":7,"turns":2},{"damage":27,"enemies":"Lagavulin Event","floor":11,"turns":5},{"damage":3,"enemies":"Gremlin Gang","floor":14,"turns":4},{"damage":52,"enemies":"Slime Boss","floor":16,"turns":7},{"damage":32,"enemies":"3 Byrds","floor":18,"turns":6},{"damage":12,"enemies":"Shell Parasite","floor":20,"turns":4},{"damage":20,"enemies":"Snecko","floor":21,"turns":5},{"damage":26,"enemies":"Centurion and Healer","floor":22,"turns":5},{"damage":18,"enemies":"Snake Plant","floor":24,"turns":4},{"damage":1,"enemies":"3 Cultists","floor":31,"turns":3},{"damage":9,"enemies":"Collector","floor":33,"turns":7},{"damage":11,"enemies":"Orb Walker","floor":35,"turns":4},{"damage":10,"enemies":"2 Orb Walkers","floor":37,"turns":4},{"damage":34,"enemies":"3 Darklings","floor":38,"turns":7},{"damage":25,"enemies":"Jaw Worm Horde","floor":39,"turns":5},{"damage":22,"enemies":"4 Shapes","floor":46,"turns":5},{"damage":7,"enemies":"Sphere and 2 Shapes","floor":48,"turns":3},{"damage":66,"enemies":"Awakened One","floor":50,"turns":6}],"seed_played":"3587274075476089070","potions_obtained":[{"floor":1,"key":"FairyPotion"},{"floor":6,"key":"SpeedPotion"},{"floor":11,"key":"Ancient Potion"},{"floor":16,"key":"LiquidBronze"},{"floor":18,"key":"BloodPotion"},{"floor":24,"key":"Dexterity Potion"},{"floor":34,"key":"PowerPotion"},{"floor":35,"key":"Ancient Potion"},{"floor":46,"key":"SmokeBomb"}],"is_trial":false,"path_per_floor":["M","$","?","$","M","E","M","R","T","R","?","?","?","M","R","B",null,"M","$","M","M","M","R","M","R","T","R","$","R","?","M","R","B",null,"M","$","?","M","M","R","?","R","T","?","T","M","R","M","R","B"],"character_chosen":"IRONCLAD","items_purchased":["Anger","Armaments","Burning Pact","Thinking Ahead","Impervious"],"campfire_rested":0,"item_purchase_floors":[2,2,19,19,36],"current_hp_per_floor":[80,80,60,60,66,72,75,75,75,75,54,54,54,57,57,11,80,54,54,48,34,34,34,22,22,22,22,22,22,22,27,27,24,85,80,80,76,51,35,35,35,35,35,56,56,43,43,45,45,0],"gold":202,"neow_bonus":"THREE_ENEMY_KILL","is_prod":false,"is_daily":false,"chose_seed":false,"campfire_upgraded":12,"win_rate":0.0,"timestamp":1562394759,"path_taken":["M","$","?","$","M","E","M","R","T","R","?","?","?","?","R","BOSS","M","$","M","M","M","R","M","R","T","R","$","R","?","M","R","BOSS","M","$","?","M","M","R","?","R","T","?","?","M","R","?","R","BOSS"],"build_version":"2019-07-05","purchased_purges":3,"victory":false,"max_hp_per_floor":[80,80,80,80,80,80,80,80,80,80,80,80,80,80,80,80,80,80,80,80,80,80,80,80,80,80,80,80,80,80,80,80,80,85,85,85,85,85,85,85,85,85,85,85,85,85,85,85,85,85],"card_choices":[{"not_picked":["Whirlwind","Flex"],"picked":"Infernal Blade","floor":1},{"not_picked":["Twin Strike","Iron Wave"],"picked":"Flex","floor":5},{"not_picked":["Berserk","Perfected Strike"],"picked":"Headbutt","floor":6},{"not_picked":["Sword Boomerang","Fire Breathing"],"picked":"Searing Blow","floor":7},{"not_picked":["Headbutt","Corruption+1","Clothesline"],"picked":"Pommel Strike","floor":11},{"not_picked":["Clash","Feel No Pain+1","Anger"],"picked":"Ghostly Armor","floor":14},{"not_picked":["Bludgeon","Impervious","Feed"],"picked":"Barricade+1","floor":16},{"not_picked":["Cleave","Inflame+1","Shockwave"],"picked":"Armaments+1","floor":18},{"not_picked":["Iron Wave+1","Warcry","Perfected Strike"],"picked":"Headbutt","floor":20},{"not_picked":["Headbutt+1","Cleave","Pommel Strike"],"picked":"Armaments+1","floor":21},{"not_picked":["Thunderclap","True Grit","Fiend Fire"],"picked":"Flex+1","floor":22},{"not_picked":["Second Wind","Cleave","Warcry"],"picked":"Body Slam+1","floor":24},{"not_picked":["Headbutt","Anger+1","Brutality+1"],"picked":"Clothesline","floor":31},{"not_picked":["Fiend Fire","Dark Embrace+1","Impervious"],"picked":"Double Tap","floor":33},{"not_picked":["Sword Boomerang+1","Iron Wave","Pommel Strike"],"picked":"Metallicize+1","floor":34},{"not_picked":["Ghostly Armor","Clash+1","Entrench+1"],"picked":"Shrug It Off+1","floor":35},{"not_picked":["Flex","Twin Strike","Shockwave"],"picked":"Berserk+1","floor":38},{"not_picked":["Blood for Blood+1","Warcry","Body Slam"],"picked":"Headbutt+1","floor":39},{"not_picked":["Sword Boomerang","Perfected Strike+1","Flex","True Grit"],"picked":"SKIP","floor":46},{"not_picked":["Pommel Strike","Bloodletting","Warcry"],"picked":"Demon Form+1","floor":48}],"player_experience":10356,"relics_obtained":[{"floor":6,"key":"Centennial Puzzle"},{"floor":9,"key":"Question Card"},{"floor":26,"key":"Red Skull"},{"floor":37,"key":"Magic Flower"},{"floor":43,"key":"Dream Catcher"},{"floor":45,"key":"Charon\u0027s Ashes"}],"event_choices":[{"damage_healed":0,"gold_gain":0,"player_choice":"Take Damage","damage_taken":20,"relics_obtained":["Golden Idol"],"max_hp_gain":0,"max_hp_loss":0,"event_name":"Golden Idol","floor":3,"gold_loss":0},{"damage_healed":0,"gold_gain":0,"player_choice":"Searched \u00273\u0027 times","damage_taken":0,"relics_obtained":["Frozen Egg 2"],"max_hp_gain":0,"max_hp_loss":0,"event_name":"Dead Adventurer","floor":11,"gold_loss":0},{"damage_healed":0,"gold_gain":0,"player_choice":"Ignored","damage_taken":0,"max_hp_gain":0,"max_hp_loss":0,"event_name":"Liars Game","floor":12,"gold_loss":0},{"damage_healed":0,"gold_gain":0,"player_choice":"2 cards matched","damage_taken":0,"max_hp_gain":0,"max_hp_loss":0,"event_name":"Match and Keep!","floor":13,"gold_loss":0,"cards_obtained":["Juggernaut","Battle Trance"]},{"damage_healed":0,"gold_gain":0,"player_choice":"Paid Fearfully","damage_taken":0,"max_hp_gain":0,"max_hp_loss":0,"event_name":"Masked Bandits","floor":30,"gold_loss":1},{"damage_healed":0,"gold_gain":0,"player_choice":"Fight","damage_taken":0,"max_hp_gain":0,"max_hp_loss":0,"event_name":"Mysterious Sphere","floor":37,"gold_loss":0},{"cards_removed":["Defend_R"],"damage_healed":0,"gold_gain":0,"player_choice":"Removed Skill","damage_taken":0,"max_hp_gain":0,"max_hp_loss":0,"event_name":"Falling","floor":41,"gold_loss":0},{"damage_healed":21,"gold_gain":0,"player_choice":"Writhe","damage_taken":0,"max_hp_gain":0,"max_hp_loss":0,"event_name":"Winding Halls","floor":44,"gold_loss":0,"cards_obtained":["Writhe"]}],"is_beta":false,"boss_relics":[{"not_picked":["White Beast Statue","Orrery"],"picked":"Coffee Dripper"},{"not_picked":["Fusion Hammer","Runic Dome"],"picked":"Tiny House"}],"items_purged_floors":[19,28,36],"is_endless":false,"potions_floor_spawned":[1,6,11,16,18,21,24,35,46],"killed_by":"Awakened One","ascension_level":0}