{"path_per_floor":["M","?","?","?","$","R","E","R","T","R","M","M","E","M","R","B",null,"M","?","M","M","$","R","M","R","T","E","M","M","?","M","R","B",null,"M","?","?","M","M","R","?","?","T","R","M","?","$","?","R"],"character_chosen":"THE_SILENT","items_purchased":["Noxious Fumes","Apotheosis","Noxious Fumes","Energy Potion"],"gold_per_floor":[115,115,115,115,48,48,84,84,153,153,167,192,225,244,244,364,364,319,319,319,319,13,13,13,13,13,13,13,13,13,13,13,13,13,13,13,13,13,13,13,13,0,0,0,0,0,0,0,0],"floor_reached":50,"campfire_rested":8,"playtime":5119,"current_hp_per_floor":[70,53,53,39,39,60,43,43,43,64,64,63,50,48,48,31,70,60,60,59,43,43,64,52,70,70,55,45,45,45,44,70,37,70,69,69,69,39,33,69,39,39,39,70,44,44,44,35,70],"items_purged":[],"gold":0,"score":470,"play_id":"c930b6df-4f6b-4de8-83ee-141de9006d8d","is_prod":false,"is_daily":false,"is_ascension_mode":false,"campfire_upgraded":2,"path_taken":["M","?","?","?","$","R","E","R","T","R","M","M","E","M","R","BOSS","M","?","?","M","?","R","M","R","T","E","M","M","?","?","R","BOSS","M","?","?","?","M","R","?","?","T","R","M","?","$","?","R","BOSS"],"build_version":"2018-02-15-PROD1","purchased_purges":0,"victory":false,"master_deck":["Defend_G","Defend_G","Defend_G","Defend_G","Defend_G","Strike_G+1","Strike_G","Strike_G+1","Survivor","Neutralize","Bullet Time","Blade Dance","Noxious Fumes+1","Flying Knee","Deadly Poison","Blade Dance","Catalyst+1","Envenom","Poisoned Stab+1","Acrobatics+1","Riddle With Holes","Apotheosis","Noxious Fumes","Bane+1","Bane+1","Catalyst+1","A Thousand Cuts","Decay","Madness","Madness"],"max_hp_per_floor":[70,70,70,70,70,70,70,70,70,70,70,70,70,70,70,70,70,70,70,70,70,70,70,70,70,70,70,70,70,70,70,70,70,70,70,70,70,70,70,70,70,70,70,70,70,70,70,70,70],"relics":["Ring of the Snake","Golden Idol","Toolbox","Shuriken","Torii","Ectoplasm","Gambling Chip","Regal Pillow","Cursed Key","Bird Faced Urn","Red Mask","Omamori"],"card_choices":[{"not_picked":["Dash","Deadly Poison"],"picked":"Flying Knee"},{"not_picked":["Slice","Finisher"],"picked":"Deadly Poison"},{"not_picked":["Dagger Throw","Eviscerate"],"picked":"Blade Dance"},{"not_picked":["PiercingWail","Backflip"],"picked":"Catalyst"},{"not_picked":["Die Die Die","After Image"],"picked":"Envenom"},{"not_picked":["Dagger Spray","Dodge and Roll"],"picked":"Poisoned Stab"},{"not_picked":["Calculated Gamble","Outmaneuver"],"picked":"Acrobatics"},{"not_picked":["Acrobatics","Slice"],"picked":"Riddle With Holes"},{"not_picked":["Expertise","PiercingWail"],"picked":"Bane"},{"not_picked":["Backflip","Deadly Poison"],"picked":"Bane"},{"not_picked":["Bullet Time","Venomology"],"picked":"A Thousand Cuts"}],"player_experience":48244,"potions_floor_usage":[20,24,24,29,33,39,50],"damage_taken":[{"damage":0,"enemies":"Small Slimes","floor":1,"turns":4},{"damage":17,"enemies":"3 Sentries","floor":7,"turns":9},{"damage":0,"enemies":"2 Louse","floor":11,"turns":2},{"damage":1,"enemies":"Jaw Worm","floor":12,"turns":2},{"damage":13,"enemies":"Lagavulin","floor":13,"turns":5},{"damage":2,"enemies":"Gremlin Gang","floor":14,"turns":4},{"damage":17,"enemies":"The Guardian","floor":16,"turns":9},{"damage":10,"enemies":"2 Thieves","floor":18,"turns":4},{"damage":1,"enemies":"Spheric Guardian","floor":20,"turns":3},{"damage":16,"enemies":"Snake Plant","floor":21,"turns":4},{"damage":12,"enemies":"Sentry and Sphere","floor":24,"turns":4},{"damage":15,"enemies":"Book of Stabbing","floor":27,"turns":4},{"damage":10,"enemies":"Centurion and Healer","floor":28,"turns":4},{"damage":0,"enemies":"Chosen and Byrds","floor":29,"turns":3},{"damage":1,"enemies":"Snake Plant","floor":31,"turns":2},{"damage":33,"enemies":"Champ","floor":33,"turns":6},{"damage":1,"enemies":"Orb Walker","floor":35,"turns":3},{"damage":30,"enemies":"3 Darklings","floor":38,"turns":4},{"damage":15,"enemies":"Maw","floor":39,"turns":6},{"damage":30,"enemies":"Mysterious Sphere","floor":41,"turns":4},{"damage":28,"enemies":"Sphere and 2 Shapes","floor":45,"turns":4},{"damage":104,"enemies":"Awakened One","floor":50,"turns":7}],"event_choices":[{"event_name":"Golden Idol","player_choice":"Take Damage","floor":2,"damage_taken":0},{"event_name":"Transmorgrifier","player_choice":"Transform","floor":3,"damage_taken":0},{"event_name":"Shining Light","player_choice":"Entered Light","floor":4,"damage_taken":0},{"event_name":"Vampires","player_choice":"Ignored","floor":19,"damage_taken":0},{"event_name":"Duplicator","player_choice":"One dupe","floor":30,"damage_taken":0},{"event_name":"Accursed Blacksmith","player_choice":"Ignore","floor":36,"damage_taken":0},{"event_name":"Mysterious Sphere","player_choice":"Fight","floor":41,"damage_taken":0},{"event_name":"Tomb of Lord Red Mask","player_choice":"Paid","floor":42,"damage_taken":0},{"event_name":"The Moai Head","player_choice":"Ignored","floor":46,"damage_taken":0},{"event_name":"Winding Halls","player_choice":"Embrace Madness","floor":48,"damage_taken":0}],"boss_relics":[{"not_picked":["Velvet Choker","Philosopher\u0027s Stone"],"picked":"Ectoplasm"},{"not_picked":["Calling Bell","Astrolabe"],"picked":"Cursed Key"}],"potions_floor_spawned":[7,12,20,24,27,35],"seed_played":"9078478348038208089","killed_by":"Awakened One","ascension_level":0,"is_trial":false}