{"gold_per_floor":[365,11,28,28,28,28,38,56,107,107,57,57,57,73,73,73],"floor_reached":16,"playtime":809,"items_purged":["Strike_G"],"score":126,"play_id":"c711cfe8-02fe-4bd1-89fd-7deef51dbc18","local_time":"20180918123744","is_ascension_mode":true,"campfire_choices":[{"data":"Blur","floor":6.0,"key":"SMITH"},{"data":"Blur","floor":10.0,"key":"SMITH"},{"data":"Backflip","floor":13.0,"key":"SMITH"},{"data":"A Thousand Cuts","floor":15,"key":"SMITH"}],"neow_cost":"TEN_PERCENT_HP_LOSS","seed_source_timestamp":0,"circlet_count":0,"master_deck":["Defend_G","Defend_G","Defend_G","Defend_G","Strike_G","Strike_G","Strike_G","Survivor","Neutralize","Blur+1","Well Laid Plans","Prepared","Backflip+1","Blur+1","A Thousand Cuts+1"],"special_seed":0,"relics":["Ring of the Snake","Juzu Bracelet","Strawberry","Golden Idol"],"potions_floor_usage":[14,16],"damage_taken":[{"damage":4.0,"enemies":"Jaw Worm","floor":1.0,"turns":6.0},{"damage":12.0,"enemies":"Small Slimes","floor":3.0,"turns":4.0},{"damage":0.0,"enemies":"2 Louse","floor":7.0,"turns":4.0},{"damage":1.0,"enemies":"Looter","floor":8.0,"turns":4.0},{"damage":21,"enemies":"Exordium Thugs","floor":14,"turns":8},{"damage":37,"enemies":"Slime Boss","floor":16,"turns":16}],"seed_played":"1760460496894603096","potions_obtained":[{"floor":1.0,"key":"Ancient Potion"},{"floor":3.0,"key":"SkillPotion"},{"floor":14,"key":"Fruit Juice"}],"is_trial":false,"path_per_floor":["M","$","M","$","?","R","M","M","T","R","?","?","R","M","R"],"character_chosen":"THE_SILENT","items_purchased":["Juzu Bracelet","Well Laid Plans","Prepared"],"campfire_rested":0,"item_purchase_floors":[2,2,2],"current_hp_per_floor":[59,59,47,47,47,47,47,46,53,53,53,53,53,32,32,0],"gold":73,"neow_bonus":"TWO_FIFTY_GOLD","is_prod":false,"is_daily":false,"chose_seed":false,"campfire_upgraded":4,"win_rate":0,"timestamp":1537299464,"path_taken":["M","$","M","$","?","R","M","M","T","R","?","?","R","M","R","BOSS"],"build_version":"2018-09-06","purchased_purges":1,"victory":false,"max_hp_per_floor":[63,63,63,63,63,63,63,63,70,70,70,65,65,65,65,70],"card_choices":[{"not_picked":["Prepared","Dagger Spray"],"picked":"Blur","floor":1.0},{"not_picked":["Dagger Spray","Well Laid Plans","Sucker Punch"],"picked":"SKIP","floor":3.0},{"not_picked":["Underhanded Strike","Quick Slash"],"picked":"Backflip","floor":7.0},{"not_picked":["Poisoned Stab","PiercingWail"],"picked":"Blur","floor":8.0},{"not_picked":["Blade Dance","Choke"],"picked":"A Thousand Cuts","floor":14}],"player_experience":313462,"relics_obtained":[{"floor":9.0,"key":"Strawberry"}],"event_choices":[{"event_name":"Living Wall","player_choice":"Forget","floor":5.0,"damage_taken":0.0},{"event_name":"The Cleric","player_choice":"Card Removal","floor":11.0,"damage_taken":0.0},{"event_name":"Golden Idol","player_choice":"Lose Max HP","floor":12.0,"damage_taken":0.0}],"is_beta":false,"boss_relics":[],"items_purged_floors":[2],"is_endless":false,"potions_floor_spawned":[1,3,14],"killed_by":"Slime Boss","ascension_level":8}