{"gold_per_floor":[114,129,129,129,145,145,172,347,347,347,347,272,286,317,317,422,422,438,289,214,226,226,226,239,239],"floor_reached":25,"playtime":2008,"items_purged":["Parasite"],"score":318,"play_id":"99cd49b6-fb32-4723-984a-29f61e17c4b1","local_time":"20190803154107","is_ascension_mode":true,"campfire_choices":[{"data":"Neutralize","floor":6,"key":"SMITH"},{"floor":15,"key":"REST"},{"floor":23,"key":"REST"}],"neow_cost":"NONE","seed_source_timestamp":145460679926003,"circlet_count":0,"master_deck":["Strike_G","Strike_G","Strike_G","Defend_G","Defend_G","Defend_G+1","Defend_G","Defend_G","Survivor+1","Neutralize+1","Masterful Stab","Footwork","Backstab","Dash","Night Terror","Heel Hook+1","Necronomicurse","Dodge and Roll"],"relics":["Ring of the Snake","Darkstone Periapt","Bottled Flame","War Paint","Ice Cream","Cursed Key","Blood Vial","Necronomicon"],"potions_floor_usage":[7,16,25,25],"damage_taken":[{"damage":0,"enemies":"2 Louse","floor":1,"turns":4},{"damage":0,"enemies":"Jaw Worm","floor":2,"turns":5},{"damage":1,"enemies":"Small Slimes","floor":5,"turns":4},{"damage":18,"enemies":"Gremlin Nob","floor":7,"turns":4},{"damage":3,"enemies":"3 Louse","floor":13,"turns":4},{"damage":23,"enemies":"3 Sentries","floor":14,"turns":12},{"damage":24,"enemies":"Slime Boss","floor":16,"turns":17},{"damage":13,"enemies":"Spheric Guardian","floor":18,"turns":8},{"damage":1,"enemies":"3 Byrds","floor":21,"turns":6},{"damage":1,"enemies":"Centurion and Healer","floor":24,"turns":10},{"damage":85,"enemies":"Book of Stabbing","floor":25,"turns":12}],"seed_played":"1755937064246439518","potions_obtained":[{"floor":1,"key":"AttackPotion"},{"floor":13,"key":"Strength Potion"},{"floor":18,"key":"GamblersBrew"},{"floor":21,"key":"SteroidPotion"}],"is_trial":false,"path_per_floor":["M","M","?","?","M","R","E","?","T","?","?","$","M","E","R","B",null,"M","$","?","M","?","R","M","E"],"character_chosen":"THE_SILENT","items_purchased":["Blood Vial"],"campfire_rested":2,"item_purchase_floors":[19],"current_hp_per_floor":[70,70,63,45,44,44,26,32,32,58,58,58,55,32,57,33,73,60,60,60,61,51,78,79,0],"gold":239,"neow_bonus":"TEN_PERCENT_HP_BONUS","is_prod":false,"is_daily":false,"chose_seed":false,"campfire_upgraded":1,"win_rate":0,"timestamp":1564864867,"path_taken":["M","M","?","?","?","R","E","?","T","?","?","$","M","E","R","BOSS","M","$","?","M","?","R","M","E"],"build_version":"2019-07-17","purchased_purges":1,"victory":false,"max_hp_per_floor":[77,77,77,77,77,77,77,83,83,89,89,86,86,86,86,86,86,86,86,86,86,92,92,92,92],"card_choices":[{"not_picked":["Choke","Acrobatics","Slice"],"picked":"SKIP","floor":1},{"not_picked":["Finisher","Poisoned Stab","Deadly Poison"],"picked":"SKIP","floor":2},{"not_picked":["Expertise","Blade Dance"],"picked":"Masterful Stab","floor":5},{"not_picked":["Leg Sweep","Skewer"],"picked":"Footwork","floor":7},{"not_picked":["PiercingWail","Dagger Throw"],"picked":"Backstab","floor":13},{"not_picked":["Finisher","Dagger Throw"],"picked":"Dash","floor":14},{"not_picked":["Venomology","Phantasmal Killer"],"picked":"Night Terror","floor":16},{"not_picked":["Setup","Deadly Poison","Bane"],"picked":"SKIP","floor":18},{"not_picked":["Dagger Throw+1","Bane+1"],"picked":"Heel Hook+1","floor":21},{"not_picked":["Venomology","Riddle With Holes"],"picked":"Dodge and Roll","floor":24}],"player_experience":604745,"relics_obtained":[{"floor":7,"key":"Bottled Flame"},{"floor":9,"key":"War Paint"},{"floor":14,"key":"Ice Cream"},{"floor":22,"key":"Necronomicon"}],"event_choices":[{"cards_removed":["Strike_G"],"damage_healed":0,"gold_gain":0,"player_choice":"Card Removal","damage_taken":7,"max_hp_gain":0,"max_hp_loss":0,"event_name":"Golden Wing","floor":3,"gold_loss":0},{"damage_healed":0,"gold_gain":0,"player_choice":"Success","damage_taken":18,"relics_obtained":["Darkstone Periapt"],"max_hp_gain":0,"max_hp_loss":0,"event_name":"Scrap Ooze","floor":4,"gold_loss":0},{"damage_healed":0,"gold_gain":175,"player_choice":"AGREE","damage_taken":0,"max_hp_gain":0,"max_hp_loss":0,"event_name":"Liars Game","floor":8,"gold_loss":0,"cards_obtained":["Doubt"]},{"damage_healed":20,"gold_gain":0,"player_choice":"Healed and dodged fight","damage_taken":0,"max_hp_gain":0,"max_hp_loss":0,"event_name":"Mushrooms","floor":10,"gold_loss":0,"cards_obtained":["Parasite"]},{"cards_removed":["Doubt"],"damage_healed":0,"gold_gain":0,"player_choice":"Forget","damage_taken":0,"max_hp_gain":0,"max_hp_loss":0,"event_name":"Living Wall","floor":11,"gold_loss":0},{"cards_removed":["Strike_G"],"damage_healed":0,"gold_gain":0,"player_choice":"Gave Gold","damage_taken":0,"max_hp_gain":0,"max_hp_loss":0,"event_name":"Beggar","floor":20,"gold_loss":75},{"damage_healed":0,"gold_gain":0,"player_choice":"Obtained Book","damage_taken":16,"max_hp_gain":0,"max_hp_loss":0,"event_name":"Cursed Tome","floor":22,"gold_loss":0}],"is_beta":false,"boss_relics":[{"not_picked":["Runic Dome","HoveringKite"],"picked":"Cursed Key"}],"items_purged_floors":[12],"is_endless":false,"potions_floor_spawned":[1,13,18,21],"killed_by":"Book of Stabbing","ascension_level":8}