{"gold_per_floor":[110,110,126,301,301,329,344,344,371,397,411,438,438,452,452,555,555,569,492,506,506,521,553,553,553,578,578,578,578],"floor_reached":29,"playtime":1126,"items_purged":[],"score":311,"play_id":"7091c458-439b-4afd-9352-b64d5668aa34","local_time":"20180729074507","is_ascension_mode":false,"campfire_choices":[{"data":"1","floor":13,"key":"LIFT"},{"data":"2","floor":15,"key":"LIFT"},{"data":"3","floor":24,"key":"LIFT"},{"data":"Fusion","floor":28,"key":"SMITH"}],"neow_cost":"","seed_source_timestamp":109157298418933,"circlet_count":0,"master_deck":["Defend_B+1","Defend_B+1","Defend_B","Defend_B+1","Zap","Dualcast","Beam Cell","Coolheaded","Electrodynamics","Static Discharge+1","Ball Lightning","Gash","Machine Learning","Static Discharge","Amplify","Rebound","J.A.X.","Heatsinks","Bite","Bite","Bite","Bite","Bite","Fusion+1","Gash","Glacier"],"relics":["Cracked Core","War Paint","Potion Belt","Oddly Smooth Stone","Girya","Happy Flower","White Beast Statue","Frozen Egg 2","Art of War","Bag of Marbles"],"potions_floor_usage":[6,10,16,16,23,23,23,29],"damage_taken":[{"damage":3,"enemies":"Small Slimes","floor":1,"turns":3},{"damage":0,"enemies":"Cultist","floor":3,"turns":3},{"damage":2,"enemies":"Lagavulin","floor":6,"turns":7},{"damage":6,"enemies":"Jaw Worm","floor":7,"turns":3},{"damage":7,"enemies":"Gremlin Nob","floor":10,"turns":3},{"damage":0,"enemies":"2 Fungi Beasts","floor":11,"turns":2},{"damage":0,"enemies":"3 Sentries","floor":12,"turns":2},{"damage":0,"enemies":"3 Louse","floor":14,"turns":2},{"damage":22,"enemies":"The Guardian","floor":16,"turns":9},{"damage":17,"enemies":"Shell Parasite","floor":18,"turns":4},{"damage":4,"enemies":"Spheric Guardian","floor":20,"turns":3},{"damage":30,"enemies":"Centurion and Healer","floor":22,"turns":6},{"damage":17,"enemies":"Book of Stabbing","floor":23,"turns":3},{"damage":26,"enemies":"Slavers","floor":29,"turns":1}],"seed_played":"1746088426864736709","potions_obtained":[{"floor":3,"key":"PowerPotion"},{"floor":6,"key":"AttackPotion"},{"floor":11,"key":"Energy Potion"},{"floor":12,"key":"Regen Potion"},{"floor":16,"key":"FocusPotion"},{"floor":18,"key":"EssenceOfSteel"},{"floor":20,"key":"SkillPotion"},{"floor":22,"key":"AttackPotion"},{"floor":23,"key":"Fire Potion"}],"is_trial":false,"path_per_floor":["M","?","M","?","?","E","M","?","T","E","M","E","R","M","R","B",null,"M","?","M","?","M","E","R","T","T","?","R"],"character_chosen":"DEFECT","items_purchased":[],"campfire_rested":0,"item_purchase_floors":[],"current_hp_per_floor":[72,72,72,72,72,70,64,49,49,42,42,42,42,42,42,35,75,58,58,54,52,30,17,17,17,17,17,17,0],"gold":578,"neow_bonus":"","is_prod":false,"is_daily":false,"chose_seed":false,"campfire_upgraded":1,"win_rate":0.0,"timestamp":1532843107,"path_taken":["M","?","M","?","?","E","M","?","T","E","?","E","R","M","R","BOSS","M","?","M","?","M","E","R","?","T","?","R","E"],"build_version":"2018-07-26","purchased_purges":0,"victory":false,"max_hp_per_floor":[75,75,75,75,75,75,75,75,75,75,75,75,75,75,75,75,75,75,75,75,52,52,52,52,52,52,52,52,52],"card_choices":[{"not_picked":["Compile Driver","Conserve Battery"],"picked":"Beam Cell","floor":1},{"not_picked":["Cold Snap","Aggregate"],"picked":"Coolheaded","floor":3},{"not_picked":["Creative AI","Coolheaded"],"picked":"Electrodynamics","floor":6},{"not_picked":["Coolheaded","Fusion"],"picked":"Static Discharge","floor":7},{"not_picked":["Steam","Conserve Battery"],"picked":"Ball Lightning","floor":10},{"not_picked":["Redo","Rip and Tear"],"picked":"Gash","floor":11},{"not_picked":["Turbo","Skim"],"picked":"Machine Learning","floor":12},{"not_picked":["Hologram","Darkness"],"picked":"Static Discharge","floor":14},{"not_picked":["Seek","Reboot"],"picked":"Amplify","floor":16},{"not_picked":["Static Discharge","Turbo"],"picked":"Rebound","floor":18},{"not_picked":["Double Energy","Leap+1"],"picked":"Heatsinks","floor":20},{"not_picked":["Beam Cell","Cold Snap"],"picked":"Fusion","floor":22},{"not_picked":["Stack+1","Amplify"],"picked":"Gash","floor":23}],"player_experience":86637,"relics_obtained":[{"floor":6,"key":"Potion Belt"},{"floor":9,"key":"Oddly Smooth Stone"},{"floor":10,"key":"Girya"},{"floor":12,"key":"Happy Flower"},{"floor":23,"key":"Frozen Egg 2"},{"floor":25,"key":"Art of War"},{"floor":26,"key":"Bag of Marbles"}],"event_choices":[{"event_name":"Accursed Blacksmith","player_choice":"Rummage","floor":2,"damage_taken":0},{"event_name":"Liars Game","player_choice":"agreed","floor":4,"damage_taken":0},{"event_name":"Fountain of Cleansing","player_choice":"Removed Curse","floor":5,"damage_taken":0},{"event_name":"Shining Light","player_choice":"Entered Light","floor":8,"damage_taken":0},{"event_name":"Drug Dealer","player_choice":"Got JAXXED","floor":19,"damage_taken":0},{"event_name":"Vampires","player_choice":"Became a vampire","floor":21,"damage_taken":0},{"event_name":"The Library","player_choice":"Read","floor":27,"damage_taken":0}],"is_beta":false,"boss_relics":[{"not_picked":["Runic Pyramid","Runic Dome"],"picked":"White Beast Statue"}],"items_purged_floors":[],"is_endless":false,"potions_floor_spawned":[3,6,11,12,16,18,20,22,23],"killed_by":"Slavers","ascension_level":0}