{"gold_per_floor":[110,110,123,48,60,91,104,104,129,129,154,173,191,208,208,208],"floor_reached":16,"playtime":985,"items_purged":["Strike_R"],"score":120,"play_id":"7d11995b-1967-428b-aa9a-fdb033c3056f","local_time":"20190315231200","is_ascension_mode":true,"campfire_choices":[{"data":"Bash","floor":8,"key":"SMITH"},{"floor":15,"key":"REST"}],"neow_cost":"NONE","seed_source_timestamp":35535018487191,"circlet_count":0,"master_deck":["Strike_R","Strike_R","Strike_R","Strike_R","Defend_R","Defend_R","Defend_R","Defend_R","Bash+1","Burning Pact"],"relics":["Burning Blood","Oddly Smooth Stone","Happy Flower","Strawberry","Anchor"],"potions_floor_usage":[6,11,16],"damage_taken":[{"damage":0,"enemies":"Small Slimes","floor":1,"turns":4},{"damage":6,"enemies":"Cultist","floor":3,"turns":3},{"damage":0,"enemies":"2 Louse","floor":5,"turns":3},{"damage":28,"enemies":"Gremlin Nob","floor":6,"turns":4},{"damage":15,"enemies":"Lots of Slimes","floor":7,"turns":6},{"damage":32,"enemies":"Lagavulin","floor":11,"turns":6},{"damage":2,"enemies":"Red Slaver","floor":12,"turns":3},{"damage":0,"enemies":"Gremlin Gang","floor":13,"turns":5},{"damage":6,"enemies":"Blue Slaver","floor":14,"turns":3},{"damage":76,"enemies":"Slime Boss","floor":16,"turns":12}],"seed_played":"6324740296611895961","potions_obtained":[{"floor":1,"key":"Poison Potion"},{"floor":6,"key":"Swift Potion"},{"floor":7,"key":"Weak Potion"},{"floor":12,"key":"Energy Potion"}],"is_trial":false,"path_per_floor":["M","?","M","$","M","E","M","R","T","?","E","M","M","M","R","B"],"character_chosen":"IRONCLAD","items_purchased":[],"campfire_rested":1,"item_purchase_floors":[],"current_hp_per_floor":[80,80,80,80,80,58,49,49,56,56,30,34,40,40,66,0],"gold":208,"neow_bonus":"RANDOM_COMMON_RELIC","is_prod":false,"is_daily":false,"chose_seed":false,"campfire_upgraded":1,"win_rate":0,"timestamp":1552680720,"path_taken":["M","?","M","$","?","E","?","R","T","?","E","?","M","M","R","BOSS"],"build_version":"2019-01-23","purchased_purges":1,"victory":false,"max_hp_per_floor":[80,80,80,80,80,80,80,80,87,87,87,87,87,87,87,87],"card_choices":[{"not_picked":["Inflame","Blood for Blood","True Grit"],"picked":"SKIP","floor":1},{"not_picked":["Infernal Blade","Second Wind","Armaments"],"picked":"SKIP","floor":3},{"not_picked":["Rupture","Heavy Blade","Cleave"],"picked":"SKIP","floor":5},{"not_picked":["Pommel Strike","Second Wind"],"picked":"Burning Pact","floor":6},{"not_picked":["Evolve","Clothesline","Warcry"],"picked":"SKIP","floor":7},{"not_picked":["Havoc","Sword Boomerang","Whirlwind"],"picked":"SKIP","floor":11},{"not_picked":["Sever Soul","Evolve","Sword Boomerang"],"picked":"SKIP","floor":12},{"not_picked":["Burning Pact","Perfected Strike","Anger"],"picked":"SKIP","floor":13},{"not_picked":["Body Slam","Pommel Strike","Cleave"],"picked":"SKIP","floor":14}],"player_experience":801962,"relics_obtained":[{"floor":6,"key":"Happy Flower"},{"floor":9,"key":"Strawberry"},{"floor":11,"key":"Anchor"}],"event_choices":[{"damage_healed":0,"gold_gain":0,"player_choice":"Bought 0 Potions","damage_taken":0,"max_hp_gain":0,"max_hp_loss":0,"event_name":"The Woman in Blue","floor":2,"gold_loss":0},{"damage_healed":0,"gold_gain":0,"player_choice":"Ignored","damage_taken":0,"max_hp_gain":0,"max_hp_loss":0,"event_name":"NoteForYourself","floor":10,"gold_loss":0}],"is_beta":false,"boss_relics":[],"items_purged_floors":[4],"is_endless":false,"potions_floor_spawned":[1,6,7,12],"killed_by":"Slime Boss","ascension_level":1}