{"gold_per_floor":[119,119,135,151,151,151,182,200,200,200,210,11,25,42,42,139,139,150,75,75,75,75,106,123,123,146,159,159,178,25,25,25,121,121,131,148,148,48,60,86,104,104,104,104,116,116,116,128,128,128],"floor_reached":50,"playtime":2094,"items_purged":["Strike_R","Defend_R"],"score":519,"play_id":"89c44613-668a-4eb6-badf-1aa523a9a03c","local_time":"20181216215946","is_ascension_mode":false,"campfire_choices":[{"floor":6.0,"key":"RECALL"},{"data":"Uppercut","floor":10.0,"key":"SMITH"},{"data":"Rampage","floor":15.0,"key":"SMITH"},{"data":"Whirlwind","floor":25.0,"key":"SMITH"},{"data":"Bash","floor":32.0,"key":"SMITH"},{"floor":44.0,"key":"REST"},{"floor":47,"key":"REST"},{"floor":49,"key":"REST"}],"neow_cost":"NONE","seed_source_timestamp":13505229155673,"circlet_count":0,"master_deck":["Strike_R","Strike_R","Defend_R","Defend_R","Defend_R","Bash+1","Rampage+1","Uppercut+1","Whirlwind+1","Finesse","Rage+1","Armaments"],"special_seed":0,"relics":["Burning Blood","FaceOfCleric","PreservedInsect","Nunchaku","Paper Frog","Velvet Choker","Nilry\u0027s Codex","Dream Catcher","Omamori","Potion Belt","Lizard Tail","Ice Cream","Shuriken"],"potions_floor_usage":[45],"damage_taken":[{"damage":7.0,"enemies":"Small Slimes","floor":1.0,"turns":3.0},{"damage":9.0,"enemies":"Cultist","floor":3.0,"turns":4.0},{"damage":11.0,"enemies":"Jaw Worm","floor":4.0,"turns":2.0},{"damage":34.0,"enemies":"3 Sentries","floor":7.0,"turns":12.0},{"damage":16.0,"enemies":"Blue Slaver","floor":8.0,"turns":4.0},{"damage":7.0,"enemies":"Exordium Thugs","floor":11.0,"turns":3.0},{"damage":6.0,"enemies":"2 Fungi Beasts","floor":13.0,"turns":3.0},{"damage":0.0,"enemies":"Large Slime","floor":14.0,"turns":4.0},{"damage":34.0,"enemies":"Slime Boss","floor":16.0,"turns":12.0},{"damage":0.0,"enemies":"3 Byrds","floor":18.0,"turns":4.0},{"damage":12.0,"enemies":"Book of Stabbing","floor":23.0,"turns":5.0},{"damage":19.0,"enemies":"2 Thieves","floor":24.0,"turns":4.0},{"damage":5.0,"enemies":"Chosen and Byrds","floor":27.0,"turns":4.0},{"damage":8.0,"enemies":"Cultist and Chosen","floor":29.0,"turns":5.0},{"damage":62.0,"enemies":"Automaton","floor":33.0,"turns":8.0},{"damage":14.0,"enemies":"Orb Walker","floor":35.0,"turns":3.0},{"damage":20.0,"enemies":"3 Shapes","floor":36.0,"turns":4.0},{"damage":45.0,"enemies":"Writhing Mass","floor":39.0,"turns":6.0},{"damage":27.0,"enemies":"Reptomancer","floor":40.0,"turns":3.0},{"damage":87.0,"enemies":"Sphere and 2 Shapes","floor":41.0,"turns":6.0},{"damage":27,"enemies":"3 Darklings","floor":45,"turns":4},{"damage":32,"enemies":"Jaw Worm Horde","floor":48,"turns":4},{"damage":65,"enemies":"Donu and Deca","floor":50,"turns":5}],"seed_played":"6417807999958383734","potions_obtained":[{"floor":1.0,"key":"Poison Potion"},{"floor":7.0,"key":"FearPotion"},{"floor":14.0,"key":"SpeedPotion"},{"floor":16.0,"key":"FearPotion"},{"floor":23.0,"key":"Weak Potion"},{"floor":24.0,"key":"BloodPotion"},{"floor":29.0,"key":"Strength Potion"},{"floor":35.0,"key":"LiquidBronze"},{"floor":39.0,"key":"Strength Potion"},{"floor":41.0,"key":"SpeedPotion"}],"is_trial":false,"path_per_floor":["M","?","M","M","?","R","E","M","T","R","M","$","M","M","R","B",null,"M","?","?","$","?","E","M","R","T","M","?","M","$","?","R","B",null,"M","M","?","$","M","E","M","$","T","R","M","?","R","M","R","B"],"character_chosen":"IRONCLAD","items_purchased":["Whirlwind","Finesse","Omamori"],"campfire_rested":3,"item_purchase_floors":[12,12,30],"current_hp_per_floor":[87,87,85,81,78,78,51,42,42,42,42,42,43,50,50,23,96,97,97,81,81,81,76,64,64,64,66,99,98,98,98,98,43,102,95,82,82,82,44,24,10,10,10,42,22,22,54,29,61,0],"gold":128,"neow_bonus":"TEN_PERCENT_HP_BONUS","is_prod":false,"is_daily":false,"chose_seed":false,"campfire_upgraded":4,"win_rate":0,"timestamp":1545026386,"path_taken":["M","?","?","M","?","R","E","M","T","R","M","$","M","M","R","BOSS","M","?","?","$","?","E","M","R","T","?","?","M","$","?","R","BOSS","M","M","?","?","M","E","M","$","T","R","M","?","R","M","R","BOSS"],"build_version":"2018-12-13","purchased_purges":2,"victory":false,"max_hp_per_floor":[88,88,89,90,90,90,91,92,92,92,93,93,94,95,95,96,96,97,97,97,97,97,98,99,99,99,100,100,101,101,101,101,102,102,103,104,104,104,105,106,107,107,107,107,108,108,108,109,109,109],"card_choices":[{"not_picked":["Intimidate","Battle Trance","Headbutt"],"picked":"SKIP","floor":1.0},{"not_picked":["Pommel Strike","Warcry","Shockwave"],"picked":"SKIP","floor":3.0},{"not_picked":["Sword Boomerang","Clothesline","Power Through"],"picked":"SKIP","floor":4.0},{"not_picked":["Intimidate","Clash"],"picked":"Rampage","floor":7.0},{"not_picked":["Anger","Combust"],"picked":"Uppercut","floor":8.0},{"not_picked":["Flame Barrier","Juggernaut","Flex"],"picked":"SKIP","floor":11.0},{"not_picked":["Armaments","Twin Strike","Clash"],"picked":"SKIP","floor":13.0},{"not_picked":["Wild Strike","Power Through","Thunderclap"],"picked":"SKIP","floor":14.0},{"not_picked":["Intimidate","Armaments","Havoc+1"],"picked":"SKIP","floor":18.0},{"not_picked":["Reckless Charge","Bloodletting","Inflame"],"picked":"SKIP","floor":23.0},{"not_picked":["Body Slam","Clothesline","Reckless Charge+1"],"picked":"SKIP","floor":24.0},{"not_picked":["True Grit+1","Armaments","Bloodletting"],"picked":"SKIP","floor":27.0},{"not_picked":["Reckless Charge+1","Body Slam","Limit Break"],"picked":"SKIP","floor":29.0},{"not_picked":["Second Wind+1","Bloodletting","Havoc+1"],"picked":"SKIP","floor":35.0},{"not_picked":["Sentinel+1","Metallicize+1","Whirlwind+1"],"picked":"SKIP","floor":36.0},{"not_picked":["Second Wind","Warcry","Body Slam"],"picked":"SKIP","floor":39.0},{"not_picked":["Sword Boomerang+1","Armaments","Twin Strike+1"],"picked":"SKIP","floor":40.0},{"not_picked":["Metallicize+1","Sword Boomerang","Barricade"],"picked":"SKIP","floor":41.0},{"not_picked":["Corruption","Carnage"],"picked":"Rage+1","floor":45},{"not_picked":["Battle Trance+1","Wild Strike+1","Infernal Blade"],"picked":"SKIP","floor":48},{"not_picked":["Battle Trance","Cleave+1"],"picked":"Armaments","floor":49}],"player_experience":520304,"relics_obtained":[{"floor":7.0,"key":"Nunchaku"},{"floor":9.0,"key":"Paper Frog"},{"floor":20.0,"key":"Nilry\u0027s Codex"},{"floor":23.0,"key":"Dream Catcher"},{"floor":40.0,"key":"Ice Cream"},{"floor":43.0,"key":"Shuriken"}],"event_choices":[{"damage_healed":0.0,"max_hp_gain":0.0,"max_hp_loss":0.0,"gold_gain":0.0,"event_name":"FaceTrader","player_choice":"Trade","floor":2.0,"gold_loss":0.0,"damage_taken":0.0,"relics_obtained":["FaceOfCleric"]},{"damage_healed":0.0,"max_hp_gain":0.0,"max_hp_loss":0.0,"gold_gain":0.0,"event_name":"Scrap Ooze","player_choice":"Success","floor":5.0,"gold_loss":0.0,"damage_taken":3.0,"relics_obtained":["PreservedInsect"]},{"cards_removed":["Strike_R"],"damage_healed":0.0,"max_hp_gain":0.0,"max_hp_loss":0.0,"gold_gain":0.0,"event_name":"Beggar","player_choice":"Gave Gold","floor":19.0,"gold_loss":75.0,"damage_taken":0.0},{"damage_healed":0.0,"max_hp_gain":0.0,"max_hp_loss":0.0,"gold_gain":0.0,"event_name":"Cursed Tome","player_choice":"Obtained Book","floor":20.0,"gold_loss":0.0,"damage_taken":16.0},{"damage_healed":33.0,"max_hp_gain":0.0,"max_hp_loss":0.0,"gold_gain":0.0,"event_name":"The Library","player_choice":"Heal","floor":28.0,"gold_loss":0.0,"damage_taken":0.0},{"damage_healed":0.0,"max_hp_gain":0.0,"max_hp_loss":0.0,"gold_gain":0.0,"event_name":"The Mausoleum","player_choice":"Opened","floor":31.0,"gold_loss":0.0,"damage_taken":0.0,"relics_obtained":["Potion Belt"]},{"cards_removed":["Strike_R"],"damage_healed":0.0,"max_hp_gain":0.0,"max_hp_loss":0.0,"gold_gain":0.0,"event_name":"Bonfire Elementals","player_choice":"Offered Basic","floor":37.0,"gold_loss":0.0,"damage_taken":0.0},{"damage_healed":0,"gold_gain":0,"player_choice":"Ignored","damage_taken":0,"max_hp_gain":0,"max_hp_loss":0,"event_name":"The Moai Head","floor":46,"gold_loss":0}],"is_beta":false,"boss_relics":[{"not_picked":["Ectoplasm","Tiny House"],"picked":"Velvet Choker"},{"not_picked":["Astrolabe","Snecko Eye"],"picked":"Lizard Tail"}],"items_purged_floors":[12,38],"is_endless":false,"potions_floor_spawned":[1,7,14,16,23,24,29,35,39,41],"killed_by":"Donu and Deca","ascension_level":0}