{"gold_per_floor":[112,124,76,86,86,86,261,286,286,38,56,86,86,130,130,256,256,279,204,223,74,74,74,108,121,121,121,121,121,147,158,158,253,253,267,283,383,383,213,213,246,246],"floor_reached":42,"playtime":2383,"items_purged":["Doubt","Strike_B"],"score":624,"play_id":"83837610-04d8-4c51-9635-7974fd61dc1b","local_time":"20190803120415","is_ascension_mode":true,"campfire_choices":[{"floor":6,"key":"REST"},{"floor":15,"key":"REST"},{"data":"Glacier","floor":23,"key":"SMITH"},{"floor":27,"key":"REST"},{"floor":32,"key":"REST"},{"floor":40,"key":"REST"}],"neow_cost":"PERCENT_DAMAGE","seed_source_timestamp":132072231440429,"circlet_count":0,"master_deck":["Strike_B","Strike_B","Strike_B","Defend_B","Defend_B","Defend_B","Defend_B","Zap","Dualcast","Sunder","Cold Snap","Capacitor","Gash","Gash","Glacier+1","Multi-Cast","Chill","Defragment","Machine Learning","Ball Lightning","Defragment","Loop","Compile Driver"],"relics":["Cracked Core","Emotion Chip","Bloody Idol","Shuriken","Kunai","Meat on the Bone","Sozu","Bronze Scales","Regal Pillow","Anchor","MutagenicStrength","Mummified Hand","Empty Cage","Ice Cream","StoneCalendar"],"potions_floor_usage":[11,16,18],"damage_taken":[{"damage":2,"enemies":"Jaw Worm","floor":1,"turns":3},{"damage":5,"enemies":"Small Slimes","floor":2,"turns":2},{"damage":0,"enemies":"2 Louse","floor":4,"turns":1},{"damage":29,"enemies":"Exordium Thugs","floor":8,"turns":7},{"damage":5,"enemies":"Looter","floor":11,"turns":3},{"damage":14,"enemies":"3 Sentries","floor":14,"turns":6},{"damage":36,"enemies":"The Guardian","floor":16,"turns":12},{"damage":4,"enemies":"Spheric Guardian","floor":18,"turns":5},{"damage":16,"enemies":"Chosen","floor":20,"turns":6},{"damage":28,"enemies":"Slavers","floor":24,"turns":8},{"damage":20,"enemies":"Sentry and Sphere","floor":25,"turns":6},{"damage":20,"enemies":"Book of Stabbing","floor":30,"turns":8},{"damage":12,"enemies":"Snake Plant","floor":31,"turns":4},{"damage":50,"enemies":"Collector","floor":33,"turns":14},{"damage":15,"enemies":"Orb Walker","floor":35,"turns":4},{"damage":15,"enemies":"3 Shapes","floor":36,"turns":6},{"damage":1,"enemies":"Mind Bloom Boss Battle","floor":37,"turns":10},{"damage":79,"enemies":"Nemesis","floor":41,"turns":7},{"damage":37,"enemies":"Writhing Mass","floor":42,"turns":3}],"seed_played":"2228670730820993298","potions_obtained":[{"floor":8,"key":"FearPotion"},{"floor":11,"key":"Strength Potion"},{"floor":16,"key":"Fruit Juice"}],"is_trial":false,"path_per_floor":["M","M","$","M","?","R","?","M","T","$","M","?","?","E","R","B",null,"M","$","M","$","?","R","E","M","T","R","?","?","E","M","R","B",null,"M","M","?","?","$","R","E","M"],"character_chosen":"DEFECT","items_purchased":["Cold Snap","Kunai","Bronze Scales","Loop"],"campfire_rested":5,"item_purchase_floors":[3,10,21,39],"current_hp_per_floor":[48,43,43,43,43,65,65,36,36,36,31,31,56,42,64,40,66,67,67,51,51,51,51,40,37,37,76,76,76,61,54,80,47,72,62,52,56,56,56,80,18,0],"gold":246,"neow_bonus":"ONE_RARE_RELIC","is_prod":false,"is_daily":false,"chose_seed":false,"campfire_upgraded":1,"win_rate":0,"timestamp":1564851855,"path_taken":["M","M","$","M","?","R","?","M","T","$","M","?","?","E","R","BOSS","M","$","M","$","?","R","E","M","T","R","?","?","E","M","R","BOSS","M","M","?","?","$","R","E","M"],"build_version":"2019-07-17","purchased_purges":2,"victory":false,"max_hp_per_floor":[75,75,75,75,75,75,75,75,75,75,75,75,75,75,75,75,75,80,80,80,80,80,80,80,80,80,80,80,80,80,80,80,80,80,80,80,80,80,80,80,80,80],"card_choices":[{"not_picked":["Conserve Battery","Barrage"],"picked":"Sunder","floor":1},{"not_picked":["Leap","Barrage","Rebound"],"picked":"SKIP","floor":2},{"not_picked":["Cold Snap","Auto Shields"],"picked":"Capacitor","floor":4},{"not_picked":["Cold Snap","Melter"],"picked":"Gash","floor":8},{"not_picked":["Sweeping Beam","Go for the Eyes"],"picked":"Gash","floor":11},{"not_picked":["Consume","Coolheaded"],"picked":"Glacier","floor":14},{"not_picked":["Amplify","Thunder Strike"],"picked":"Multi-Cast","floor":16},{"not_picked":["Force Field+1","Barrage"],"picked":"Chill","floor":18},{"not_picked":["Chaos","Streamline","Blizzard"],"picked":"SKIP","floor":20},{"not_picked":["Hologram","Cold Snap","Recycle"],"picked":"SKIP","floor":24},{"not_picked":["Steam","Redo"],"picked":"Defragment","floor":25},{"not_picked":["Stack","Beam Cell","Rebound+1"],"picked":"SKIP","floor":30},{"not_picked":["Barrage","Meteor Strike","Rip and Tear+1"],"picked":"SKIP","floor":31},{"not_picked":["All For One","Fission"],"picked":"Machine Learning","floor":33},{"not_picked":["FTL","Leap"],"picked":"Ball Lightning","floor":35},{"not_picked":["Rebound+1","Gash+1","Streamline+1"],"picked":"SKIP","floor":36},{"not_picked":["Redo","FTL+1"],"picked":"Defragment","floor":37},{"not_picked":["Redo","Coolheaded+1"],"picked":"Compile Driver","floor":41}],"player_experience":602085,"relics_obtained":[{"floor":9,"key":"Shuriken"},{"floor":14,"key":"Meat on the Bone"},{"floor":24,"key":"Regal Pillow"},{"floor":26,"key":"Anchor"},{"floor":30,"key":"Mummified Hand"},{"floor":37,"key":"Ice Cream"},{"floor":41,"key":"StoneCalendar"}],"event_choices":[{"damage_healed":0,"gold_gain":0,"player_choice":"Take Wound","damage_taken":0,"relics_obtained":["Golden Idol"],"max_hp_gain":0,"max_hp_loss":0,"event_name":"Golden Idol","floor":5,"gold_loss":0,"cards_obtained":["Injury"]},{"damage_healed":0,"gold_gain":175,"player_choice":"AGREE","damage_taken":0,"max_hp_gain":0,"max_hp_loss":0,"event_name":"Liars Game","floor":7,"gold_loss":0,"cards_obtained":["Doubt"]},{"damage_healed":0,"gold_gain":30,"player_choice":"Searched \u00271\u0027 times","damage_taken":0,"max_hp_gain":0,"max_hp_loss":0,"event_name":"Dead Adventurer","floor":12,"gold_loss":0},{"damage_healed":25,"gold_gain":0,"player_choice":"Banana","damage_taken":0,"max_hp_gain":0,"max_hp_loss":0,"event_name":"Big Fish","floor":13,"gold_loss":0},{"damage_healed":0,"gold_gain":0,"player_choice":"Gave Idol","damage_taken":0,"relics_obtained":["Bloody Idol"],"max_hp_gain":0,"max_hp_loss":0,"event_name":"Forgotten Altar","floor":22,"relics_lost":["Golden Idol"],"gold_loss":0},{"damage_healed":0,"gold_gain":0,"player_choice":"Inject Mutagens","damage_taken":0,"relics_obtained":["MutagenicStrength"],"max_hp_gain":0,"max_hp_loss":0,"event_name":"Drug Dealer","floor":28,"gold_loss":0},{"damage_healed":0,"gold_gain":0,"player_choice":"1 cards matched","damage_taken":0,"max_hp_gain":0,"max_hp_loss":0,"event_name":"Match and Keep!","floor":29,"gold_loss":0,"cards_obtained":["Injury"]},{"damage_healed":0,"gold_gain":0,"player_choice":"Fight","damage_taken":0,"max_hp_gain":0,"max_hp_loss":0,"event_name":"MindBloom","floor":37,"gold_loss":0},{"damage_healed":0,"gold_gain":0,"player_choice":"Ignored","damage_taken":0,"max_hp_gain":0,"max_hp_loss":0,"event_name":"SecretPortal","floor":38,"gold_loss":0}],"is_beta":false,"boss_relics":[{"not_picked":["Tiny House","Calling Bell"],"picked":"Sozu"},{"not_picked":["Velvet Choker","White Beast Statue"],"picked":"Empty Cage"}],"items_purged_floors":[19,39],"is_endless":false,"potions_floor_spawned":[8,11,16,20,24,36,37,41],"killed_by":"Writhing Mass","ascension_level":7}