{"gold_per_floor":[16,29,45,65,85,85,10,10,10,10,10,30,30,46,46,141,141,153,173,193,193,112,112,123,123,150,160,160,160,173,186,186,186],"floor_reached":33,"playtime":7406,"items_purged":["Strike_R"],"score":268,"play_id":"169606bc-15cd-4543-86cd-49480881838d","local_time":"20190805211510","is_ascension_mode":false,"campfire_choices":[{"data":"Flame Barrier","floor":6,"key":"SMITH"},{"data":"Rage","floor":8,"key":"SMITH"},{"data":"Iron Wave","floor":10,"key":"SMITH"},{"floor":15,"key":"REST"},{"floor":23,"key":"REST"},{"floor":25,"key":"REST"},{"floor":29,"key":"REST"},{"floor":32,"key":"REST"}],"neow_cost":"NO_GOLD","seed_source_timestamp":0,"circlet_count":0,"master_deck":["Strike_R","Strike_R","Strike_R+1","Strike_R+1","Defend_R","Defend_R","Defend_R","Defend_R","Bash","Juggernaut","Shrug It Off","Rage+1","Iron Wave+1","Flame Barrier+1","Reaper","Armaments","Armaments","Feed","Infernal Blade","Infernal Blade+1","Clothesline+1","Corruption","Shrug It Off","Shockwave","RitualDagger","Carnage","Armaments"],"special_seed":0,"relics":["Burning Blood","Nunchaku","CultistMask","Black Star","Bronze Scales"],"potions_floor_usage":[16,18,19,27,30,31],"damage_taken":[{"damage":7,"enemies":"2 Louse","floor":1,"turns":3},{"damage":1,"enemies":"Cultist","floor":2,"turns":4},{"damage":3,"enemies":"Jaw Worm","floor":3,"turns":4},{"damage":5,"enemies":"Looter","floor":4,"turns":4},{"damage":24,"enemies":"Gremlin Gang","floor":5,"turns":6},{"damage":4,"enemies":"3 Louse","floor":12,"turns":3},{"damage":0,"enemies":"Large Slime","floor":14,"turns":5},{"damage":52,"enemies":"Hexaghost","floor":16,"turns":13},{"damage":18,"enemies":"Spheric Guardian","floor":18,"turns":6},{"damage":22,"enemies":"3 Byrds","floor":19,"turns":5},{"damage":12,"enemies":"Centurion and Healer","floor":20,"turns":10},{"damage":61,"enemies":"3 Cultists","floor":24,"turns":7},{"damage":22,"enemies":"Cultist and Chosen","floor":27,"turns":7},{"damage":28,"enemies":"Snake Plant","floor":30,"turns":5},{"damage":14,"enemies":"Centurion and Healer","floor":31,"turns":10},{"damage":77,"enemies":"Automaton","floor":33,"turns":6}],"seed_played":"-5438218842568268504","potions_obtained":[{"floor":1,"key":"SmokeBomb"},{"floor":3,"key":"SpeedPotion"},{"floor":4,"key":"Energy Potion"},{"floor":14,"key":"Explosive Potion"},{"floor":20,"key":"FearPotion"},{"floor":24,"key":"LiquidBronze"},{"floor":30,"key":"Poison Potion"}],"is_trial":false,"path_per_floor":["M","M","M","M","M","R","$","R","T","R","?","M","?","M","R","B",null,"M","M","M","?","$","R","M","R","T","M","?","R","M","M","R","B"],"character_chosen":"IRONCLAD","items_purchased":["Corruption"],"campfire_rested":5,"item_purchase_floors":[22],"current_hp_per_floor":[79,80,80,80,62,62,62,62,62,62,46,48,48,54,78,32,80,71,61,58,41,41,68,28,56,56,43,37,66,44,39,69,0],"gold":186,"neow_bonus":"THREE_RARE_CARDS","is_prod":false,"is_daily":false,"chose_seed":false,"campfire_upgraded":3,"win_rate":0.0,"timestamp":1565054110,"path_taken":["M","M","M","M","M","R","$","R","T","R","?","M","?","?","R","BOSS","M","M","M","?","$","R","M","R","T","M","?","R","M","M","R","BOSS"],"build_version":"2019-07-17","purchased_purges":1,"victory":false,"max_hp_per_floor":[80,80,80,80,80,80,80,80,80,80,80,80,80,80,80,80,80,83,83,86,91,91,91,94,94,94,97,97,97,97,100,100,100],"card_choices":[{"not_picked":["Fiend Fire","Demon Form"],"picked":"Juggernaut","floor":0},{"not_picked":["Sever Soul","Uppercut"],"picked":"Shrug It Off","floor":1},{"not_picked":["Clash","Blood for Blood"],"picked":"Rage","floor":2},{"not_picked":["Flex","Pommel Strike"],"picked":"Iron Wave","floor":3},{"not_picked":["Body Slam","Armaments"],"picked":"Flame Barrier","floor":4},{"not_picked":["Metallicize","Cleave"],"picked":"Reaper","floor":5},{"not_picked":["Twin Strike","Blood for Blood"],"picked":"Armaments","floor":12},{"not_picked":["Body Slam","Warcry"],"picked":"Armaments","floor":14},{"not_picked":["Impervious","Berserk"],"picked":"Feed","floor":16},{"not_picked":["Warcry","Pommel Strike"],"picked":"Infernal Blade","floor":18},{"not_picked":["Rampage","Rage+1"],"picked":"Infernal Blade+1","floor":19},{"not_picked":["Dual Wield","Combust+1"],"picked":"Clothesline+1","floor":20},{"not_picked":["Pommel Strike","Anger+1"],"picked":"Shrug It Off","floor":24},{"not_picked":["Iron Wave","Reckless Charge+1"],"picked":"Shockwave","floor":27},{"not_picked":["Anger","Offering"],"picked":"Carnage","floor":30},{"not_picked":["Anger","Headbutt"],"picked":"Armaments","floor":31}],"player_experience":6882,"relics_obtained":[{"floor":9,"key":"Nunchaku"},{"floor":26,"key":"Bronze Scales"}],"event_choices":[{"damage_healed":0,"gold_gain":0,"player_choice":"Entered Light","damage_taken":16,"max_hp_gain":0,"max_hp_loss":0,"event_name":"Shining Light","floor":11,"gold_loss":0,"cards_upgraded":["Strike_R","Strike_R"]},{"damage_healed":0,"gold_gain":0,"player_choice":"Trade","damage_taken":0,"relics_obtained":["CultistMask"],"max_hp_gain":0,"max_hp_loss":0,"event_name":"FaceTrader","floor":13,"gold_loss":0},{"damage_healed":0,"gold_gain":0,"player_choice":"Shed Blood","damage_taken":22,"max_hp_gain":5,"max_hp_loss":0,"event_name":"Forgotten Altar","floor":21,"gold_loss":0},{"damage_healed":0,"gold_gain":0,"player_choice":"Joined the Cult","damage_taken":6,"max_hp_gain":0,"max_hp_loss":0,"event_name":"Nest","floor":28,"gold_loss":0,"cards_obtained":["RitualDagger"]}],"is_beta":false,"boss_relics":[{"not_picked":["Runic Dome","Ectoplasm"],"picked":"Black Star"}],"items_purged_floors":[7],"is_endless":false,"potions_floor_spawned":[1,3,4,14,20,24,30],"killed_by":"Automaton","ascension_level":0}