{"gold_per_floor":[113,113,2,21,34,34,62,78,78,93,93,109,109,134,134,236,236,250,260,278,278,293,324,344,363,388,388,388,406,423,435,435,534,534,544,389,389,1,0,30,30,130,182,215,234,259,259,275,275,275,275,275,20,49,49],"floor_reached":55,"playtime":3092,"items_purged":["Strike_R","Regret"],"score":799,"play_id":"9475a3b8-bf82-4fc1-b751-550945c7a10a","local_time":"20190106142431","is_ascension_mode":true,"campfire_choices":[{"data":"Flex","floor":6.0,"key":"SMITH"},{"data":"Bash","floor":11.0,"key":"SMITH"},{"data":"Defend_R","floor":13.0,"key":"PURGE"},{"data":"Juggernaut","floor":15.0,"key":"SMITH"},{"data":"Demon Form","floor":28.0,"key":"SMITH"},{"data":"Defend_R","floor":32.0,"key":"PURGE"},{"floor":41.0,"key":"REST"},{"floor":47.0,"key":"RECALL"},{"data":"Pommel Strike","floor":49.0,"key":"SMITH"},{"data":"Shrug It Off","floor":52.0,"key":"SMITH"}],"neow_cost":"NONE","seed_source_timestamp":3316832450165,"circlet_count":0,"master_deck":["Strike_R","Strike_R+1","Strike_R","Strike_R+1","Defend_R","Defend_R+1","Bash+1","True Grit+1","True Grit+1","Flex+1","Shrug It Off+1","Pommel Strike+1","Shrug It Off","Juggernaut+1","Demon Form+1","Shrug It Off+1","ReplayTheSpireMod:Limb From Limb+1","Battle Trance+1","ReplayTheSpireMod:Stacked+1","Pummel+1","Body Slam+1","Limit Break+1","Inflame","Heavy Blade+1","Sword Boomerang+1","ReplayTheSpireMod:IOU","Barricade","Clothesline"],"special_seed":0,"relics":["Burning Blood","NeowsBlessing","Garlic","Thread and Needle","Peace Pipe","Whetstone","Replay:Bronze Core","War Paint","Ancient Tea Set","ReplayTheSpireMod:TigerMarble","Cursed Key","Guide Book","Calipers","Red Mask","Pet Ghost","Turnip","ReplayTheSpireMod:Spearhead","Centennial Puzzle","Red Skull"],"potions_floor_usage":[55,55],"damage_taken":[{"damage":0.0,"enemies":"Small Slimes","floor":1.0,"turns":1.0},{"damage":0.0,"enemies":"Cultist","floor":4.0,"turns":1.0},{"damage":0.0,"enemies":"Jaw Worm","floor":5.0,"turns":1.0},{"damage":49.0,"enemies":"Lagavulin","floor":7.0,"turns":12.0},{"damage":0.0,"enemies":"3 Louse","floor":8.0,"turns":4.0},{"damage":0.0,"enemies":"Looter","floor":10.0,"turns":4.0},{"damage":0.0,"enemies":"Lots of Slimes","floor":12.0,"turns":5.0},{"damage":8.0,"enemies":"Gremlin Nob","floor":14.0,"turns":4.0},{"damage":6.0,"enemies":"Hexaghost","floor":16.0,"turns":8.0},{"damage":11.0,"enemies":"Spheric Guardian","floor":18.0,"turns":9.0},{"damage":17.0,"enemies":"Chosen","floor":19.0,"turns":8.0},{"damage":0.0,"enemies":"Shelled Parasite and Fungi","floor":20.0,"turns":7.0},{"damage":2.0,"enemies":"Snake Plant","floor":22.0,"turns":5.0},{"damage":5.0,"enemies":"Book of Stabbing","floor":23.0,"turns":5.0},{"damage":13.0,"enemies":"Snecko","floor":24.0,"turns":5.0},{"damage":0.0,"enemies":"3 Cultists","floor":25.0,"turns":5.0},{"damage":0.0,"enemies":"Centurion and Healer","floor":29.0,"turns":5.0},{"damage":0.0,"enemies":"Snecko","floor":30.0,"turns":4.0},{"damage":1.0,"enemies":"3 Cultists","floor":31.0,"turns":5.0},{"damage":36.0,"enemies":"Automaton","floor":33.0,"turns":9.0},{"damage":26.0,"enemies":"3 Darklings","floor":35.0,"turns":6.0},{"damage":18.0,"enemies":"Reptomancer","floor":40.0,"turns":6.0},{"damage":2.0,"enemies":"Mind Bloom Boss Battle","floor":42.0,"turns":5.0},{"damage":0.0,"enemies":"Giant Head","floor":44.0,"turns":6.0},{"damage":0.0,"enemies":"3 Shapes","floor":45.0,"turns":5.0},{"damage":0.0,"enemies":"Sphere and 2 Shapes","floor":48.0,"turns":7.0},{"damage":32.0,"enemies":"Awakened One","floor":50.0,"turns":10.0},{"damage":4.0,"enemies":"Shield and Spear","floor":54.0,"turns":7.0},{"damage":81,"enemies":"The Heart","floor":55,"turns":8}],"seed_played":"-4756775236377041436","potions_obtained":[{"floor":4.0,"key":"SkillPotion"},{"floor":5.0,"key":"Energy Potion"},{"floor":14.0,"key":"SkillPotion"},{"floor":19.0,"key":"Explosive Potion"},{"floor":27.0,"key":"Cursed Concoction"},{"floor":33.0,"key":"AttackPotion"},{"floor":40.0,"key":"Dexterity Potion"},{"floor":48.0,"key":"Toxic Potion"},{"floor":54.0,"key":"Energy Potion"}],"is_trial":false,"path_per_floor":["M","?","$","M","M","R","E","M","T","M","R","M","R","E","R","B",null,"M","M","M","?","M","E","M","M","T","?","R","M","M","M","R","B",null,"M","$","?","$","?","E","R","?","T","E","M","T","R","M","R","B",null,"R","$","E","B"],"character_chosen":"IRONCLAD","items_purchased":["True Grit","Guide Book","Inflame","Calipers","Barricade"],"campfire_rested":1,"item_purchase_floors":[3,36,38,38,53],"current_hp_per_floor":[80,80,80,80,80,80,37,43,43,49,49,55,55,53,53,53,80,75,64,70,70,74,75,68,74,74,74,74,80,80,80,80,50,80,60,60,60,60,60,48,70,74,74,76,76,76,76,76,76,50,76,76,76,76,0],"gold":49,"neow_bonus":"THREE_ENEMY_KILL","is_prod":false,"is_daily":false,"chose_seed":false,"campfire_upgraded":6,"win_rate":0,"timestamp":1546773871,"path_taken":["M","?","$","M","M","R","E","M","T","?","R","M","R","E","R","BOSS","M","?","M","?","M","E","M","M","T","?","R","M","M","M","R","BOSS","M","?","?","$","?","E","R","?","T","E","M","?","R","M","R","BOSS","R","$","E","BOSS"],"build_version":"2019-01-03v4","purchased_purges":2,"victory":false,"max_hp_per_floor":[80,80,80,80,80,80,80,80,80,80,80,80,80,80,80,80,80,80,80,80,80,80,80,80,80,80,80,80,80,80,80,80,80,80,80,80,76,76,76,76,76,76,76,76,76,76,76,76,76,76,76,76,76,76,76],"card_choices":[{"not_picked":["Anger","Combust"],"picked":"True Grit","floor":1.0},{"not_picked":["Iron Wave","Havoc"],"picked":"Flex","floor":4.0},{"not_picked":["Twin Strike","Corruption"],"picked":"Shrug It Off","floor":5.0},{"not_picked":["Infernal Blade","Wild Strike"],"picked":"Pommel Strike","floor":7.0},{"not_picked":["Thunderclap","Rage","Body Slam"],"picked":"SKIP","floor":8.0},{"not_picked":["Fire Breathing","Cleave"],"picked":"Shrug It Off","floor":10.0},{"not_picked":["Pommel Strike","Intimidate","Havoc"],"picked":"SKIP","floor":12.0},{"not_picked":["ReplayTheSpireMod:Muscle Training","Wild Strike"],"picked":"Juggernaut","floor":14.0},{"not_picked":["Impervious","Fiend Fire"],"picked":"Demon Form","floor":16.0},{"not_picked":["Anger","Headbutt"],"picked":"Shrug It Off+1","floor":18.0},{"not_picked":["ReplayTheSpireMod:Strike From Hell","Second Wind"],"picked":"ReplayTheSpireMod:Limb From Limb+1","floor":19.0},{"not_picked":["Infernal Blade","Pommel Strike","Wild Strike+1"],"picked":"SKIP","floor":20.0},{"not_picked":["Body Slam","Sever Soul+1"],"picked":"Battle Trance+1","floor":22.0},{"not_picked":["Run Through","Replay:Many Hands","Warcry"],"picked":"SKIP","floor":23.0},{"not_picked":["Warcry","Pommel Strike+1"],"picked":"ReplayTheSpireMod:Stacked+1","floor":24.0},{"not_picked":["ReplayTheSpireMod:LeadingStrike","Burning Pact+1","Shrug It Off"],"picked":"SKIP","floor":25.0},{"not_picked":["Thunderclap+1","Fire Breathing","Replay:Undeath\u0027s Touch"],"picked":"SKIP","floor":29.0},{"not_picked":["Dual Wield+1","True Grit"],"picked":"Pummel+1","floor":30.0},{"not_picked":["Sever Soul","ReplayReversal"],"picked":"Body Slam+1","floor":31.0},{"not_picked":["Juggernaut","Dark Embrace"],"picked":"Limit Break","floor":33.0},{"not_picked":["Pommel Strike+1","Pummel","Headbutt"],"picked":"SKIP","floor":35.0},{"not_picked":["Wild Strike","Perfected Strike"],"picked":"Heavy Blade+1","floor":40.0},{"not_picked":["Reckless Charge+1","Twin Strike+1"],"picked":"Sword Boomerang+1","floor":42.0},{"not_picked":["Power Through+1","Dual Wield","Rupture"],"picked":"SKIP","floor":44.0},{"not_picked":["Thunderclap","Perfected Strike+1","Corruption"],"picked":"SKIP","floor":45.0},{"not_picked":["Massacre+1","Intimidate","Life Link+1"],"picked":"SKIP","floor":48.0},{"not_picked":["Replay:Undeath\u0027s Touch+1","Uppercut"],"picked":"Clothesline","floor":54.0}],"player_experience":655312,"relics_obtained":[{"floor":7.0,"key":"Thread and Needle"},{"floor":9.0,"key":"Peace Pipe"},{"floor":14.0,"key":"Whetstone"},{"floor":23.0,"key":"Ancient Tea Set"},{"floor":26.0,"key":"ReplayTheSpireMod:TigerMarble"},{"floor":40.0,"key":"Pet Ghost"},{"floor":42.0,"key":"Turnip"},{"floor":43.0,"key":"ReplayTheSpireMod:Spearhead"},{"floor":44.0,"key":"Centennial Puzzle"},{"floor":54.0,"key":"Red Skull"}],"event_choices":[{"cards_removed":["True Grit"],"damage_healed":0.0,"max_hp_gain":0.0,"max_hp_loss":0.0,"gold_gain":0.0,"event_name":"WeMeetAgain","player_choice":"Gave Card","floor":2.0,"gold_loss":0.0,"damage_taken":0.0,"relics_obtained":["Garlic"]},{"damage_healed":0.0,"max_hp_gain":0.0,"max_hp_loss":0.0,"gold_gain":0.0,"event_name":"Lab","player_choice":"Got Potions","floor":27.0,"gold_loss":0.0,"damage_taken":0.0},{"damage_healed":0.0,"max_hp_gain":0.0,"max_hp_loss":4.0,"gold_gain":0.0,"event_name":"Winding Halls","player_choice":"Max HP","floor":37.0,"gold_loss":0.0,"damage_taken":0.0},{"damage_healed":0.0,"max_hp_gain":0.0,"max_hp_loss":0.0,"gold_gain":0.0,"event_name":"Tomb of Lord Red Mask","player_choice":"Paid","floor":39.0,"gold_loss":1.0,"damage_taken":0.0,"relics_obtained":["Red Mask"]},{"damage_healed":0.0,"max_hp_gain":0.0,"max_hp_loss":0.0,"gold_gain":0.0,"event_name":"MindBloom","player_choice":"Fight","floor":42.0,"gold_loss":0.0,"damage_taken":0.0}],"is_beta":false,"boss_relics":[{"not_picked":["Fusion Hammer","Orrery"],"picked":"Replay:Bronze Core"},{"not_picked":["Black Star","Electric Blood"],"picked":"Cursed Key"}],"items_purged_floors":[3,53],"is_endless":false,"potions_floor_spawned":[4,5,14,19,22,24,25,33,40,42,45,48,54],"killed_by":"The Heart","ascension_level":1}