{"gold_per_floor":[99,99,99,99,99,99,99,99,99,99,99,99,99,79,79,79,79,79,79],"floor_reached":19,"playtime":560,"items_purged":[],"score":313,"play_id":"b9ea273d-22cf-48ed-a860-87b302a1c8b0","local_time":"20180925210224","is_ascension_mode":true,"campfire_choices":[{"data":"Streamline","floor":8,"key":"SMITH"},{"data":"Zap","floor":10,"key":"SMITH"},{"data":"Sweeping Beam","floor":13,"key":"SMITH"},{"data":"Rip and Tear","floor":15,"key":"SMITH"}],"neow_cost":"NONE","seed_source_timestamp":33703655559349,"circlet_count":0,"master_deck":["Strike_B","Strike_B","Strike_B","Strike_B","Defend_B","Defend_B","Defend_B","Defend_B","Zap+1","Dualcast","AscendersBane","Sweeping Beam+1","Auto Shields","Streamline+1","Conserve Battery","Rip and Tear+1","Genetic Algorithm","Biased Cognition","BootSequence"],"special_seed":0,"relics":["Ectoplasm","StoneCalendar","Cables","Eternal Feather"],"potions_floor_usage":[16,16],"damage_taken":[{"damage":0.0,"enemies":"2 Louse","floor":1.0,"turns":4.0},{"damage":4.0,"enemies":"Jaw Worm","floor":2.0,"turns":3.0},{"damage":9.0,"enemies":"3 Sentries","floor":6.0,"turns":9.0},{"damage":7,"enemies":"Small Slimes","floor":7,"turns":2},{"damage":0,"enemies":"3 Louse","floor":11,"turns":3},{"damage":8,"enemies":"Large Slime","floor":12,"turns":4},{"damage":0,"enemies":"Looter","floor":14,"turns":2},{"damage":17,"enemies":"Slime Boss","floor":16,"turns":7},{"damage":43,"enemies":"3 Byrds","floor":18,"turns":6},{"damage":25,"enemies":"Spheric Guardian","floor":19,"turns":3}],"seed_played":"-4170716409470525335","potions_obtained":[{"floor":7,"key":"PowerPotion"},{"floor":11,"key":"FearPotion"},{"floor":14,"key":"Fire Potion"},{"floor":18,"key":"Dexterity Potion"}],"is_trial":false,"path_per_floor":["M","M","?","?","?","E","M","R","T","R","M","M","R","M","R","B",null,"M"],"character_chosen":"DEFECT","items_purchased":[],"campfire_rested":0,"item_purchase_floors":[],"current_hp_per_floor":[64,60,60,65,65,56,49,49,49,49,49,41,41,41,41,24,63,20,0],"gold":79,"neow_bonus":"BOSS_RELIC","is_prod":false,"is_daily":false,"chose_seed":false,"campfire_upgraded":4,"win_rate":0,"timestamp":1537898544,"path_taken":["M","M","?","?","?","E","M","R","T","R","M","M","R","M","R","BOSS","M","M"],"build_version":"2018-09-20","purchased_purges":0,"victory":false,"max_hp_per_floor":[71,71,71,76,76,76,76,76,76,76,76,76,76,76,76,76,76,76,76],"card_choices":[{"not_picked":["Compile Driver","Turbo"],"picked":"Sweeping Beam","floor":1.0},{"not_picked":["Coolheaded","Barrage"],"picked":"Auto Shields","floor":2.0},{"not_picked":["Redo","Steam Power"],"picked":"Streamline","floor":6.0},{"not_picked":["Darkness","Steam"],"picked":"Conserve Battery","floor":7},{"not_picked":["Tempest","Stack"],"picked":"Rip and Tear","floor":11},{"not_picked":["Barrage","Undo"],"picked":"Genetic Algorithm","floor":12},{"not_picked":["Reinforced Body","FTL","Streamline"],"picked":"SKIP","floor":14},{"not_picked":["Core Surge","Rainbow"],"picked":"Biased Cognition","floor":16},{"not_picked":["Genetic Algorithm","Stack"],"picked":"BootSequence","floor":18}],"player_experience":479027,"relics_obtained":[{"floor":6.0,"key":"StoneCalendar"},{"floor":9,"key":"Cables"}],"event_choices":[{"event_name":"Shining Light","player_choice":"Ignored","floor":3.0,"damage_taken":0.0},{"event_name":"Big Fish","player_choice":"Donut","floor":4.0,"damage_taken":0.0},{"event_name":"Liars Game","player_choice":"disagreed","floor":5.0,"damage_taken":0.0}],"is_beta":false,"boss_relics":[{"not_picked":["Busted Crown","Calling Bell"],"picked":"Eternal Feather"}],"items_purged_floors":[],"is_endless":false,"potions_floor_spawned":[7,11,14,18],"killed_by":"Spheric Guardian","ascension_level":17}