{"gold_per_floor":[118,118,134,84,104,104,115,131,158,158,177,177,177,203,203,302,302,322,421,10,20,36,36,46,65,88,88,88,120,10,22,22,126,126,143,143,154,170,27,27,39,39,39,66,3,3,30,85,85,85],"floor_reached":51,"playtime":4425,"items_purged":["Strike_G","Defend_G","Defend_G"],"score":729,"play_id":"7bd1121b-0a5e-4d97-99fa-82535b5f8eef","local_time":"20181023111730","is_ascension_mode":false,"campfire_choices":[{"data":"Backflip","floor":6.0,"key":"SMITH"},{"data":"Backflip","floor":12.0,"key":"SMITH"},{"data":"Accuracy","floor":15.0,"key":"SMITH"},{"data":"Neutralize","floor":23.0,"key":"SMITH"},{"data":"Blade Dance","floor":28.0,"key":"SMITH"},{"floor":32.0,"key":"DIG"},{"floor":40.0,"key":"DIG"},{"floor":42.0,"key":"DIG"},{"data":"Burst","floor":49,"key":"SMITH"}],"neow_cost":"NONE","seed_source_timestamp":0,"circlet_count":0,"master_deck":["Defend_G","Survivor","Neutralize+1","Accuracy+1","Backflip+1","Backflip+1","Well Laid Plans","Blade Dance+1","Malaise","Backstab+1","Cloak And Dagger+1","Heel Hook","Backflip+1","Burst+1","Cloak And Dagger","Footwork","Backstab","A Thousand Cuts","Infinite Blades","Masterful Stab","Infinite Blades+1"],"special_seed":0,"relics":["Ring of the Snake","Lantern","Potion Belt","Dream Catcher","White Beast Statue","Membership Card","Incense Burner","Juzu Bracelet","Shovel","Happy Flower","Mercury Hourglass","Lizard Tail","Oddly Smooth Stone","Bottled Flame","Ginger","Matryoshka","Mummified Hand","Regal Pillow","Bird Faced Urn"],"potions_floor_usage":[50,50,50,50],"damage_taken":[{"damage":0.0,"enemies":"2 Louse","floor":1.0,"turns":3.0},{"damage":0.0,"enemies":"Cultist","floor":3.0,"turns":4.0},{"damage":0.0,"enemies":"Small Slimes","floor":5.0,"turns":5.0},{"damage":0.0,"enemies":"3 Louse","floor":7.0,"turns":4.0},{"damage":13.0,"enemies":"Exordium Thugs","floor":8.0,"turns":9.0},{"damage":2.0,"enemies":"2 Fungi Beasts","floor":11.0,"turns":4.0},{"damage":2.0,"enemies":"3 Sentries","floor":14.0,"turns":12.0},{"damage":15.0,"enemies":"Slime Boss","floor":16.0,"turns":13.0},{"damage":2.0,"enemies":"Spheric Guardian","floor":18.0,"turns":4.0},{"damage":13.0,"enemies":"2 Thieves","floor":20.0,"turns":5.0},{"damage":3.0,"enemies":"2 Thieves","floor":21.0,"turns":3.0},{"damage":0.0,"enemies":"Snecko","floor":22.0,"turns":4.0},{"damage":6.0,"enemies":"Snake Plant","floor":24.0,"turns":6.0},{"damage":2.0,"enemies":"Chosen and Byrds","floor":25.0,"turns":8.0},{"damage":4.0,"enemies":"Gremlin Leader","floor":29.0,"turns":5.0},{"damage":2.0,"enemies":"Shelled Parasite and Fungi","floor":31.0,"turns":5.0},{"damage":21.0,"enemies":"Automaton","floor":33.0,"turns":11.0},{"damage":5.0,"enemies":"Orb Walker","floor":35.0,"turns":4.0},{"damage":0.0,"enemies":"3 Darklings","floor":37.0,"turns":6.0},{"damage":0.0,"enemies":"Transient","floor":38.0,"turns":5.0},{"damage":5.0,"enemies":"Jaw Worm Horde","floor":41.0,"turns":4.0},{"damage":0.0,"enemies":"Giant Head","floor":44.0,"turns":5.0},{"damage":0.0,"enemies":"Reptomancer","floor":47.0,"turns":4.0},{"damage":8.0,"enemies":"2 Orb Walkers","floor":48.0,"turns":4.0},{"damage":44,"enemies":"Time Eater","floor":50,"turns":12}],"seed_played":"-5297168666853958487","potions_obtained":[{"floor":1.0,"key":"SpeedPotion"},{"floor":5.0,"key":"Energy Potion"},{"floor":14.0,"key":"Fire Potion"},{"floor":16.0,"key":"FearPotion"},{"floor":18.0,"key":"Fire Potion"},{"floor":21.0,"key":"FearPotion"},{"floor":22.0,"key":"Poison Potion"},{"floor":24.0,"key":"Strength Potion"},{"floor":25.0,"key":"Block Potion"},{"floor":29.0,"key":"Block Potion"},{"floor":31.0,"key":"Energy Potion"},{"floor":33.0,"key":"Energy Potion"},{"floor":35.0,"key":"FearPotion"},{"floor":37.0,"key":"GamblersBrew"},{"floor":38.0,"key":"Energy Potion"},{"floor":41.0,"key":"Fire Potion"},{"floor":44.0,"key":"GhostInAJar"},{"floor":47.0,"key":"Weak Potion"},{"floor":48.0,"key":"Energy Potion"}],"is_trial":false,"path_per_floor":["M","?","M","?","M","R","M","M","T","?","M","R","?","E","R","B",null,"M","?","$","M","M","R","M","M","T","?","R","E","$","M","R","B",null,"M","?","M","M","$","R","M","R","T","E","$","?","E","?","R","B"],"character_chosen":"THE_SILENT","items_purchased":["Membership Card","Incense Burner","Happy Flower","Oddly Smooth Stone","Backstab"],"campfire_rested":0,"item_purchase_floors":[20,20,30,39,39],"current_hp_per_floor":[70,70,70,70,70,70,70,57,57,50,48,48,36,34,34,19,70,68,68,55,52,52,52,46,44,44,44,44,40,40,38,38,17,70,65,65,65,65,65,65,60,60,60,60,60,60,60,52,52,20],"gold":85,"neow_bonus":"REMOVE_CARD","is_prod":false,"is_daily":false,"chose_seed":false,"campfire_upgraded":6,"win_rate":0,"timestamp":1540318650,"path_taken":["M","?","M","?","?","R","M","M","T","?","?","R","?","E","R","BOSS","M","?","?","M","M","R","M","?","T","?","R","E","$","M","R","BOSS","M","?","M","M","$","R","M","R","T","E","$","?","E","?","R","BOSS"],"build_version":"2018-10-18","purchased_purges":3,"victory":true,"max_hp_per_floor":[70,70,70,70,70,70,70,70,70,70,70,70,70,70,70,70,70,70,70,70,70,70,70,70,70,70,70,70,70,70,70,70,70,70,70,70,70,70,70,70,70,70,70,70,70,70,70,70,70,70],"card_choices":[{"not_picked":["Poisoned Stab","Blade Dance"],"picked":"Accuracy","floor":1.0},{"not_picked":["Deadly Poison","Underhanded Strike","Sucker Punch"],"picked":"SKIP","floor":3.0},{"not_picked":["Deflect","Bane"],"picked":"Backflip","floor":5.0},{"not_picked":["Slice","Predator","Prepared"],"picked":"SKIP","floor":7.0},{"not_picked":["Deflect","Bullet Time"],"picked":"Backflip","floor":8.0},{"not_picked":["Cloak And Dagger","Escape Plan"],"picked":"Well Laid Plans","floor":11.0},{"not_picked":["Bane","Sucker Punch"],"picked":"Blade Dance","floor":14.0},{"not_picked":["Unload","Bullet Time"],"picked":"Malaise","floor":16.0},{"not_picked":["Accuracy","Caltrops"],"picked":"Backstab+1","floor":18.0},{"not_picked":["Underhanded Strike+1","Well Laid Plans"],"picked":"Cloak And Dagger+1","floor":21.0},{"not_picked":["Prepared","Leg Sweep"],"picked":"Heel Hook","floor":22.0},{"not_picked":["Catalyst+1","Acrobatics+1"],"picked":"Backflip+1","floor":24.0},{"not_picked":["Bane","Acrobatics","Choke"],"picked":"SKIP","floor":25.0},{"not_picked":["Die Die Die","Deadly Poison+1","Bane"],"picked":"SKIP","floor":29.0},{"not_picked":["Masterful Stab","Quick Slash","PiercingWail"],"picked":"SKIP","floor":31.0},{"not_picked":["Phantasmal Killer","Unload"],"picked":"Burst","floor":33.0},{"not_picked":["Underhanded Strike","Deadly Poison+1"],"picked":"Cloak And Dagger","floor":35.0},{"not_picked":["Deadly Poison","Poisoned Stab"],"picked":"Footwork","floor":37.0},{"not_picked":["Underhanded Strike","Heel Hook","Expertise+1"],"picked":"SKIP","floor":38.0},{"not_picked":["Blade Dance+1","Prepared+1"],"picked":"A Thousand Cuts","floor":41.0},{"not_picked":["Flechettes+1","Malaise"],"picked":"Infinite Blades","floor":44.0},{"not_picked":["Backflip+1","Finisher+1","Sucker Punch+1"],"picked":"SKIP","floor":47.0},{"not_picked":["Sucker Punch","Escape Plan+1"],"picked":"Infinite Blades+1","floor":48.0}],"player_experience":392047,"relics_obtained":[{"floor":9.0,"key":"Lantern"},{"floor":14.0,"key":"Dream Catcher"},{"floor":26.0,"key":"Juzu Bracelet"},{"floor":29.0,"key":"Shovel"},{"floor":32.0,"key":"Mercury Hourglass"},{"floor":40.0,"key":"Bottled Flame"},{"floor":42.0,"key":"Ginger"},{"floor":43.0,"key":"Matryoshka"},{"floor":44.0,"key":"Mummified Hand"},{"floor":47.0,"key":"Regal Pillow"},{"floor":48.0,"key":"Bird Faced Urn"}],"event_choices":[{"damage_healed":0.0,"max_hp_gain":0.0,"max_hp_loss":0.0,"gold_gain":0.0,"cards_transformed":["Strike_G"],"event_name":"Transmorgrifier","player_choice":"Transformed","floor":2.0,"gold_loss":0.0,"damage_taken":0.0,"cards_obtained":["Unload"]},{"cards_removed":["Strike_G"],"damage_healed":0.0,"max_hp_gain":0.0,"max_hp_loss":0.0,"gold_gain":0.0,"event_name":"The Cleric","player_choice":"Card Removal","floor":4.0,"gold_loss":50.0,"damage_taken":0.0},{"cards_removed":["Defend_G"],"damage_healed":0.0,"max_hp_gain":0.0,"max_hp_loss":0.0,"gold_gain":0.0,"event_name":"Golden Wing","player_choice":"Card Removal","floor":10.0,"gold_loss":0.0,"damage_taken":7.0},{"damage_healed":0.0,"max_hp_gain":0.0,"max_hp_loss":0.0,"gold_gain":0.0,"event_name":"Scrap Ooze","player_choice":"Success","floor":13.0,"gold_loss":0.0,"damage_taken":12.0,"relics_obtained":["Potion Belt"]},{"damage_healed":0.0,"max_hp_gain":0.0,"max_hp_loss":0.0,"gold_gain":99.0,"event_name":"Nest","player_choice":"Stole From Cult","floor":19.0,"gold_loss":0.0,"damage_taken":0.0},{"cards_removed":["Defend_G"],"damage_healed":0.0,"max_hp_gain":0.0,"max_hp_loss":0.0,"gold_gain":0.0,"event_name":"Back to Basics","player_choice":"Elegance","floor":27.0,"gold_loss":0.0,"damage_taken":0.0},{"cards_removed":["Unload"],"damage_healed":0.0,"max_hp_gain":0.0,"max_hp_loss":0.0,"gold_gain":0.0,"event_name":"Falling","player_choice":"Removed Attack","floor":36.0,"gold_loss":0.0,"damage_taken":0.0},{"damage_healed":0.0,"max_hp_gain":0.0,"max_hp_loss":0.0,"gold_gain":0.0,"cards_transformed":["Strike_G"],"event_name":"Transmorgrifier","player_choice":"Transformed","floor":46.0,"gold_loss":0.0,"damage_taken":0.0,"cards_obtained":["Masterful Stab"]},{"damage_healed":0.0,"max_hp_gain":0.0,"max_hp_loss":0.0,"gold_gain":0.0,"event_name":"Mysterious Sphere","player_choice":"Fight","floor":48.0,"gold_loss":0.0,"damage_taken":0.0}],"is_beta":false,"boss_relics":[{"not_picked":["Philosopher\u0027s Stone","Orrery"],"picked":"White Beast Statue"},{"not_picked":["Sozu","Ring of the Serpent"],"picked":"Lizard Tail"}],"items_purged_floors":[30,39,45],"is_endless":false,"potions_floor_spawned":[1,5,14,16,18,20,21,22,24,25,29,31,33,35,37,38,41,44,47,48],"ascension_level":0}