{"gold_per_floor":[110,31,206,206,225,225,250,250,330,364,378,389,389,389,389,489,489,499,519,362,373,373,399,399,428,473,473,473,507,519,531,543,654,666,693,716,165,179,195,228,228,188,188,214,225,236,100,110,110,110,110,110,40,72,72],"floor_reached":55,"playtime":3515,"items_purged":["Doubt","Backstab"],"score":856,"play_id":"f9aa9c34-feeb-4c03-bfab-8ee3579fa3f5","local_time":"20190615142601","is_ascension_mode":true,"campfire_choices":[{"data":"Crippling Poison","floor":6.0,"key":"SMITH"},{"data":"Dash","floor":8.0,"key":"SMITH"},{"data":"Footwork","floor":13.0,"key":"SMITH"},{"data":"Well Laid Plans","floor":15.0,"key":"SMITH"},{"data":"Leg Sweep","floor":24.0,"key":"SMITH"},{"floor":27.0,"key":"REST"},{"data":"Footwork","floor":30.0,"key":"SMITH"},{"data":"Footwork","floor":32.0,"key":"SMITH"},{"floor":41.0,"key":"RECALL"},{"data":"Survivor","floor":49.0,"key":"SMITH"},{"data":"Dash","floor":52.0,"key":"SMITH"}],"neow_cost":"NONE","seed_source_timestamp":13408764079733,"circlet_count":0,"master_deck":["Defend_G+1","Defend_G+1","Defend_G+1","Defend_G+1","Defend_G+1","Strike_G+1","Strike_G+1","Strike_G+1","Strike_G+1","Strike_G+1","Survivor+1","Neutralize+1","Dagger Throw+1","Well Laid Plans+1","Crippling Poison+1","Dash+1","Cloak And Dagger","Footwork+1","Footwork+1","A Thousand Cuts","Backflip+1","Underhanded Strike+1","Footwork+1","PiercingWail+1","Leg Sweep+1","Escape Plan+1","A Thousand Cuts","Choke+1","Underhanded Strike+1","Dash+1","Noxious Fumes+1","Crippling Poison+1","Doppelganger","Skewer+1","Leg Sweep"],"special_seed":0,"relics":["Ring of the Snake","Dream Catcher","Bottled Lightning","Prayer Wheel","Snecko Eye","Snake Skull","Bottled Tornado","Pen Nib","MutagenicStrength","MawBank","Busted Crown","Lantern","Frozen Egg 2","Happy Flower","Juzu Bracelet","Whetstone"],"potions_floor_usage":[55,55],"damage_taken":[{"damage":2.0,"enemies":"Small Slimes","floor":1.0,"turns":4.0},{"damage":6.0,"enemies":"Jaw Worm","floor":5.0,"turns":5.0},{"damage":12.0,"enemies":"3 Sentries","floor":7.0,"turns":12.0},{"damage":4.0,"enemies":"Gremlin Nob","floor":10.0,"turns":5.0},{"damage":0.0,"enemies":"2 Louse","floor":11.0,"turns":2.0},{"damage":5.0,"enemies":"Blue Slaver","floor":12.0,"turns":3.0},{"damage":23.0,"enemies":"Slime Boss","floor":16.0,"turns":16.0},{"damage":18.0,"enemies":"Shell Parasite","floor":18.0,"turns":6.0},{"damage":6.0,"enemies":"2 Thieves","floor":19.0,"turns":5.0},{"damage":0.0,"enemies":"Snake Plant","floor":21.0,"turns":5.0},{"damage":26.0,"enemies":"Slavers","floor":23.0,"turns":7.0},{"damage":0.0,"enemies":"Book of Stabbing","floor":25.0,"turns":7.0},{"damage":14.0,"enemies":"Slavers","floor":29.0,"turns":6.0},{"damage":6.0,"enemies":"Champ","floor":33.0,"turns":16.0},{"damage":0.0,"enemies":"3 Shapes","floor":35.0,"turns":3.0},{"damage":0.0,"enemies":"3 Darklings","floor":36.0,"turns":4.0},{"damage":0.0,"enemies":"Maw","floor":38.0,"turns":8.0},{"damage":14.0,"enemies":"Transient","floor":39.0,"turns":5.0},{"damage":4.0,"enemies":"Reptomancer","floor":40.0,"turns":7.0},{"damage":7.0,"enemies":"Nemesis","floor":44.0,"turns":7.0},{"damage":0.0,"enemies":"Writhing Mass","floor":45.0,"turns":5.0},{"damage":0.0,"enemies":"3 Darklings","floor":46.0,"turns":4.0},{"damage":0.0,"enemies":"Spire Growth","floor":48.0,"turns":6.0},{"damage":16.0,"enemies":"Donu and Deca","floor":50.0,"turns":10.0},{"damage":39.0,"enemies":"Shield and Spear","floor":54.0,"turns":13.0},{"damage":33,"enemies":"The Heart","floor":55,"turns":9}],"seed_played":"-6864892876052728953","potions_obtained":[{"floor":5.0,"key":"PowerPotion"},{"floor":7.0,"key":"GhostInAJar"},{"floor":23.0,"key":"Ancient Potion"},{"floor":29.0,"key":"Energy Potion"},{"floor":54.0,"key":"Explosive Potion"}],"is_trial":false,"path_per_floor":["M","$","?","?","M","R","E","R","T","E","M","M","R","?","R","B",null,"M","M","$","M","?","E","R","E","T","R","?","E","R","?","R","B",null,"M","M","$","M","M","E","R","?","T","E","M","M","$","M","R","B",null,"R","$","E","B"],"character_chosen":"THE_SILENT","items_purchased":["Well Laid Plans","Footwork","Dash","Lantern","Frozen Egg 2","Doppelganger","Leg Sweep"],"campfire_rested":1,"item_purchase_floors":[2,20,37,37,37,47,53],"current_hp_per_floor":[68,68,68,54,48,48,36,36,36,32,32,27,27,27,27,4,70,52,46,46,46,46,20,20,20,20,41,41,27,27,27,27,21,70,70,70,70,70,56,52,52,52,52,45,45,45,45,45,45,29,70,70,70,31,0],"gold":72,"neow_bonus":"THREE_CARDS","is_prod":false,"is_daily":false,"chose_seed":false,"campfire_upgraded":9,"win_rate":0,"timestamp":1560597961,"path_taken":["M","$","?","?","M","R","E","R","T","E","?","M","R","?","R","BOSS","M","M","$","M","?","E","R","E","T","R","?","E","R","?","R","BOSS","M","M","$","M","M","E","R","?","T","E","M","M","$","M","R","BOSS","R","$","E","BOSS"],"build_version":"2019-01-23","purchased_purges":2,"victory":false,"max_hp_per_floor":[70,70,70,70,70,70,70,70,70,70,70,70,70,70,70,70,70,70,70,70,70,70,70,70,70,70,70,70,70,70,70,70,70,70,70,70,70,70,70,70,70,70,70,70,70,70,70,70,70,70,70,70,70,70,70],"card_choices":[{"not_picked":["Cloak And Dagger","Dodge and Roll"],"picked":"Dagger Throw","floor":0.0},{"not_picked":["Sucker Punch","Heel Hook","Prepared"],"picked":"SKIP","floor":1.0},{"not_picked":["Bane","Dodge and Roll"],"picked":"Crippling Poison","floor":5.0},{"not_picked":["Expertise","Skewer"],"picked":"Dash","floor":7.0},{"not_picked":["Eviscerate","Slice"],"picked":"Backstab","floor":10.0},{"not_picked":["Dodge and Roll","Choke"],"picked":"Cloak And Dagger","floor":11.0},{"not_picked":["Blade Dance","Quick Slash"],"picked":"Footwork","floor":11.0},{"not_picked":["Night Terror","Backflip"],"picked":"Footwork","floor":12.0},{"not_picked":["Calculated Gamble","Dagger Spray","Predator"],"picked":"SKIP","floor":12.0},{"not_picked":["Venomology","Wraith Form v2"],"picked":"A Thousand Cuts","floor":16.0},{"not_picked":["Escape Plan+1","Deadly Poison"],"picked":"Backflip+1","floor":18.0},{"not_picked":["Distraction+1","Reflex","Well Laid Plans"],"picked":"SKIP","floor":18.0},{"not_picked":["Endless Agony+1","Dodge and Roll+1"],"picked":"Underhanded Strike+1","floor":19.0},{"not_picked":["Underhanded Strike","Slice","Heel Hook"],"picked":"SKIP","floor":19.0},{"not_picked":["Backflip+1","Acrobatics"],"picked":"PiercingWail+1","floor":21.0},{"not_picked":["PiercingWail","Tools of the Trade","Infinite Blades+1"],"picked":"SKIP","floor":21.0},{"not_picked":["Deadly Poison","Underhanded Strike+1"],"picked":"Leg Sweep","floor":23.0},{"not_picked":["Deflect","Underhanded Strike","Tools of the Trade"],"picked":"SKIP","floor":25.0},{"not_picked":["Prepared","Dodge and Roll"],"picked":"Escape Plan+1","floor":29.0},{"not_picked":["Burst","Die Die Die"],"picked":"A Thousand Cuts","floor":33.0},{"not_picked":[],"picked":"Choke","floor":35.0},{"not_picked":["Acrobatics+1"],"picked":"SKIP","floor":35.0},{"not_picked":[],"picked":"Underhanded Strike+1","floor":36.0},{"not_picked":["Deadly Poison"],"picked":"SKIP","floor":36.0},{"not_picked":[],"picked":"Noxious Fumes+1","floor":38.0},{"not_picked":["Deadly Poison"],"picked":"SKIP","floor":38.0},{"not_picked":[],"picked":"Crippling Poison","floor":39.0},{"not_picked":["Flechettes+1"],"picked":"SKIP","floor":39.0},{"not_picked":["Bane"],"picked":"SKIP","floor":40.0},{"not_picked":["Heel Hook"],"picked":"SKIP","floor":44.0},{"not_picked":["Sucker Punch+1"],"picked":"SKIP","floor":45.0},{"not_picked":["Slice"],"picked":"SKIP","floor":45.0},{"not_picked":["All Out Attack+1"],"picked":"SKIP","floor":46.0},{"not_picked":["Slice"],"picked":"SKIP","floor":46.0},{"not_picked":[],"picked":"Skewer+1","floor":48.0},{"not_picked":["Masterful Stab+1"],"picked":"SKIP","floor":48.0},{"not_picked":["Flying Knee+1"],"picked":"SKIP","floor":54.0}],"player_experience":977219,"relics_obtained":[{"floor":7.0,"key":"Dream Catcher"},{"floor":9.0,"key":"Bottled Lightning"},{"floor":10.0,"key":"Prayer Wheel"},{"floor":23.0,"key":"Snake Skull"},{"floor":25.0,"key":"Bottled Tornado"},{"floor":26.0,"key":"Pen Nib"},{"floor":29.0,"key":"MawBank"},{"floor":40.0,"key":"Happy Flower"},{"floor":44.0,"key":"Juzu Bracelet"},{"floor":54.0,"key":"Whetstone"}],"event_choices":[{"damage_healed":0.0,"max_hp_gain":0.0,"max_hp_loss":0.0,"gold_gain":175.0,"event_name":"Liars Game","player_choice":"AGREE","floor":3.0,"gold_loss":0.0,"damage_taken":0.0,"cards_obtained":["Doubt"]},{"damage_healed":0.0,"max_hp_gain":0.0,"max_hp_loss":0.0,"gold_gain":0.0,"event_name":"Shining Light","player_choice":"Entered Light","floor":4.0,"gold_loss":0.0,"damage_taken":14.0,"cards_upgraded":["Defend_G","Defend_G"]},{"damage_healed":0.0,"max_hp_gain":0.0,"max_hp_loss":0.0,"gold_gain":0.0,"event_name":"Living Wall","player_choice":"Grow","floor":14.0,"gold_loss":0.0,"damage_taken":0.0,"cards_upgraded":["Neutralize"]},{"damage_healed":0.0,"max_hp_gain":0.0,"max_hp_loss":0.0,"gold_gain":0.0,"event_name":"Vampires","player_choice":"Ignored","floor":22.0,"gold_loss":0.0,"damage_taken":0.0},{"damage_healed":0.0,"max_hp_gain":0.0,"max_hp_loss":0.0,"gold_gain":0.0,"event_name":"Drug Dealer","player_choice":"Inject Mutagens","floor":28.0,"gold_loss":0.0,"damage_taken":0.0,"relics_obtained":["MutagenicStrength"]},{"damage_healed":0.0,"max_hp_gain":0.0,"max_hp_loss":0.0,"gold_gain":0.0,"event_name":"Back to Basics","player_choice":"Simplicity","floor":31.0,"gold_loss":0.0,"damage_taken":0.0,"cards_upgraded":["Defend_G","Defend_G","Defend_G","Strike_G","Strike_G","Strike_G","Strike_G","Strike_G"]},{"damage_healed":0.0,"max_hp_gain":0.0,"max_hp_loss":0.0,"gold_gain":0.0,"event_name":"Designer","player_choice":"Upgraded Two","floor":42.0,"gold_loss":40.0,"damage_taken":0.0,"cards_upgraded":["Dagger Throw","Crippling Poison"]}],"is_beta":false,"boss_relics":[{"not_picked":["Runic Pyramid","Ring of the Serpent"],"picked":"Snecko Eye"},{"not_picked":["Eternal Feather","Runic Dome"],"picked":"Busted Crown"}],"items_purged_floors":[20,37],"is_endless":false,"potions_floor_spawned":[5,7,23,29,35,39,45,48,54],"killed_by":"The Heart","ascension_level":1}