{"gold_per_floor":[111,186,186,196,196,196,231,231,231,72,72,72,72,84,84,159,159,159,159,59,59,59,59,59,59,59,59,59,59,59,59,59,59,59,59,1,1,1,1,1,1,1,1,1,1,1,1,1,1,1],"floor_reached":51,"playtime":1485,"items_purged":["Strike_R","Defend_R"],"score":1189,"play_id":"7f9952b5-4adf-47d8-8876-f66a852358d9","local_time":"20180802224902","is_ascension_mode":true,"campfire_choices":[{"data":"Anger","floor":6,"key":"SMITH"},{"data":"Clothesline","floor":8,"key":"SMITH"},{"data":"Defend_R","floor":13,"key":"SMITH"},{"data":"Immolate","floor":15,"key":"SMITH"},{"floor":23,"key":"REST"},{"floor":27,"key":"REST"},{"data":"Strike_R","floor":32,"key":"SMITH"},{"floor":40,"key":"REST"},{"floor":44,"key":"REST"},{"data":"Sword Boomerang","floor":47,"key":"SMITH"},{"floor":49,"key":"REST"}],"neow_cost":"NONE","seed_source_timestamp":29732721357063,"circlet_count":0,"master_deck":["Strike_R+1","Strike_R","Strike_R","Strike_R","Defend_R","Defend_R+1","Defend_R","Bash+1","AscendersBane","Clothesline+1","Anger+1","Shockwave+1","Flame Barrier+1","Flex+1","Immolate+1","Double Tap+1","Flame Barrier+1","Flex+1","Limit Break+1","Sword Boomerang+1","Shrug It Off+1"],"relics":["Burning Blood","NeowsBlessing","Toxic Egg 2","Dead Branch","Paper Frog","Ice Cream","Ectoplasm","Omamori","Anchor","Shuriken","NlothsMask","Sozu","Unceasing Top","Thread and Needle","Gambling Chip"],"potions_floor_usage":[50],"damage_taken":[{"damage":0,"enemies":"Jaw Worm","floor":1,"turns":1},{"damage":0,"enemies":"Small Slimes","floor":4,"turns":1},{"damage":0,"enemies":"Lagavulin","floor":7,"turns":1},{"damage":0,"enemies":"Cultist","floor":14,"turns":3},{"damage":51,"enemies":"The Guardian","floor":16,"turns":10},{"damage":14,"enemies":"3 Byrds","floor":18,"turns":4},{"damage":14,"enemies":"Shell Parasite","floor":19,"turns":3},{"damage":8,"enemies":"3 Cultists","floor":21,"turns":4},{"damage":9,"enemies":"Slaver and Parasite","floor":22,"turns":3},{"damage":29,"enemies":"Book of Stabbing","floor":24,"turns":5},{"damage":0,"enemies":"Snecko","floor":25,"turns":2},{"damage":27,"enemies":"Gremlin Leader","floor":29,"turns":6},{"damage":2,"enemies":"Snake Plant","floor":30,"turns":3},{"damage":29,"enemies":"Collector","floor":33,"turns":6},{"damage":0,"enemies":"3 Shapes","floor":35,"turns":2},{"damage":6,"enemies":"3 Darklings","floor":38,"turns":4},{"damage":29,"floor":39,"turns":5},{"damage":57,"enemies":"Nemesis","floor":41,"turns":9},{"damage":0,"enemies":"Transient","floor":42,"turns":5},{"damage":4,"enemies":"Flame Bruiser 2 Orb","floor":45,"turns":4},{"damage":0,"enemies":"Spire Growth","floor":46,"turns":4},{"damage":0,"enemies":"4 Shapes","floor":48,"turns":3},{"damage":11,"enemies":"Awakened One","floor":50,"turns":11}],"seed_played":"2680070645237167872","potions_obtained":[{"floor":1,"key":"Dexterity Potion"},{"floor":16,"key":"Swift Potion"},{"floor":24,"key":"Fire Potion"}],"is_trial":false,"path_per_floor":["M","?","?","M","?","R","E","R","T","$","?","T","R","M","R","B",null,"M","M","$","M","M","R","E","M","T","R","?","E","M","?","R","B",null,"M","?","$","M","?","R","E","M","T","R","M","M","R","M","R","B"],"character_chosen":"IRONCLAD","items_purchased":["Flame Barrier+1","Flex+1"],"campfire_rested":5,"item_purchase_floors":[10,10],"current_hp_per_floor":[78,67,55,61,66,66,72,72,72,72,72,72,72,78,78,33,72,64,56,56,54,51,76,56,62,62,88,88,88,88,88,88,65,82,88,88,88,88,65,88,37,43,43,69,71,77,77,83,88,83],"gold":1,"neow_bonus":"THREE_ENEMY_KILL","is_prod":false,"is_daily":false,"chose_seed":false,"campfire_upgraded":6,"win_rate":0,"timestamp":1533239342,"path_taken":["M","?","?","?","?","R","E","R","T","$","?","?","R","?","R","BOSS","M","M","$","?","M","R","E","M","T","R","?","E","?","?","R","BOSS","M","?","?","M","?","R","E","M","T","R","M","M","R","M","R","BOSS"],"build_version":"2018-07-26","purchased_purges":2,"victory":true,"max_hp_per_floor":[80,80,80,80,85,85,85,85,85,85,85,85,85,85,85,85,85,85,85,85,85,85,85,88,88,88,88,88,88,88,88,88,88,88,88,88,88,88,88,88,88,88,88,88,88,88,88,88,88,88],"card_choices":[{"not_picked":["Blood for Blood","Pommel Strike"],"picked":"Clothesline","floor":1},{"not_picked":["Perfected Strike","Thunderclap"],"picked":"Anger","floor":4},{"not_picked":["Searing Blow","Thunderclap"],"picked":"Shockwave+1","floor":7},{"not_picked":["Flex+1","Searing Blow"],"picked":"Immolate","floor":14},{"not_picked":["Bludgeon","Impervious+1"],"picked":"Double Tap+1","floor":16},{"not_picked":["Carnage","Clothesline","Rage+1"],"picked":"SKIP","floor":18},{"not_picked":["Carnage","Wild Strike+1"],"picked":"Flame Barrier+1","floor":19},{"not_picked":["Combust","Evolve"],"picked":"Flex+1","floor":21},{"not_picked":["Rupture","Armaments+1","Burning Pact+1"],"picked":"SKIP","floor":22},{"not_picked":["Sword Boomerang","Entrench+1","Pummel"],"picked":"SKIP","floor":24},{"not_picked":["Armaments+1","Anger","Iron Wave"],"picked":"SKIP","floor":25},{"not_picked":["Perfected Strike","Fiend Fire","Body Slam"],"picked":"SKIP","floor":29},{"not_picked":["Pommel Strike","Ghostly Armor+1","Headbutt"],"picked":"SKIP","floor":30},{"not_picked":["Fiend Fire","Immolate"],"picked":"Limit Break+1","floor":33},{"not_picked":["Burning Pact+1","Thunderclap","Iron Wave"],"picked":"SKIP","floor":35},{"not_picked":["Feel No Pain","True Grit+1"],"picked":"Sword Boomerang","floor":38},{"not_picked":["Iron Wave","Offering+1","Thunderclap+1"],"picked":"SKIP","floor":41},{"not_picked":["Entrench+1","Disarm+1"],"picked":"Shrug It Off+1","floor":42},{"not_picked":["Disarm+1","Body Slam","Warcry+1"],"picked":"SKIP","floor":45},{"not_picked":["Armaments+1","Iron Wave","Burning Pact+1"],"picked":"SKIP","floor":46},{"not_picked":["Dropkick","Heavy Blade","Hemokinesis"],"picked":"SKIP","floor":48}],"player_experience":394735,"relics_obtained":[{"floor":7,"key":"Dead Branch"},{"floor":9,"key":"Paper Frog"},{"floor":12,"key":"Ice Cream"},{"floor":24,"key":"Omamori"},{"floor":26,"key":"Anchor"},{"floor":29,"key":"Shuriken"},{"floor":39,"key":"Thread and Needle"},{"floor":41,"key":"Gambling Chip"}],"event_choices":[{"event_name":"World of Goop","player_choice":"Gather Gold","floor":2,"damage_taken":0},{"event_name":"Scrap Ooze","player_choice":"success","floor":3,"damage_taken":12},{"event_name":"Big Fish","player_choice":"Donut","floor":5,"damage_taken":0},{"event_name":"Living Wall","player_choice":"Grow","floor":11,"damage_taken":0},{"event_name":"Beggar","player_choice":"Ignored","floor":28,"damage_taken":0},{"event_name":"FaceTrader","player_choice":"Trade","floor":31,"damage_taken":0},{"event_name":"WeMeetAgain","player_choice":"Gold","floor":36,"damage_taken":0},{"event_name":"Mysterious Sphere","player_choice":"Fight","floor":39,"damage_taken":0}],"is_beta":false,"boss_relics":[{"not_picked":["Runic Dome","Snecko Eye"],"picked":"Ectoplasm"},{"not_picked":["Velvet Choker","Runic Pyramid"],"picked":"Sozu"}],"items_purged_floors":[10,20],"is_endless":false,"potions_floor_spawned":[1,16,18,19,24,29,33,35,41,42,46,48],"ascension_level":13}