{"gold_per_floor":[117,136,136,53,128,128,53,86,134,134,149,149,164,189,189,288,288,303,329,340,340,340,340,359,359,382,399,46,72,72,91,91,91],"floor_reached":33,"playtime":1111,"items_purged":["Defend_G"],"score":368,"play_id":"3118e42e-53c6-4890-8e5b-0cd22b7ec44c","local_time":"20181025215411","is_ascension_mode":true,"campfire_choices":[{"data":"Backstab","floor":6,"key":"SMITH"},{"floor":10,"key":"REST"},{"floor":15,"key":"REST"},{"floor":23,"key":"REST"},{"floor":25,"key":"REST"},{"floor":32,"key":"REST"}],"neow_cost":"NONE","seed_source_timestamp":36116712591442,"circlet_count":0,"master_deck":["Defend_G","Defend_G","Defend_G","Defend_G","Strike_G","Strike_G","Strike_G","Strike_G","Survivor+1","Neutralize","Leg Sweep+1","Backstab+1","All Out Attack","Backflip","Noxious Fumes+1","After Image","Poisoned Stab+1","Crippling Poison","Corpse Explosion"],"relics":["Ring of the Snake","Potion Belt","Unceasing Top","Bronze Scales","Omamori","Sozu","Red Mask","Orichalcum","War Paint","ClockworkSouvenir","Pen Nib"],"potions_floor_usage":[19,29],"damage_taken":[{"damage":5,"enemies":"Jaw Worm","floor":1,"turns":5},{"damage":0,"enemies":"Cultist","floor":2,"turns":4},{"damage":45,"enemies":"Gremlin Nob","floor":8,"turns":7},{"damage":0,"enemies":"2 Louse","floor":11,"turns":2},{"damage":0,"enemies":"Blue Slaver","floor":13,"turns":3},{"damage":30,"enemies":"Slime Boss","floor":16,"turns":13},{"damage":20,"enemies":"2 Thieves","floor":18,"turns":5},{"damage":15,"enemies":"Masked Bandits","floor":19,"turns":6},{"damage":9,"enemies":"Spheric Guardian","floor":20,"turns":6},{"damage":9,"enemies":"Snake Plant","floor":24,"turns":4},{"damage":11,"enemies":"Cultist and Chosen","floor":27,"turns":7},{"damage":16,"enemies":"Slavers","floor":29,"turns":5},{"damage":5,"enemies":"Sentry and Sphere","floor":31,"turns":6},{"damage":44,"enemies":"Champ","floor":33,"turns":10}],"seed_played":"-8329943751996575680","potions_obtained":[{"floor":13,"key":"FearPotion"},{"floor":16,"key":"AttackPotion"}],"is_trial":false,"path_per_floor":["M","M","?","$","?","R","$","E","T","R","M","?","M","T","R","B",null,"M","?","M","?","?","R","M","R","T","M","$","E","?","M","R"],"character_chosen":"THE_SILENT","items_purchased":["All Out Attack","Backflip","War Paint","ClockworkSouvenir"],"campfire_rested":5,"item_purchase_floors":[4,4,28,28],"current_hp_per_floor":[58,58,58,58,47,47,47,2,2,23,23,23,23,23,44,14,56,36,21,12,5,5,26,17,38,38,27,27,11,11,6,27,0],"gold":91,"neow_bonus":"RANDOM_COMMON_RELIC","is_prod":false,"is_daily":false,"chose_seed":false,"campfire_upgraded":1,"win_rate":0,"timestamp":1540493651,"path_taken":["M","M","?","$","?","R","$","E","T","R","?","?","M","?","R","BOSS","M","?","M","?","?","R","M","R","T","?","$","E","?","M","R","BOSS"],"build_version":"2018-10-18","purchased_purges":1,"victory":false,"max_hp_per_floor":[70,70,70,70,70,70,70,70,70,70,70,70,70,70,70,70,70,70,70,70,70,70,70,70,70,70,70,70,70,70,70,70,70],"card_choices":[{"not_picked":["Dagger Throw","Cloak And Dagger"],"picked":"Leg Sweep","floor":1},{"not_picked":["Flying Knee","Sucker Punch"],"picked":"Backstab","floor":2},{"not_picked":["Sucker Punch","Endless Agony"],"picked":"Noxious Fumes","floor":8},{"not_picked":["Dagger Throw","Skewer","Deadly Poison"],"picked":"SKIP","floor":11},{"not_picked":["Masterful Stab","Catalyst"],"picked":"After Image","floor":13},{"not_picked":["Quick Slash","Well Laid Plans","Predator"],"picked":"SKIP","floor":18},{"not_picked":["Dagger Spray+1","Outmaneuver"],"picked":"Poisoned Stab+1","floor":20},{"not_picked":["Poisoned Stab","Dagger Spray","Masterful Stab"],"picked":"SKIP","floor":24},{"not_picked":["Prepared","Well Laid Plans"],"picked":"Crippling Poison","floor":27},{"not_picked":["Accuracy","Calculated Gamble","Blade Dance"],"picked":"SKIP","floor":29},{"not_picked":["Poisoned Stab","Endless Agony"],"picked":"Corpse Explosion","floor":31}],"player_experience":486745,"relics_obtained":[{"floor":8,"key":"Unceasing Top"},{"floor":9,"key":"Bronze Scales"},{"floor":14,"key":"Omamori"},{"floor":19,"key":"Red Mask"},{"floor":26,"key":"Orichalcum"},{"floor":29,"key":"Pen Nib"}],"event_choices":[{"damage_healed":0,"gold_gain":0,"player_choice":"Bought 0 Potions","damage_taken":0,"max_hp_gain":0,"max_hp_loss":0,"event_name":"The Woman in Blue","floor":3,"gold_loss":0},{"damage_healed":0,"gold_gain":75,"player_choice":"Gather Gold","damage_taken":11,"max_hp_gain":0,"max_hp_loss":0,"event_name":"World of Goop","floor":5,"gold_loss":0},{"damage_healed":0,"gold_gain":0,"player_choice":"Ignored","damage_taken":0,"max_hp_gain":0,"max_hp_loss":0,"event_name":"Liars Game","floor":12,"gold_loss":0},{"damage_healed":0,"gold_gain":0,"player_choice":"Fought Bandits","damage_taken":0,"max_hp_gain":0,"max_hp_loss":0,"event_name":"Masked Bandits","floor":19,"gold_loss":0},{"damage_healed":0,"gold_gain":0,"player_choice":"Damaged","damage_taken":7,"max_hp_gain":0,"max_hp_loss":0,"event_name":"Wheel of Change","floor":21,"gold_loss":0},{"damage_healed":0,"gold_gain":0,"player_choice":"Upgraded","damage_taken":0,"max_hp_gain":0,"max_hp_loss":0,"event_name":"Upgrade Shrine","floor":22,"gold_loss":0,"cards_upgraded":["Noxious Fumes"]},{"cards_removed":["Strike_G"],"damage_healed":0,"gold_gain":0,"player_choice":"Offered Basic","damage_taken":0,"max_hp_gain":0,"max_hp_loss":0,"event_name":"Bonfire Elementals","floor":30,"gold_loss":0}],"is_beta":false,"boss_relics":[{"not_picked":["Busted Crown","Fusion Hammer"],"picked":"Sozu"}],"items_purged_floors":[7],"is_endless":false,"potions_floor_spawned":[13,16,20,29],"killed_by":"Champ","ascension_level":8}