{"gold_per_floor":[14,32,32,50,65,65,86,120,189,189,529,529,550,565,565,695,695,711,294,318,343,368,407,407,407,431,431,451,465,465,72,72,72],"floor_reached":33,"playtime":4771,"items_purged":["Strike_R"],"score":306,"play_id":"8d776201-4249-453a-b3cc-7ad3174246be","local_time":"20190804174551","is_ascension_mode":false,"campfire_choices":[{"data":"Metamorphosis","floor":6,"key":"SMITH"},{"data":"Bash","floor":10,"key":"SMITH"},{"floor":15,"key":"REST"},{"floor":24,"key":"REST"},{"floor":32,"key":"REST"}],"neow_cost":"NO_GOLD","seed_source_timestamp":254653525266800,"circlet_count":0,"master_deck":["Strike_R+1","Strike_R+1","Strike_R+1","Strike_R+1","Defend_R+1","Defend_R+1","Defend_R+1","Defend_R+1","Bash+1","Dramatic Entrance","Metamorphosis+1","Iron Wave","Shockwave+1","Metallicize","Metallicize","Body Slam","Metallicize","Infernal Blade+1","Dual Wield+1","Fire Breathing","Barricade","True Grit+1","Entrench+1","Entrench+1","Disarm+1","Disarm+1","Carnage+1","Panacea+1","Bloodletting+1","Reckless Charge","Seeing Red+1","Berserk","J.A.X.+1","Heavy Blade+1","Heavy Blade","Flame Barrier+1","Panache"],"relics":["Burning Blood","Golden Idol","Strawberry","Toxic Egg 2","Old Coin","Orrery","Brimstone","PreservedInsect","Orichalcum","Nilry\u0027s Codex","Membership Card","War Paint"],"potions_floor_usage":[11,13,20,23,28,29,33,33],"damage_taken":[{"damage":11,"enemies":"Jaw Worm","floor":1,"turns":3},{"damage":3,"enemies":"2 Louse","floor":2,"turns":2},{"damage":0,"enemies":"Cultist","floor":4,"turns":3},{"damage":10,"enemies":"Looter","floor":5,"turns":2},{"damage":13,"enemies":"Large Slime","floor":7,"turns":5},{"damage":21,"enemies":"Gremlin Nob","floor":8,"turns":5},{"damage":30,"enemies":"Lagavulin","floor":11,"turns":7},{"damage":0,"enemies":"2 Fungi Beasts","floor":13,"turns":1},{"damage":5,"enemies":"Red Slaver","floor":14,"turns":4},{"damage":46,"enemies":"The Guardian","floor":16,"turns":10},{"damage":9,"enemies":"Chosen","floor":18,"turns":6},{"damage":15,"enemies":"Shell Parasite","floor":20,"turns":6},{"damage":16,"enemies":"Centurion and Healer","floor":21,"turns":7},{"damage":15,"enemies":"Snake Plant","floor":22,"turns":4},{"damage":44,"enemies":"Book of Stabbing","floor":23,"turns":5},{"damage":22,"enemies":"Shelled Parasite and Fungi","floor":28,"turns":4},{"damage":10,"enemies":"Centurion and Healer","floor":29,"turns":4},{"damage":73,"enemies":"Automaton","floor":33,"turns":6}],"seed_played":"-4819442905765308700","potions_obtained":[{"floor":2,"key":"Ancient Potion"},{"floor":5,"key":"LiquidBronze"},{"floor":8,"key":"Explosive Potion"},{"floor":11,"key":"Fire Potion"},{"floor":22,"key":"AttackPotion"},{"floor":23,"key":"AttackPotion"},{"floor":28,"key":"EssenceOfSteel"}],"is_trial":false,"path_per_floor":["M","M","?","M","M","R","M","E","T","R","E","?","M","M","R","B",null,"M","$","M","M","M","E","R","?","T","?","M","M","?","$","R","B"],"character_chosen":"IRONCLAD","items_purchased":["Panacea+1","Brimstone","Block Potion","Membership Card","Flame Barrier+1","War Paint","Panache"],"campfire_rested":3,"item_purchase_floors":[19,19,19,31,31,31,31],"current_hp_per_floor":[75,78,58,64,60,60,53,45,45,45,21,21,27,28,54,14,87,84,84,75,65,56,18,44,44,44,28,12,8,8,8,34,0],"gold":72,"neow_bonus":"RANDOM_COLORLESS_2","is_prod":false,"is_daily":false,"chose_seed":false,"campfire_upgraded":2,"win_rate":0.0,"timestamp":1564937151,"path_taken":["M","M","?","M","M","R","M","E","T","R","E","?","M","M","R","BOSS","M","$","M","M","M","E","R","?","T","?","M","M","?","$","R","BOSS"],"build_version":"2019-07-17","purchased_purges":1,"victory":false,"max_hp_per_floor":[80,80,80,80,80,80,80,87,87,87,87,87,87,87,87,87,87,87,87,87,87,87,87,87,87,87,87,87,87,87,87,87,87],"card_choices":[{"not_picked":["True Grit","Heavy Blade"],"picked":"Iron Wave","floor":1},{"not_picked":["Iron Wave","Clothesline"],"picked":"Shockwave","floor":2},{"not_picked":["Intimidate","True Grit"],"picked":"Metallicize","floor":4},{"not_picked":["True Grit","Armaments"],"picked":"Metallicize","floor":5},{"not_picked":["Sword Boomerang","Carnage"],"picked":"Body Slam","floor":7},{"not_picked":["Rupture","Fire Breathing"],"picked":"Metallicize","floor":8},{"not_picked":["Reckless Charge","Rampage"],"picked":"Infernal Blade+1","floor":11},{"not_picked":["Body Slam","Pommel Strike"],"picked":"Dual Wield+1","floor":13},{"not_picked":["Hemokinesis","Blood for Blood"],"picked":"Fire Breathing","floor":14},{"not_picked":["Feed","Demon Form"],"picked":"Barricade","floor":16},{"not_picked":["Sever Soul","Pummel"],"picked":"True Grit+1","floor":17},{"not_picked":["Ghostly Armor+1","Armaments+1"],"picked":"Entrench+1","floor":17},{"not_picked":["Infernal Blade+1","Body Slam"],"picked":"Entrench+1","floor":17},{"not_picked":["Twin Strike","Clothesline"],"picked":"Disarm+1","floor":17},{"not_picked":["Clothesline","Twin Strike"],"picked":"Disarm+1","floor":17},{"not_picked":["Heavy Blade","Iron Wave"],"picked":"Carnage+1","floor":18},{"not_picked":["Iron Wave","Perfected Strike+1"],"picked":"Bloodletting+1","floor":20},{"not_picked":["Metallicize","Perfected Strike"],"picked":"Reckless Charge","floor":21},{"not_picked":["Thunderclap","Infernal Blade+1"],"picked":"Seeing Red+1","floor":22},{"not_picked":["Shrug It Off+1","Whirlwind"],"picked":"Berserk","floor":23},{"not_picked":["Shockwave+1","Uppercut+1"],"picked":"Heavy Blade+1","floor":28},{"not_picked":["Cleave","Sword Boomerang"],"picked":"Heavy Blade","floor":29}],"player_experience":23184,"relics_obtained":[{"floor":8,"key":"Strawberry"},{"floor":9,"key":"Toxic Egg 2"},{"floor":11,"key":"Old Coin"},{"floor":23,"key":"PreservedInsect"},{"floor":26,"key":"Orichalcum"},{"floor":27,"key":"Nilry\u0027s Codex"}],"event_choices":[{"damage_healed":0,"gold_gain":0,"player_choice":"Take Damage","damage_taken":20,"relics_obtained":["Golden Idol"],"max_hp_gain":0,"max_hp_loss":0,"event_name":"Golden Idol","floor":3,"gold_loss":0},{"damage_healed":0,"gold_gain":0,"player_choice":"Upgraded","damage_taken":0,"max_hp_gain":0,"max_hp_loss":0,"event_name":"Upgrade Shrine","floor":12,"gold_loss":0,"cards_upgraded":["Shockwave"]},{"damage_healed":0,"gold_gain":0,"player_choice":"Obtain J.A.X.","damage_taken":0,"max_hp_gain":0,"max_hp_loss":0,"event_name":"Drug Dealer","floor":25,"gold_loss":0,"cards_obtained":["J.A.X."]},{"damage_healed":0,"gold_gain":0,"player_choice":"Obtained Book","damage_taken":16,"max_hp_gain":0,"max_hp_loss":0,"event_name":"Cursed Tome","floor":27,"gold_loss":0},{"damage_healed":0,"gold_gain":0,"player_choice":"Simplicity","damage_taken":0,"max_hp_gain":0,"max_hp_loss":0,"event_name":"Back to Basics","floor":30,"gold_loss":0,"cards_upgraded":["Strike_R","Strike_R","Strike_R","Strike_R","Defend_R","Defend_R","Defend_R","Defend_R"]}],"is_beta":false,"boss_relics":[{"not_picked":["Tiny House","Eternal Feather"],"picked":"Orrery"}],"items_purged_floors":[19],"is_endless":false,"potions_floor_spawned":[2,5,8,11,22,23,28],"killed_by":"Automaton","ascension_level":0}