{"gold_per_floor":[114,62,137,87,262,280,280,296,296,319,335,354,354,374,374,479,479],"floor_reached":17,"playtime":196,"items_purged":[],"score":197,"play_id":"94b4f39b-60d1-468a-be6f-2aa96832856f","local_time":"20181205224026","is_ascension_mode":false,"campfire_choices":[{"data":"Zap","floor":7,"key":"SMITH"},{"floor":13,"key":"REST"},{"floor":15,"key":"REST"}],"neow_cost":"NONE","seed_source_timestamp":39986092611815,"circlet_count":0,"master_deck":["Strike_B","Strike_B","Strike_B","Defend_B","Defend_B","Defend_B","Defend_B","Zap+1","Dualcast","Rebound","Ball Lightning","Doubt","Defragment","Rip and Tear","Doom and Gloom"],"relics":["Cracked Core","NeowsBlessing","Shuriken","Ancient Tea Set","Philosopher\u0027s Stone"],"potions_floor_usage":[16,16],"damage_taken":[{"damage":0,"enemies":"Small Slimes","floor":1,"turns":1},{"damage":0,"enemies":"2 Louse","floor":6,"turns":1},{"damage":0,"enemies":"Cultist","floor":8,"turns":1},{"damage":26,"enemies":"Large Slime","floor":11,"turns":5},{"damage":10,"enemies":"Looter","floor":12,"turns":2},{"damage":18,"enemies":"Lots of Slimes","floor":14,"turns":3},{"damage":0,"enemies":"Slime Boss","floor":16,"turns":6}],"seed_played":"-2464794013786387690","potions_obtained":[{"floor":11,"key":"FocusPotion"},{"floor":14,"key":"Dexterity Potion"}],"is_trial":false,"path_per_floor":["M","$","?","?","?","M","R","M","T","T","M","M","R","M","R","B",null],"character_chosen":"DEFECT","items_purchased":["Ball Lightning"],"campfire_rested":2,"item_purchase_floors":[2],"current_hp_per_floor":[75,75,64,64,64,64,64,64,64,64,38,28,50,32,54,54,75],"gold":479,"neow_bonus":"THREE_ENEMY_KILL","is_prod":false,"is_daily":false,"chose_seed":false,"campfire_upgraded":1,"win_rate":0,"timestamp":1544038826,"path_taken":["M","$","?","?","?","M","R","M","T","?","?","M","R","M","R","BOSS"],"build_version":"2018-11-15","purchased_purges":0,"victory":false,"max_hp_per_floor":[75,75,75,75,75,75,75,75,75,75,75,75,75,75,75,75,75],"card_choices":[{"not_picked":["Steam","Redo"],"picked":"Rebound","floor":1},{"not_picked":["Compile Driver","Aggregate","Steam"],"picked":"SKIP","floor":6},{"not_picked":["Cold Snap","Aggregate"],"picked":"Defragment","floor":8},{"not_picked":["Streamline","Self Repair"],"picked":"Rip and Tear","floor":11},{"not_picked":["Stack","Meteor Strike","Gash"],"picked":"SKIP","floor":12},{"not_picked":["Coolheaded","Redo"],"picked":"Doom and Gloom","floor":14}],"player_experience":568369,"relics_obtained":[{"floor":9,"key":"Shuriken"},{"floor":10,"key":"Ancient Tea Set"}],"event_choices":[{"damage_healed":0,"gold_gain":75,"player_choice":"Gather Gold","damage_taken":11,"max_hp_gain":0,"max_hp_loss":0,"event_name":"World of Goop","floor":3,"gold_loss":0},{"cards_removed":["Strike_B"],"damage_healed":0,"gold_gain":0,"player_choice":"Card Removal","damage_taken":0,"max_hp_gain":0,"max_hp_loss":0,"event_name":"The Cleric","floor":4,"gold_loss":50},{"damage_healed":0,"gold_gain":175,"player_choice":"AGREE","damage_taken":0,"max_hp_gain":0,"max_hp_loss":0,"event_name":"Liars Game","floor":5,"gold_loss":0,"cards_obtained":["Doubt"]}],"is_beta":false,"boss_relics":[{"not_picked":["Calling Bell","Tiny House"],"picked":"Philosopher\u0027s Stone"}],"items_purged_floors":[],"is_endless":false,"potions_floor_spawned":[11,14],"ascension_level":0}