{"gold_per_floor":[117,192,23,43,43,78,128,128,128,142,171,181,216,234,234,234],"floor_reached":16,"playtime":2176,"items_purged":[],"score":145,"play_id":"5a92709a-54e9-4915-badc-dcb20e275557","local_time":"20190805155218","is_ascension_mode":false,"campfire_choices":[{"data":"Acrobatics","floor":8.0,"key":"SMITH"},{"floor":15,"key":"REST"}],"neow_cost":"NONE","seed_source_timestamp":448975375679031,"circlet_count":0,"master_deck":["Strike_G","Strike_G+1","Strike_G","Strike_G","Strike_G","Defend_G","Defend_G","Defend_G","Defend_G","Defend_G","Survivor","Neutralize+1","Choke","Acrobatics+1","Calculated Gamble","Flechettes","PiercingWail","Dagger Spray","Crippling Poison","Noxious Fumes","Backflip"],"special_seed":0,"relics":["Ring of the Snake","NeowsBlessing","Whetstone","Calipers","Blood Vial","Meat on the Bone","Centennial Puzzle","Bottled Flame"],"potions_floor_usage":[13,16],"damage_taken":[{"damage":0.0,"enemies":"2 Louse","floor":1.0,"turns":1.0},{"damage":0.0,"enemies":"Jaw Worm","floor":4.0,"turns":1.0},{"damage":0.0,"enemies":"Lagavulin","floor":6.0,"turns":1.0},{"damage":0.0,"enemies":"Cultist","floor":10.0,"turns":2.0},{"damage":39,"enemies":"3 Sentries","floor":11,"turns":10},{"damage":2,"enemies":"3 Louse","floor":12,"turns":4},{"damage":15,"enemies":"Gremlin Nob","floor":13,"turns":5},{"damage":8,"enemies":"Blue Slaver","floor":14,"turns":3},{"damage":67,"enemies":"Slime Boss","floor":16,"turns":10}],"seed_played":"-4199123465681818804","potions_obtained":[{"floor":6.0,"key":"GamblersBrew"},{"floor":12,"key":"Block Potion"}],"is_trial":false,"path_per_floor":["M","?","$","M","$","E","T","R","T","M","E","M","E","M","R","B"],"character_chosen":"THE_SILENT","items_purchased":["Acrobatics","Whetstone"],"campfire_rested":1,"item_purchase_floors":[3,3],"current_hp_per_floor":[70,59,59,59,59,59,59,59,59,61,36,36,35,41,62,0],"gold":234,"neow_bonus":"THREE_ENEMY_KILL","is_prod":false,"is_daily":false,"chose_seed":false,"campfire_upgraded":1,"win_rate":0.0,"timestamp":1565034738,"path_taken":["M","?","$","M","$","E","?","R","T","?","E","M","E","M","R","BOSS"],"build_version":"2019-07-17","purchased_purges":0,"victory":false,"max_hp_per_floor":[70,70,70,70,70,70,70,70,70,70,70,70,70,70,70,70],"card_choices":[{"not_picked":["Sucker Punch","Riddle With Holes"],"picked":"Choke","floor":1.0},{"not_picked":["PiercingWail","Dagger Spray"],"picked":"Calculated Gamble","floor":4.0},{"not_picked":["Dagger Throw","Blade Dance"],"picked":"Flechettes","floor":6.0},{"not_picked":["Flying Knee","Riddle With Holes"],"picked":"PiercingWail","floor":10.0},{"not_picked":["Heel Hook","Slice"],"picked":"Dagger Spray","floor":11},{"not_picked":["Quick Slash","All Out Attack"],"picked":"Crippling Poison","floor":12},{"not_picked":["Riddle With Holes","Poisoned Stab"],"picked":"Noxious Fumes","floor":13},{"not_picked":["Deflect","Predator"],"picked":"Backflip","floor":14}],"player_experience":8423,"relics_obtained":[{"floor":6.0,"key":"Calipers"},{"floor":7.0,"key":"Blood Vial"},{"floor":9.0,"key":"Meat on the Bone"},{"floor":11,"key":"Centennial Puzzle"},{"floor":13,"key":"Bottled Flame"}],"event_choices":[{"damage_healed":0.0,"max_hp_gain":0.0,"max_hp_loss":0.0,"gold_gain":75.0,"event_name":"World of Goop","player_choice":"Gather Gold","floor":2.0,"gold_loss":0.0,"damage_taken":11.0}],"is_beta":false,"boss_relics":[],"items_purged_floors":[],"is_endless":false,"potions_floor_spawned":[6,12],"killed_by":"Slime Boss","ascension_level":0}