{"gold_per_floor":[113,125,137,237,248,248,268,287,287,287,287,305,305,324,324,426,426,438,426,437,437],"floor_reached":21,"playtime":2140,"items_purged":[],"score":179,"play_id":"94285687-d564-4c0d-8f79-6cc969e47d5f","local_time":"20190408184541","is_ascension_mode":false,"campfire_choices":[{"data":"Seeing Red","floor":6,"key":"SMITH"},{"data":"Flex","floor":10,"key":"SMITH"},{"data":"Flame Barrier","floor":13,"key":"SMITH"},{"data":"Anger","floor":15,"key":"SMITH"}],"neow_cost":"NONE","seed_source_timestamp":24336006229627,"circlet_count":0,"master_deck":["Strike_R","Strike_R","Strike_R","Strike_R","Strike_R","Defend_R","Defend_R","Defend_R","Bash","Thunderclap","Spot Weakness","Body Slam","Seeing Red+1","Seeing Red","Flex+1","Flex","Flame Barrier+1","Anger+1","Feed","Thunderclap","Ghostly Armor","Shrug It Off"],"relics":["Burning Blood","Bag of Preparation","Eternal Feather"],"potions_floor_usage":[12,16,16,20,21],"damage_taken":[{"damage":15,"enemies":"Jaw Worm","floor":1,"turns":4},{"damage":1,"enemies":"Cultist","floor":2,"turns":3},{"damage":2,"enemies":"2 Louse","floor":3,"turns":2},{"damage":12,"enemies":"Large Slime","floor":5,"turns":6},{"damage":8,"enemies":"2 Fungi Beasts","floor":7,"turns":3},{"damage":12,"enemies":"Gremlin Gang","floor":8,"turns":4},{"damage":14,"enemies":"Exordium Thugs","floor":11,"turns":4},{"damage":0,"enemies":"Blue Slaver","floor":12,"turns":1},{"damage":13,"enemies":"Lots of Slimes","floor":14,"turns":3},{"damage":55,"enemies":"Slime Boss","floor":16,"turns":11},{"damage":21,"enemies":"Chosen","floor":18,"turns":5},{"damage":20,"enemies":"2 Thieves","floor":19,"turns":4},{"damage":27,"enemies":"Snake Plant","floor":20,"turns":4},{"damage":33,"enemies":"Masked Bandits","floor":21,"turns":3}],"seed_played":"6302051852978649403","potions_obtained":[{"floor":2,"key":"FearPotion"},{"floor":7,"key":"Fire Potion"},{"floor":14,"key":"PowerPotion"},{"floor":16,"key":"Weak Potion"},{"floor":19,"key":"Explosive Potion"},{"floor":20,"key":"Swift Potion"}],"is_trial":false,"path_per_floor":["M","M","M","?","M","R","M","M","T","R","M","M","R","M","R","B",null,"M","M","M","?"],"character_chosen":"IRONCLAD","items_purchased":[],"campfire_rested":0,"item_purchase_floors":[],"current_hp_per_floor":[71,76,80,80,74,74,72,66,66,66,58,64,64,57,57,8,80,65,51,33,0],"gold":437,"neow_bonus":"TRANSFORM_CARD","is_prod":false,"is_daily":false,"chose_seed":false,"campfire_upgraded":4,"win_rate":0.0,"timestamp":1554741941,"path_taken":["M","M","M","?","M","R","M","?","T","R","M","M","R","M","R","BOSS","M","M","M","?"],"build_version":"2019-01-23","purchased_purges":0,"victory":false,"max_hp_per_floor":[80,80,80,80,80,80,80,80,80,80,80,80,80,80,80,80,80,80,80,83,83],"card_choices":[{"not_picked":["True Grit","Heavy Blade"],"picked":"Spot Weakness","floor":1},{"not_picked":["Clothesline","Perfected Strike","Rupture"],"picked":"SKIP","floor":2},{"not_picked":["Iron Wave","Disarm"],"picked":"Body Slam","floor":3},{"not_picked":["Armaments","Headbutt"],"picked":"Seeing Red","floor":5},{"not_picked":["Body Slam","Intimidate"],"picked":"Seeing Red","floor":7},{"not_picked":["Sword Boomerang","Body Slam"],"picked":"Flex","floor":8},{"not_picked":["Sever Soul","Corruption"],"picked":"Flex","floor":11},{"not_picked":["Clash","Cleave"],"picked":"Flame Barrier","floor":12},{"not_picked":["Spot Weakness","Second Wind"],"picked":"Anger","floor":14},{"not_picked":["Berserk","Fiend Fire"],"picked":"Feed","floor":16},{"not_picked":["Perfected Strike","Combust"],"picked":"Thunderclap","floor":18},{"not_picked":["Bloodletting","Dropkick"],"picked":"Ghostly Armor","floor":19},{"not_picked":["Twin Strike","Pommel Strike"],"picked":"Shrug It Off","floor":20}],"player_experience":10220,"relics_obtained":[{"floor":9,"key":"Bag of Preparation"}],"event_choices":[{"damage_healed":0,"gold_gain":100,"player_choice":"Pray","damage_taken":0,"max_hp_gain":0,"max_hp_loss":0,"event_name":"Golden Shrine","floor":4,"gold_loss":0},{"damage_healed":0,"gold_gain":0,"player_choice":"Fought Bandits","damage_taken":0,"max_hp_gain":0,"max_hp_loss":0,"event_name":"Masked Bandits","floor":21,"gold_loss":0}],"is_beta":false,"boss_relics":[{"not_picked":["Philosopher\u0027s Stone","Fusion Hammer"],"picked":"Eternal Feather"}],"items_purged_floors":[],"is_endless":false,"potions_floor_spawned":[2,7,14,16,19,20],"killed_by":"Masked Bandits","ascension_level":0}