{"gold_per_floor":[109,109,109,109,128,155,155,165,165,199,199,229,245,264,264,363,363,376,376,376,125,143,143,143,143,168,468,481,513,532,497,497,595,595,614,614,245,299,299,299,322,356,409,409,440,66,66,97,97,97],"floor_reached":51,"playtime":11218,"items_purged":["Strike_R+1","Strike_R+1"],"score":993,"play_id":"46d0b38b-47c6-4211-9ec8-93fd6693b88c","local_time":"20190728163715","is_ascension_mode":true,"campfire_choices":[{"data":"True Grit","floor":7.0,"key":"SMITH"},{"floor":11.0,"key":"REST"},{"data":"Cleave","floor":15.0,"key":"SMITH"},{"data":"Inflame","floor":23,"key":"SMITH"},{"data":"J.A.X.","floor":25,"key":"SMITH"},{"data":"Disarm","floor":32,"key":"SMITH"},{"data":"Clothesline","floor":40,"key":"SMITH"},{"floor":44,"key":"REST"},{"floor":49,"key":"REST"}],"neow_cost":"NONE","seed_source_timestamp":0,"circlet_count":0,"master_deck":["Strike_R+1","Strike_R+1","Strike_R+1","Defend_R+1","Defend_R+1","Defend_R+1","Defend_R+1","Bash","Uppercut+1","Inflame+1","True Grit+1","Disarm+1","Cleave+1","Shrug It Off","Inflame","Feel No Pain","Iron Wave","Feed","Anger","Shrug It Off","Feel No Pain+1","Anger+1","J.A.X.+1","Twin Strike","Anger+1","Corruption+1","Reaper","True Grit+1","Impervious","Clothesline+1","Combust+1","Madness","Madness","Doubt","Feel No Pain+1","Shockwave","Disarm"],"special_seed":0,"relics":["Burning Blood","Shuriken","Bag of Preparation","Omamori","Letter Opener","Mark of Pain","Frozen Egg 2","Art of War","Old Coin","Bottled Flame","Cursed Key","PreservedInsect","Regal Pillow","Bag of Marbles","Boot","Self Forming Clay","Ice Cream","Orichalcum"],"potions_floor_usage":[33,33,45,48,50],"damage_taken":[{"damage":8.0,"enemies":"Small Slimes","floor":1.0,"turns":4.0},{"damage":1.0,"enemies":"2 Louse","floor":5.0,"turns":2.0},{"damage":25.0,"enemies":"3 Sentries","floor":6.0,"turns":8.0},{"damage":3.0,"enemies":"Jaw Worm","floor":8.0,"turns":4.0},{"damage":18.0,"enemies":"Lagavulin","floor":10.0,"turns":6.0},{"damage":19.0,"enemies":"3 Sentries","floor":12.0,"turns":7.0},{"damage":6.0,"enemies":"Exordium Wildlife","floor":13.0,"turns":3.0},{"damage":3.0,"enemies":"Looter","floor":14.0,"turns":3.0},{"damage":0.0,"enemies":"Slime Boss","floor":16.0,"turns":7.0},{"damage":3.0,"enemies":"Shell Parasite","floor":18.0,"turns":7.0},{"damage":4,"enemies":"3 Byrds","floor":22,"turns":5},{"damage":15,"enemies":"Snake Plant","floor":28,"turns":4},{"damage":22,"enemies":"Book of Stabbing","floor":29,"turns":5},{"damage":3,"enemies":"Cultist and Chosen","floor":30,"turns":7},{"damage":43,"enemies":"Collector","floor":33,"turns":9},{"damage":26,"enemies":"3 Darklings","floor":35,"turns":9},{"damage":72,"enemies":"Reptomancer","floor":42,"turns":9},{"damage":49,"enemies":"Giant Head","floor":45,"turns":8},{"damage":38,"enemies":"Reptomancer","floor":48,"turns":5},{"damage":60,"enemies":"Donu and Deca","floor":50,"turns":10}],"seed_played":"7565225621901143496","potions_obtained":[{"floor":1.0,"key":"SkillPotion"},{"floor":6.0,"key":"Strength Potion"},{"floor":13.0,"key":"SkillPotion"},{"floor":14.0,"key":"BloodPotion"},{"floor":16.0,"key":"FearPotion"},{"floor":28,"key":"Dexterity Potion"},{"floor":42,"key":"GamblersBrew"},{"floor":45,"key":"Poison Potion"}],"is_trial":false,"path_per_floor":["M","?","?","?","M","E","R","M","T","E","R","E","M","M","R","B",null,"M","?","?","$","M","R","?","R","T","T","M","E","M","$","R","B",null,"M","?","$","T","?","R","T","E","T","R","E","$","$","E","R","B",null],"character_chosen":"IRONCLAD","items_purchased":["Anger","Shrug It Off","Feel No Pain+1","Corruption+1","Clothesline","PreservedInsect","Combust+1","Shockwave","Ice Cream"],"campfire_rested":3,"item_purchase_floors":[21,21,21,31,37,37,37,46,46],"current_hp_per_floor":[78,62,62,62,67,48,48,51,51,39,63,50,50,53,53,59,80,83,83,83,83,83,83,83,83,83,83,74,58,61,61,61,24,83,83,83,83,83,73,73,73,13,13,52,50,50,50,41,81,52],"gold":97,"neow_bonus":"THREE_CARDS","is_prod":false,"is_daily":false,"chose_seed":false,"campfire_upgraded":6,"win_rate":0,"timestamp":1564324635,"path_taken":["M","?","?","?","M","E","R","M","T","E","R","E","M","M","R","BOSS","M","?","?","?","M","R","?","R","T","?","M","E","?","?","R","BOSS","M","?","$","?","?","R","?","E","T","R","E","?","$","E","R","BOSS"],"build_version":"2019-07-17","purchased_purges":2,"victory":true,"max_hp_per_floor":[80,80,80,80,80,80,80,80,80,80,80,80,80,80,80,80,80,83,83,83,83,83,83,83,83,83,83,83,83,83,83,83,83,83,83,83,83,83,83,83,83,83,83,83,83,83,83,86,86,89],"card_choices":[{"not_picked":["Warcry","Flex"],"picked":"Uppercut","floor":0.0},{"not_picked":["Intimidate","Pommel Strike"],"picked":"Inflame","floor":1.0},{"not_picked":["Body Slam","Evolve"],"picked":"True Grit","floor":5.0},{"not_picked":["Havoc","Brutality"],"picked":"Disarm","floor":6.0},{"not_picked":["Warcry","Clothesline"],"picked":"Cleave","floor":8.0},{"not_picked":["Carnage","Power Through"],"picked":"Shrug It Off","floor":10.0},{"not_picked":["Rage","Power Through"],"picked":"Inflame","floor":12.0},{"not_picked":["Cleave","Corruption"],"picked":"Feel No Pain","floor":13.0},{"not_picked":["Perfected Strike","Thunderclap"],"picked":"Iron Wave","floor":14.0},{"not_picked":["Brutality","Juggernaut"],"picked":"Feed","floor":16.0},{"not_picked":["Blood for Blood","Power Through+1","Havoc"],"picked":"SKIP","floor":18.0},{"not_picked":["Rage+1","Headbutt+1"],"picked":"Anger+1","floor":22},{"not_picked":["Perfected Strike+1","Thunderclap+1"],"picked":"Twin Strike","floor":28},{"not_picked":["Headbutt+1","Feel No Pain+1","Clash"],"picked":"SKIP","floor":29},{"not_picked":["True Grit","Thunderclap"],"picked":"Anger+1","floor":30},{"not_picked":["Barricade+1","Impervious"],"picked":"Reaper","floor":33},{"not_picked":["Perfected Strike+1","Feel No Pain+1"],"picked":"True Grit+1","floor":35},{"not_picked":["Rage+1","Flex","Perfected Strike"],"picked":"SKIP","floor":42},{"not_picked":["Infernal Blade+1","Dropkick+1"],"picked":"Feel No Pain+1","floor":45},{"not_picked":["Cleave+1","Hemokinesis+1"],"picked":"Disarm","floor":48}],"player_experience":614399,"relics_obtained":[{"floor":6.0,"key":"Shuriken"},{"floor":9.0,"key":"Bag of Preparation"},{"floor":10.0,"key":"Omamori"},{"floor":12.0,"key":"Letter Opener"},{"floor":26,"key":"Art of War"},{"floor":27,"key":"Old Coin"},{"floor":29,"key":"Bottled Flame"},{"floor":41,"key":"Regal Pillow"},{"floor":42,"key":"Bag of Marbles"},{"floor":43,"key":"Boot"},{"floor":45,"key":"Self Forming Clay"},{"floor":48,"key":"Orichalcum"}],"event_choices":[{"damage_healed":0.0,"max_hp_gain":0.0,"max_hp_loss":0.0,"gold_gain":0.0,"event_name":"Shining Light","player_choice":"Entered Light","floor":2.0,"gold_loss":0.0,"damage_taken":16.0,"cards_upgraded":["Defend_R","Strike_R"]},{"damage_healed":0.0,"max_hp_gain":0.0,"max_hp_loss":0.0,"gold_gain":0.0,"event_name":"Living Wall","player_choice":"Grow","floor":3.0,"gold_loss":0.0,"damage_taken":0.0,"cards_upgraded":["Uppercut"]},{"damage_healed":0.0,"max_hp_gain":0.0,"max_hp_loss":0.0,"gold_gain":0.0,"event_name":"Golden Idol","player_choice":"Ignored","floor":4.0,"gold_loss":0.0,"damage_taken":0.0},{"damage_healed":0.0,"max_hp_gain":0.0,"max_hp_loss":0.0,"gold_gain":0.0,"event_name":"Back to Basics","player_choice":"Simplicity","floor":19.0,"gold_loss":0.0,"damage_taken":0.0,"cards_upgraded":["Strike_R","Strike_R","Strike_R","Strike_R","Defend_R","Defend_R","Defend_R"]},{"damage_healed":0.0,"max_hp_gain":0.0,"max_hp_loss":0.0,"gold_gain":0.0,"event_name":"The Mausoleum","player_choice":"Opened","floor":20.0,"gold_loss":0.0,"damage_taken":0.0,"relics_obtained":["Frozen Egg 2"]},{"damage_healed":0,"gold_gain":0,"player_choice":"Obtain J.A.X.","damage_taken":0,"max_hp_gain":0,"max_hp_loss":0,"event_name":"Drug Dealer","floor":24,"gold_loss":0,"cards_obtained":["J.A.X."]},{"damage_healed":0,"gold_gain":0,"player_choice":"1 cards matched","damage_taken":0,"max_hp_gain":0,"max_hp_loss":0,"event_name":"Match and Keep!","floor":36,"gold_loss":0,"cards_obtained":["Impervious"]},{"damage_healed":0,"gold_gain":0,"player_choice":"Embrace Madness","damage_taken":10,"max_hp_gain":0,"max_hp_loss":0,"event_name":"Winding Halls","floor":39,"gold_loss":0,"cards_obtained":["Madness","Madness"]}],"is_beta":false,"boss_relics":[{"not_picked":["Orrery","Eternal Feather"],"picked":"Mark of Pain"},{"not_picked":["Lizard Tail","Snecko Eye"],"picked":"Cursed Key"}],"items_purged_floors":[21,37],"is_endless":false,"potions_floor_spawned":[1,6,13,14,16,18,28,42,45],"ascension_level":4}