{"gold_per_floor":[115,115,133,98,113,146,161,194,224,224,252,252,262,282,282,282],"floor_reached":16,"playtime":551,"items_purged":[],"score":244,"play_id":"4c737b5c-cf13-4e5c-a32a-b04e749cb540","local_time":"20190806205741","is_ascension_mode":true,"campfire_choices":[{"floor":10,"key":"REST"},{"data":"Biased Cognition","floor":15,"key":"SMITH"}],"neow_cost":"NONE","seed_source_timestamp":356148305306139,"circlet_count":0,"master_deck":["AscendersBane","Strike_B","Strike_B","Strike_B","Defend_B","Defend_B","Defend_B","Defend_B","Zap+1","Dualcast","Loop+1","Sweeping Beam","Steam Power","Biased Cognition+1","Glacier","Compile Driver","Undo","Seek"],"relics":["Cracked Core","Lantern","Art of War","Tiny Chest","Kunai"],"potions_floor_usage":[6],"damage_taken":[{"damage":5,"enemies":"Small Slimes","floor":1,"turns":3},{"damage":6,"enemies":"Cultist","floor":3,"turns":3},{"damage":2,"enemies":"Jaw Worm","floor":5,"turns":3},{"damage":27,"enemies":"3 Sentries","floor":6,"turns":6},{"damage":2,"enemies":"Looter","floor":7,"turns":3},{"damage":15,"enemies":"Lagavulin","floor":8,"turns":7},{"damage":14,"enemies":"3 Sentries","floor":11,"turns":6},{"damage":7,"enemies":"Lots of Slimes","floor":13,"turns":2},{"damage":1,"enemies":"Exordium Wildlife","floor":14,"turns":2},{"damage":28,"enemies":"Hexaghost","floor":16,"turns":12}],"seed_played":"-5131621234154222246","potions_obtained":[{"floor":3,"key":"SpeedPotion"},{"floor":5,"key":"SpeedPotion"},{"floor":7,"key":"FairyPotion"}],"is_trial":false,"path_per_floor":["M","?","M","?","M","E","M","E","T","R","E","?","M","M","R","B"],"character_chosen":"DEFECT","items_purchased":[],"campfire_rested":1,"item_purchase_floors":[],"current_hp_per_floor":[59,52,46,63,61,34,32,17,17,38,24,24,17,16,16,0],"gold":282,"neow_bonus":"UPGRADE_CARD","is_prod":false,"is_daily":false,"chose_seed":false,"campfire_upgraded":1,"win_rate":0,"timestamp":1565150261,"path_taken":["M","?","M","?","M","E","M","E","T","R","E","?","M","?","R","BOSS"],"build_version":"2019-07-17","purchased_purges":0,"victory":false,"max_hp_per_floor":[71,71,71,71,71,71,71,71,71,71,71,71,71,71,71,71],"card_choices":[{"not_picked":["Barrage","White Noise"],"picked":"Loop","floor":1},{"not_picked":["Redo","Steam"],"picked":"Sweeping Beam","floor":3},{"not_picked":["Stack","Beam Cell"],"picked":"Steam Power","floor":5},{"not_picked":["Barrage","Steam Power"],"picked":"Biased Cognition","floor":6},{"not_picked":["Aggregate","Go for the Eyes"],"picked":"Glacier","floor":7},{"not_picked":["Gash","Beam Cell","Chaos"],"picked":"SKIP","floor":8},{"not_picked":["Genetic Algorithm","Coolheaded"],"picked":"Compile Driver","floor":11},{"not_picked":["Barrage","Stack"],"picked":"Undo","floor":13},{"not_picked":["Static Discharge","Turbo"],"picked":"Seek","floor":14}],"player_experience":868897,"relics_obtained":[{"floor":6,"key":"Lantern"},{"floor":8,"key":"Art of War"},{"floor":9,"key":"Tiny Chest"},{"floor":11,"key":"Kunai"}],"event_choices":[{"cards_removed":["Strike_B"],"damage_healed":0,"gold_gain":0,"player_choice":"Card Removal","damage_taken":7,"max_hp_gain":0,"max_hp_loss":0,"event_name":"Golden Wing","floor":2,"gold_loss":0},{"damage_healed":17,"gold_gain":0,"player_choice":"Healed","damage_taken":0,"max_hp_gain":0,"max_hp_loss":0,"event_name":"The Cleric","floor":4,"gold_loss":35},{"damage_healed":0,"gold_gain":0,"player_choice":"Upgraded","damage_taken":0,"max_hp_gain":0,"max_hp_loss":0,"event_name":"Upgrade Shrine","floor":12,"gold_loss":0,"cards_upgraded":["Loop"]}],"is_beta":false,"boss_relics":[],"items_purged_floors":[],"is_endless":false,"potions_floor_spawned":[3,5,7,8,14],"killed_by":"Hexaghost","ascension_level":20}