{"gold_per_floor":[110,122,122,272,0,27,46,73,73,73],"floor_reached":10,"playtime":310,"items_purged":["Doubt"],"score":202,"play_id":"7a1486ad-a0a9-4632-814d-c130efd30e83","local_time":"20190801125235","is_ascension_mode":true,"campfire_choices":[],"neow_cost":"NONE","seed_source_timestamp":50417216357869,"circlet_count":0,"master_deck":["AscendersBane","Strike_G","Strike_G+1","Strike_G","Strike_G","Strike_G","Defend_G","Defend_G","Defend_G","Defend_G","Defend_G+1","Survivor","Neutralize","All Out Attack","Prepared","Mayhem","Leg Sweep","Skewer","Leg Sweep"],"special_seed":0,"relics":["Ring of the Snake","NeowsBlessing","Letter Opener","Kunai","Bottled Lightning"],"potions_floor_usage":[],"damage_taken":[{"damage":0.0,"enemies":"2 Louse","floor":1.0,"turns":1.0},{"damage":0.0,"enemies":"Jaw Worm","floor":2.0,"turns":1.0},{"damage":0.0,"enemies":"Gremlin Nob","floor":6.0,"turns":1.0},{"damage":4.0,"enemies":"Small Slimes","floor":7.0,"turns":5.0},{"damage":19,"enemies":"3 Sentries","floor":8,"turns":9},{"damage":4,"enemies":"Gremlin Gang","floor":10,"turns":3}],"seed_played":"-8833595898406946383","potions_obtained":[{"floor":6.0,"key":"EssenceOfSteel"},{"floor":7.0,"key":"FearPotion"}],"is_trial":false,"path_per_floor":["M","M","?","?","$","E","M","E","T","M"],"character_chosen":"THE_SILENT","items_purchased":["Mayhem"],"campfire_rested":0,"item_purchase_floors":[5],"current_hp_per_floor":[59,59,39,39,39,39,35,16,16,12],"gold":73,"neow_bonus":"THREE_ENEMY_KILL","is_prod":false,"is_daily":false,"chose_seed":false,"campfire_upgraded":0,"win_rate":0,"timestamp":1564689155,"path_taken":["M","M","?","?","$","E","M","E","T","M"],"build_version":"2019-07-17","purchased_purges":1,"victory":false,"max_hp_per_floor":[66,66,66,66,66,66,66,66,66,66],"card_choices":[{"not_picked":["Blade Dance","Reflex"],"picked":"All Out Attack","floor":1.0},{"not_picked":["Deadly Poison","Outmaneuver"],"picked":"Prepared","floor":2.0},{"not_picked":["Infinite Blades","Finisher"],"picked":"Leg Sweep","floor":6.0},{"not_picked":["Riddle With Holes","Poisoned Stab"],"picked":"Skewer","floor":7.0},{"not_picked":["Sucker Punch","Setup"],"picked":"Leg Sweep","floor":8}],"player_experience":712514,"relics_obtained":[{"floor":6.0,"key":"Letter Opener"},{"floor":8,"key":"Kunai"},{"floor":9,"key":"Bottled Lightning"}],"event_choices":[{"damage_healed":0.0,"max_hp_gain":0.0,"max_hp_loss":0.0,"gold_gain":0.0,"event_name":"Shining Light","player_choice":"Entered Light","floor":3.0,"gold_loss":0.0,"damage_taken":20.0,"cards_upgraded":["Strike_G","Defend_G"]},{"damage_healed":0.0,"max_hp_gain":0.0,"max_hp_loss":0.0,"gold_gain":150.0,"event_name":"Liars Game","player_choice":"AGREE","floor":4.0,"gold_loss":0.0,"damage_taken":0.0,"cards_obtained":["Doubt"]}],"is_beta":false,"boss_relics":[],"items_purged_floors":[5],"is_endless":false,"potions_floor_spawned":[6,7],"killed_by":"Gremlin Gang","ascension_level":20}