{"gold_per_floor":[114,114,114,134,148,148,166,192,192,211,230,155,170,170,170,270,270,256,156,156,71,89,116,216,226,226,226,241,241,269,284,284,384,384,401,421,54,0,0,0,16,48,48,101,101,101,118,118,118,118],"floor_reached":51,"playtime":3261,"items_purged":["Strike_G","Strike_G","Strike_G"],"score":707,"play_id":"9574726a-844c-4308-854d-82430d5b7850","local_time":"20181012165852","is_ascension_mode":false,"campfire_choices":[{"data":"Neutralize","floor":6.0,"key":"SMITH"},{"data":"Accuracy","floor":15.0,"key":"SMITH"},{"data":"Accuracy","floor":27.0,"key":"SMITH"},{"data":"Tactician","floor":32.0,"key":"SMITH"},{"data":"Deep Breath","floor":40,"key":"SMITH"},{"data":"1","floor":46,"key":"LIFT"},{"data":"2","floor":49,"key":"LIFT"}],"neow_cost":"NONE","seed_source_timestamp":0,"circlet_count":0,"master_deck":["Defend_G","Defend_G","Defend_G+1","Defend_G","Defend_G","Survivor+1","Neutralize+1","Accuracy+1","Backflip","Accuracy+1","Blade Dance+1","Slice+1","Concentrate","Outmaneuver+1","Tactician+1","Malaise","Cloak And Dagger+1","Heel Hook+1","Deep Breath+1","Tactician+1","Predator+1"],"special_seed":0,"relics":["Coffee Dripper","Mercury Hourglass","Odd Mushroom","Oddly Smooth Stone","Matryoshka","Runic Pyramid","Gremlin Horn","Ice Cream","Blood Vial","War Paint","Strawberry","Empty Cage","Ornamental Fan","Red Mask","Calipers","Shuriken","Girya","Gambling Chip","The Specimen"],"potions_floor_usage":[44,50],"damage_taken":[{"damage":0.0,"enemies":"Jaw Worm","floor":1.0,"turns":4.0},{"damage":0.0,"enemies":"Cultist","floor":4.0,"turns":3.0},{"damage":0.0,"enemies":"Small Slimes","floor":5.0,"turns":3.0},{"damage":0.0,"enemies":"Red Slaver","floor":7.0,"turns":3.0},{"damage":11.0,"enemies":"The Mushroom Lair","floor":8.0,"turns":5.0},{"damage":0.0,"enemies":"Looter","floor":10.0,"turns":3.0},{"damage":0.0,"enemies":"Blue Slaver","floor":11.0,"turns":4.0},{"damage":0.0,"enemies":"Red Slaver","floor":13.0,"turns":4.0},{"damage":21.0,"enemies":"Slime Boss","floor":16.0,"turns":13.0},{"damage":8.0,"enemies":"2 Thieves","floor":18.0,"turns":4.0},{"damage":0.0,"enemies":"Chosen","floor":22.0,"turns":4.0},{"damage":4.0,"enemies":"Gremlin Leader","floor":23.0,"turns":6.0},{"damage":0.0,"enemies":"3 Cultists","floor":25.0,"turns":4.0},{"damage":15.0,"enemies":"Snake Plant","floor":28.0,"turns":4.0},{"damage":14.0,"enemies":"Slavers","floor":30.0,"turns":6.0},{"damage":0.0,"enemies":"Snecko","floor":31.0,"turns":5.0},{"damage":40.0,"enemies":"Collector","floor":33.0,"turns":14.0},{"damage":7,"enemies":"Orb Walker","floor":35,"turns":8},{"damage":16,"enemies":"3 Darklings","floor":36,"turns":6},{"damage":0,"enemies":"Maw","floor":41,"turns":8},{"damage":22,"enemies":"Nemesis","floor":42,"turns":7},{"damage":4,"enemies":"Mysterious Sphere","floor":44,"turns":3},{"damage":0,"enemies":"Transient","floor":47,"turns":5},{"damage":3,"enemies":"Mind Bloom Boss Battle","floor":48,"turns":6},{"damage":27,"enemies":"Donu and Deca","floor":50,"turns":12}],"seed_played":"750965149398995312","potions_obtained":[{"floor":4.0,"key":"LiquidBronze"},{"floor":10.0,"key":"Strength Potion"},{"floor":11.0,"key":"PowerPotion"},{"floor":16.0,"key":"Poison Potion"},{"floor":18.0,"key":"GhostInAJar"},{"floor":23.0,"key":"Swift Potion"},{"floor":30.0,"key":"AttackPotion"},{"floor":31.0,"key":"Dexterity Potion"},{"floor":35,"key":"Swift Potion"},{"floor":36,"key":"GhostInAJar"},{"floor":48,"key":"FairyPotion"}],"is_trial":false,"path_per_floor":["M","?","?","M","M","R","M","?","T","M","M","$","M","?","R","B",null,"M","$","?","?","M","E","?","M","T","R","M","?","E","M","R","B",null,"M","M","$","?","?","R","M","E","T","?","?","R","M","?","R","B"],"character_chosen":"THE_SILENT","items_purchased":["Ornamental Fan"],"campfire_rested":0,"item_purchase_floors":[37],"current_hp_per_floor":[70,70,70,70,70,70,70,59,59,59,59,59,59,56,56,35,70,62,62,62,62,62,58,58,58,58,58,45,68,63,65,65,27,77,70,56,56,56,56,56,58,38,38,36,67,67,67,64,64,39],"gold":118,"neow_bonus":"BOSS_RELIC","is_prod":false,"is_daily":false,"chose_seed":false,"campfire_upgraded":5,"win_rate":0,"timestamp":1539388732,"path_taken":["M","?","?","M","M","R","M","?","T","?","M","$","M","?","R","BOSS","M","$","?","?","?","E","?","?","T","R","?","?","E","M","R","BOSS","M","M","$","?","?","R","M","E","T","?","?","R","?","?","R","BOSS"],"build_version":"2018-10-11","purchased_purges":3,"victory":true,"max_hp_per_floor":[70,70,70,70,70,70,70,70,70,70,70,70,70,70,70,70,70,70,70,70,70,70,70,70,70,70,70,70,70,77,77,77,77,77,77,77,77,77,77,77,77,77,77,77,67,67,67,67,67,67],"card_choices":[{"not_picked":["Dagger Throw","Bane","Choke"],"picked":"SKIP","floor":1.0},{"not_picked":["Distraction","Poisoned Stab","Dash"],"picked":"SKIP","floor":4.0},{"not_picked":["Dagger Spray","Deadly Poison","Blade Dance"],"picked":"SKIP","floor":5.0},{"not_picked":["Crippling Poison","Blade Dance"],"picked":"Accuracy","floor":7.0},{"not_picked":["Masterful Stab","Blade Dance"],"picked":"Backflip","floor":8.0},{"not_picked":["Dodge and Roll","Leg Sweep","Choke"],"picked":"SKIP","floor":10.0},{"not_picked":["Poisoned Stab","Flying Knee","Dagger Spray"],"picked":"SKIP","floor":11.0},{"not_picked":["Dagger Throw","Outmaneuver"],"picked":"Accuracy","floor":13.0},{"not_picked":["Outmaneuver","Backstab"],"picked":"Blade Dance+1","floor":18.0},{"not_picked":["Deflect","Acrobatics","Flying Knee"],"picked":"SKIP","floor":22.0},{"not_picked":["Poisoned Stab+1","Slice","Masterful Stab"],"picked":"SKIP","floor":23.0},{"not_picked":["Slice+1","Poisoned Stab","Dodge and Roll+1"],"picked":"SKIP","floor":25.0},{"not_picked":["Poisoned Stab","Dodge and Roll+1"],"picked":"Slice+1","floor":25.0},{"not_picked":["Backflip","Deflect"],"picked":"Concentrate","floor":28.0},{"not_picked":["Calculated Gamble","Poisoned Stab"],"picked":"Outmaneuver+1","floor":30.0},{"not_picked":["Concentrate+1","Quick Slash"],"picked":"Tactician","floor":31.0},{"not_picked":["Venomology","Envenom"],"picked":"Malaise","floor":33.0},{"not_picked":["Endless Agony","Backstab"],"picked":"Cloak And Dagger+1","floor":35},{"not_picked":["Infinite Blades","Deadly Poison"],"picked":"Heel Hook+1","floor":36},{"not_picked":["Secret Weapon","Purity"],"picked":"Deep Breath","floor":39},{"not_picked":["Slice+1","Catalyst"],"picked":"Tactician+1","floor":41},{"not_picked":["Masterful Stab","Deadly Poison+1"],"picked":"Predator+1","floor":42},{"not_picked":["Underhanded Strike","Well Laid Plans","Sucker Punch+1"],"picked":"SKIP","floor":47}],"player_experience":362577,"relics_obtained":[{"floor":2.0,"key":"Mercury Hourglass"},{"floor":8.0,"key":"Odd Mushroom"},{"floor":9.0,"key":"Oddly Smooth Stone"},{"floor":23.0,"key":"Ice Cream"},{"floor":26.0,"key":"Blood Vial"},{"floor":26.0,"key":"War Paint"},{"floor":30.0,"key":"Strawberry"},{"floor":42,"key":"Calipers"},{"floor":43,"key":"Shuriken"},{"floor":43,"key":"Girya"},{"floor":44,"key":"Gambling Chip"},{"floor":48,"key":"The Specimen"}],"event_choices":[{"event_name":"Wheel of Change","player_choice":"Relic","floor":2.0,"damage_taken":0.0},{"event_name":"Liars Game","player_choice":"disagreed","floor":3.0,"damage_taken":0.0},{"event_name":"Mushrooms","player_choice":"Fought Mushrooms","floor":8.0,"damage_taken":0.0},{"event_name":"Scrap Ooze","player_choice":"success","floor":14.0,"damage_taken":3.0},{"event_name":"Ghosts","player_choice":"Ignored","floor":20.0,"damage_taken":0.0},{"event_name":"Addict","player_choice":"Obtained Relic","floor":21.0,"damage_taken":0.0},{"event_name":"Golden Shrine","player_choice":"Pray","floor":24.0,"damage_taken":0.0},{"event_name":"The Library","player_choice":"Heal","floor":29.0,"damage_taken":0.0},{"event_name":"Tomb of Lord Red Mask","player_choice":"Paid","floor":38,"damage_taken":0},{"event_name":"SensoryStone","player_choice":"Memory 1","floor":39,"damage_taken":0},{"event_name":"Mysterious Sphere","player_choice":"Fight","floor":44,"damage_taken":0},{"event_name":"The Moai Head","player_choice":"Heal","floor":45,"damage_taken":0},{"event_name":"MindBloom","player_choice":"Fight","floor":48,"damage_taken":0}],"is_beta":false,"boss_relics":[{"not_picked":["Snecko Eye","Pandora\u0027s Box"],"picked":"Runic Pyramid"},{"not_picked":["HoveringKite","White Beast Statue"],"picked":"Empty Cage"}],"items_purged_floors":[12,19,37],"is_endless":false,"potions_floor_spawned":[4,10,11,16,18,23,30,31,35,36,41,48],"ascension_level":0}