{"gold_per_floor":[109,109,109,127,6,6,44,119,119,119,133,133,166,11,11,132,132,116,69,94,94,112,112,112,112,112,112,130,130],"floor_reached":29,"playtime":2083,"items_purged":["Strike_R"],"score":381,"play_id":"fcf45d34-d17b-4df9-8a9a-7fffd7ef6483","local_time":"20190524204447","is_ascension_mode":true,"campfire_choices":[{"data":"Blind","floor":6.0,"key":"SMITH"},{"data":"Cleave","floor":10.0,"key":"SMITH"},{"data":"True Grit","floor":12.0,"key":"SMITH"},{"data":"Metallicize","floor":15.0,"key":"SMITH"},{"data":"Flame Barrier","floor":23,"key":"SMITH"},{"data":"Entrench","floor":25,"key":"SMITH"},{"floor":27,"key":"REST"}],"neow_cost":"NONE","seed_source_timestamp":208795294943635,"circlet_count":0,"master_deck":["AscendersBane","Strike_R","Strike_R","Defend_R","Defend_R","Defend_R","Defend_R","Bash","Cleave+1","Blind+1","Seeing Red","Entrench+1","True Grit+1","Shrug It Off","Metallicize+1","Demon Form","Uppercut+1","Shrug It Off","Headbutt","Flame Barrier+1","Sword Boomerang+1"],"special_seed":0,"relics":["Burning Blood","NeowsBlessing","Golden Idol","Letter Opener","Potion Belt","Bag of Marbles","Empty Cage","Matryoshka","Darkstone Periapt","Blue Candle"],"potions_floor_usage":[20],"damage_taken":[{"damage":0.0,"enemies":"2 Louse","floor":1.0,"turns":2.0},{"damage":0.0,"enemies":"Small Slimes","floor":4.0,"turns":1.0},{"damage":0.0,"enemies":"Gremlin Nob","floor":7.0,"turns":1.0},{"damage":4.0,"enemies":"Jaw Worm","floor":11.0,"turns":3.0},{"damage":40.0,"enemies":"3 Sentries","floor":13.0,"turns":13.0},{"damage":18.0,"enemies":"Hexaghost","floor":16.0,"turns":10.0},{"damage":26,"enemies":"2 Thieves","floor":18,"turns":5},{"damage":8,"enemies":"3 Byrds","floor":20,"turns":2},{"damage":20,"enemies":"Snake Plant","floor":22,"turns":5},{"damage":27,"enemies":"Shelled Parasite and Fungi","floor":28,"turns":14},{"damage":39,"enemies":"3 Cultists","floor":29,"turns":5}],"seed_played":"7479593471035475862","potions_obtained":[{"floor":4.0,"key":"PowerPotion"},{"floor":11.0,"key":"LiquidBronze"},{"floor":16.0,"key":"Poison Potion"}],"is_trial":false,"path_per_floor":["M","?","?","M","$","R","E","?","T","R","M","R","E","$","R","B",null,"M","$","M","$","M","R","T","R","T","R","M","M"],"character_chosen":"IRONCLAD","items_purchased":["Blind","Seeing Red","Metallicize","Shrug It Off"],"campfire_rested":1,"item_purchase_floors":[5,5,14,19],"current_hp_per_floor":[78,83,62,68,68,68,74,66,66,66,68,68,34,34,34,22,69,49,49,47,47,33,33,33,33,33,58,37,0],"gold":130,"neow_bonus":"THREE_ENEMY_KILL","is_prod":false,"is_daily":false,"chose_seed":false,"campfire_upgraded":6,"win_rate":0,"timestamp":1558723487,"path_taken":["M","?","?","M","$","R","E","?","T","R","?","R","E","$","R","BOSS","M","$","M","?","?","R","?","R","T","R","M","M"],"build_version":"2019-01-23","purchased_purges":1,"victory":false,"max_hp_per_floor":[80,85,85,85,85,85,85,85,85,85,85,85,85,85,85,85,85,85,85,85,85,85,85,85,85,85,85,85,85],"card_choices":[{"not_picked":["Clash","Thunderclap"],"picked":"Cleave","floor":1.0},{"not_picked":["Pommel Strike","Wild Strike","Clash"],"picked":"SKIP","floor":4.0},{"not_picked":["Carnage","Hemokinesis"],"picked":"Entrench","floor":7.0},{"not_picked":["Warcry","Shrug It Off"],"picked":"True Grit","floor":11.0},{"not_picked":["Flex","Evolve"],"picked":"Shrug It Off","floor":13.0},{"not_picked":["Bludgeon","Feed"],"picked":"Demon Form","floor":16.0},{"not_picked":["Body Slam","Clothesline"],"picked":"Uppercut+1","floor":18},{"not_picked":["Thunderclap+1","Sever Soul+1"],"picked":"Headbutt","floor":20},{"not_picked":["Clash","Reckless Charge"],"picked":"Flame Barrier","floor":22},{"not_picked":["Thunderclap","Cleave"],"picked":"Sword Boomerang+1","floor":28}],"player_experience":341938,"relics_obtained":[{"floor":7.0,"key":"Letter Opener"},{"floor":9.0,"key":"Potion Belt"},{"floor":13.0,"key":"Bag of Marbles"},{"floor":24,"key":"Matryoshka"},{"floor":26,"key":"Darkstone Periapt"},{"floor":26,"key":"Blue Candle"}],"event_choices":[{"damage_healed":0.0,"max_hp_gain":5.0,"max_hp_loss":0.0,"gold_gain":0.0,"event_name":"Big Fish","player_choice":"Donut","floor":2.0,"gold_loss":0.0,"damage_taken":0.0},{"damage_healed":0.0,"max_hp_gain":0.0,"max_hp_loss":0.0,"gold_gain":0.0,"event_name":"Golden Idol","player_choice":"Take Damage","floor":3.0,"gold_loss":0.0,"damage_taken":21.0,"relics_obtained":["Golden Idol"]},{"damage_healed":0.0,"max_hp_gain":0.0,"max_hp_loss":0.0,"gold_gain":75.0,"event_name":"FaceTrader","player_choice":"Touch","floor":8.0,"gold_loss":0.0,"damage_taken":8.0}],"is_beta":false,"boss_relics":[{"not_picked":["Sozu","Lizard Tail"],"picked":"Empty Cage"}],"items_purged_floors":[14],"is_endless":false,"potions_floor_spawned":[4,11,16],"killed_by":"3 Cultists","ascension_level":10}