{"gold_per_floor":[113,113,130,8,21,21,31,63,63,92,92,92,92,47],"floor_reached":14,"playtime":1186,"items_purged":[],"score":98,"play_id":"badbd62d-f639-4d9f-90f4-5ee028c42079","local_time":"20180726211053","is_ascension_mode":false,"campfire_choices":[{"data":"A Thousand Cuts","floor":6,"key":"SMITH"},{"floor":11,"key":"REST"}],"neow_cost":"TEN_PERCENT_HP_LOSS","seed_source_timestamp":40367947877506,"circlet_count":0,"master_deck":["Defend_G","Defend_G","Defend_G","Defend_G","Strike_G","Strike_G","Strike_G","Strike_G","Survivor","Neutralize","Corpse Explosion","Prepared","Underhanded Strike","Acrobatics","Underhanded Strike","Backflip","A Thousand Cuts+1","All Out Attack","Backstab","After Image","Deadly Poison"],"relics":["Ring of the Snake","Torii","Du-Vu Doll","Peace Pipe","Smiling Mask"],"potions_floor_usage":[8,10],"damage_taken":[{"damage":0,"enemies":"Small Slimes","floor":1,"turns":3},{"damage":2,"enemies":"Jaw Worm","floor":3,"turns":4},{"damage":0,"enemies":"Cultist","floor":5,"turns":4},{"damage":14,"enemies":"2 Fungi Beasts","floor":7,"turns":3},{"damage":23,"enemies":"Gremlin Nob","floor":8,"turns":5},{"damage":15,"enemies":"Lagavulin","floor":10,"turns":8},{"damage":26,"enemies":"Exordium Thugs","floor":14,"turns":3}],"seed_played":"7613765199528909667","potions_obtained":[{"floor":7,"key":"Weak Potion"},{"floor":8,"key":"Dexterity Potion"}],"is_trial":false,"path_per_floor":["M","?","M","$","M","R","M","E","T","E","R","?","T"],"character_chosen":"THE_SILENT","items_purchased":["Acrobatics","Underhanded Strike","Backflip"],"campfire_rested":1,"item_purchase_floors":[4,4,4],"current_hp_per_floor":[63,56,54,54,54,54,40,17,17,2,20,20,20,0],"gold":47,"neow_bonus":"THREE_RARE_CARDS","is_prod":false,"is_daily":false,"chose_seed":false,"campfire_upgraded":1,"win_rate":0,"timestamp":1532632253,"path_taken":["M","?","M","$","M","R","M","E","T","E","R","?","?","M"],"build_version":"2018-07-19v2","purchased_purges":0,"victory":false,"max_hp_per_floor":[63,63,63,63,63,63,63,63,63,63,63,63,63,63],"card_choices":[{"not_picked":["Phantasmal Killer","Tools of the Trade"],"picked":"Corpse Explosion","floor":0},{"not_picked":["PiercingWail","Reflex"],"picked":"Prepared","floor":1},{"not_picked":["Dodge and Roll","Slice"],"picked":"Underhanded Strike","floor":3},{"not_picked":["Finisher","Bouncing Flask"],"picked":"A Thousand Cuts","floor":5},{"not_picked":["Dash","Slice"],"picked":"All Out Attack","floor":7},{"not_picked":["Poisoned Stab","Dagger Throw"],"picked":"Backstab","floor":8},{"not_picked":["Bane","PiercingWail"],"picked":"After Image","floor":10}],"player_experience":67146,"relics_obtained":[{"floor":8,"key":"Torii"},{"floor":9,"key":"Du-Vu Doll"},{"floor":10,"key":"Peace Pipe"},{"floor":13,"key":"Smiling Mask"}],"event_choices":[{"event_name":"Golden Wing","player_choice":"Card Removal","floor":2,"damage_taken":0},{"event_name":"Transmorgrifier","player_choice":"Transform","floor":12,"damage_taken":0}],"is_beta":false,"boss_relics":[],"items_purged_floors":[],"is_endless":false,"potions_floor_spawned":[7,8],"killed_by":"Exordium Thugs","ascension_level":0}