{"gold_per_floor":[109,109,126,126,146,176,176,196,196,196,229,7,36,47,47,149,149,160,143,143,161,171,171,200,200,200,200,229,256,268,280,292,403,415,447,459,481,17,37,63,63,75,75,108,108,119,153,172,172,172,172,172,22,49,49],"floor_reached":55,"playtime":2199,"items_purged":["Strike_G"],"score":962,"play_id":"33d01bc6-32de-4457-b256-e511be7d78b7","local_time":"20190615163155","is_ascension_mode":true,"campfire_choices":[{"data":"Noxious Fumes","floor":7.0,"key":"SMITH"},{"data":"Terror","floor":10.0,"key":"SMITH"},{"data":"Neutralize","floor":15.0,"key":"SMITH"},{"data":"Survivor","floor":23.0,"key":"SMITH"},{"data":"Well Laid Plans","floor":25.0,"key":"SMITH"},{"floor":32.0,"key":"REST"},{"floor":45.0,"key":"RECALL"},{"data":"Bane","floor":49.0,"key":"SMITH"},{"data":"Cloak And Dagger","floor":52.0,"key":"SMITH"}],"neow_cost":"NONE","seed_source_timestamp":22264379885535,"circlet_count":0,"master_deck":["Defend_G","Defend_G","Defend_G","Defend_G","Defend_G","Strike_G","Strike_G","Strike_G","Strike_G","Survivor+1","Neutralize+1","Noxious Fumes+1","Poisoned Stab","Flying Knee","Cloak And Dagger+1","Terror+1","Well Laid Plans+1","Blur+1","Catalyst+1","Dodge and Roll+1","Bane+1","RitualDagger","Leg Sweep+1","Deflect+1","Clumsy","Phantasmal Killer+1","Prepared+1","Corpse Explosion+1","Thinking Ahead+1","Dark Shackles+1","Clumsy","Caltrops","Terror+1"],"special_seed":0,"relics":["Ring of the Snake","Mercury Hourglass","Juzu Bracelet","Toxic Egg 2","Bag of Preparation","Snake Skull","Pen Nib","Cursed Key","Torii","MutagenicStrength","MawBank","Busted Crown","Lee\u0027s Waffle","Thread and Needle","Anchor","Pear","Bird Faced Urn","Omamori","Lantern"],"potions_floor_usage":[55,55,55],"damage_taken":[{"damage":5.0,"enemies":"2 Louse","floor":1.0,"turns":3.0},{"damage":2.0,"enemies":"Jaw Worm","floor":3.0,"turns":4.0},{"damage":0.0,"enemies":"Small Slimes","floor":5.0,"turns":2.0},{"damage":21.0,"enemies":"Gremlin Nob","floor":6.0,"turns":4.0},{"damage":6.0,"enemies":"2 Fungi Beasts","floor":8.0,"turns":3.0},{"damage":4.0,"enemies":"Lagavulin","floor":11.0,"turns":4.0},{"damage":4.0,"enemies":"3 Sentries","floor":13.0,"turns":5.0},{"damage":0.0,"enemies":"Exordium Thugs","floor":14.0,"turns":3.0},{"damage":0.0,"enemies":"Hexaghost","floor":16.0,"turns":6.0},{"damage":0.0,"enemies":"Chosen","floor":18.0,"turns":3.0},{"damage":8.0,"enemies":"2 Thieves","floor":19.0,"turns":4.0},{"damage":1.0,"enemies":"Cultist and Chosen","floor":21.0,"turns":4.0},{"damage":11.0,"enemies":"Snake Plant","floor":22.0,"turns":5.0},{"damage":5.0,"enemies":"Gremlin Leader","floor":24.0,"turns":7.0},{"damage":15.0,"enemies":"Slavers","floor":28.0,"turns":4.0},{"damage":0.0,"enemies":"3 Cultists","floor":29.0,"turns":4.0},{"damage":0.0,"enemies":"Automaton","floor":33.0,"turns":8.0},{"damage":0.0,"enemies":"Orb Walker","floor":35.0,"turns":3.0},{"damage":23.0,"enemies":"3 Darklings","floor":37.0,"turns":5.0},{"damage":1.0,"enemies":"Maw","floor":39.0,"turns":8.0},{"damage":13.0,"enemies":"Nemesis","floor":40.0,"turns":7.0},{"damage":1.0,"enemies":"Writhing Mass","floor":42.0,"turns":4.0},{"damage":28.0,"enemies":"Giant Head","floor":44.0,"turns":9.0},{"damage":1.0,"enemies":"3 Darklings","floor":46.0,"turns":5.0},{"damage":13.0,"enemies":"Nemesis","floor":47.0,"turns":7.0},{"damage":0.0,"enemies":"4 Shapes","floor":48.0,"turns":2.0},{"damage":25.0,"enemies":"Donu and Deca","floor":50.0,"turns":5.0},{"damage":36,"enemies":"Shield and Spear","floor":54,"turns":7},{"damage":68,"enemies":"The Heart","floor":55,"turns":6}],"seed_played":"4925504146320370268","potions_obtained":[{"floor":3.0,"key":"LiquidBronze"},{"floor":5.0,"key":"GhostInAJar"},{"floor":8.0,"key":"Explosive Potion"},{"floor":21.0,"key":"Ancient Potion"},{"floor":28.0,"key":"EssenceOfSteel"}],"is_trial":false,"path_per_floor":["M","?","M","T","M","E","R","M","T","R","E","$","E","M","R","B",null,"M","M","?","M","M","R","E","R","T","?","E","M","?","?","R","B",null,"M","?","M","$","M","E","$","M","T","E","R","M","E","M","R","B",null,"R","$","E","B"],"character_chosen":"THE_SILENT","items_purchased":["Snake Skull","Well Laid Plans","Lee\u0027s Waffle","Thread and Needle","Caltrops"],"campfire_rested":1,"item_purchase_floors":[12,12,38,38,53],"current_hp_per_floor":[65,70,68,68,68,47,47,41,41,41,37,37,33,33,33,33,75,75,67,61,60,49,49,44,44,44,44,29,29,29,15,39,39,80,80,70,47,87,86,73,73,72,82,54,54,57,48,50,50,29,97,97,97,61,0],"gold":49,"neow_bonus":"THREE_CARDS","is_prod":false,"is_daily":false,"chose_seed":false,"campfire_upgraded":7,"win_rate":0,"timestamp":1560605515,"path_taken":["M","?","M","?","M","E","R","M","T","R","E","$","E","M","R","BOSS","M","M","?","M","M","R","E","R","T","?","E","M","?","?","R","BOSS","M","?","M","$","M","E","?","M","T","E","R","M","E","M","R","BOSS","R","$","E","BOSS"],"build_version":"2019-01-23","purchased_purges":1,"victory":false,"max_hp_per_floor":[70,75,75,75,75,75,75,75,75,75,75,75,75,75,75,75,75,75,75,75,75,75,75,75,75,75,75,75,75,75,80,80,80,80,80,80,80,87,87,87,87,87,97,97,97,97,97,97,97,97,97,97,97,97,97],"card_choices":[{"not_picked":["Bane","Flechettes"],"picked":"Noxious Fumes","floor":0.0},{"not_picked":["Slice","Outmaneuver"],"picked":"Poisoned Stab","floor":1.0},{"not_picked":["Flechettes","Outmaneuver"],"picked":"Flying Knee","floor":3.0},{"not_picked":["Slice","Backflip","Eviscerate"],"picked":"SKIP","floor":5.0},{"not_picked":["Endless Agony","Deadly Poison"],"picked":"Cloak And Dagger","floor":6.0},{"not_picked":["Slice","Dodge and Roll"],"picked":"Terror","floor":8.0},{"not_picked":["Flying Knee","Storm of Steel+1","Slice"],"picked":"SKIP","floor":11.0},{"not_picked":["Quick Slash","Outmaneuver+1"],"picked":"Blur+1","floor":13.0},{"not_picked":["Setup+1","Dagger Spray"],"picked":"Catalyst+1","floor":14.0},{"not_picked":["Slice","Accuracy+1"],"picked":"Dodge and Roll+1","floor":18.0},{"not_picked":["Sucker Punch","Quick Slash"],"picked":"Bane","floor":19.0},{"not_picked":["Dagger Spray","Reflex+1"],"picked":"Leg Sweep+1","floor":21.0},{"not_picked":["Outmaneuver+1","Flying Knee+1"],"picked":"Deflect+1","floor":22.0},{"not_picked":["Bane","Deflect+1","Deadly Poison+1"],"picked":"SKIP","floor":24.0},{"not_picked":["Bouncing Flask+1","Heel Hook"],"picked":"Phantasmal Killer+1","floor":28.0},{"not_picked":["Expertise+1","Deflect+1"],"picked":"Prepared+1","floor":29.0},{"not_picked":["Malaise+1","Doppelganger+1"],"picked":"Corpse Explosion+1","floor":33.0},{"not_picked":["Deadly Poison+1"],"picked":"SKIP","floor":35.0},{"not_picked":[],"picked":"Thinking Ahead+1","floor":36.0},{"not_picked":[],"picked":"Dark Shackles+1","floor":36.0},{"not_picked":["Dagger Spray+1"],"picked":"SKIP","floor":37.0},{"not_picked":["Flying Knee"],"picked":"SKIP","floor":39.0},{"not_picked":["All Out Attack+1"],"picked":"SKIP","floor":40.0},{"not_picked":["Slice"],"picked":"SKIP","floor":42.0},{"not_picked":["Concentrate+1"],"picked":"SKIP","floor":44.0},{"not_picked":["Sucker Punch"],"picked":"SKIP","floor":46.0},{"not_picked":["Dagger Throw"],"picked":"SKIP","floor":47.0},{"not_picked":["Acrobatics+1"],"picked":"SKIP","floor":48.0},{"not_picked":[],"picked":"Terror+1","floor":54}],"player_experience":980734,"relics_obtained":[{"floor":4.0,"key":"Mercury Hourglass"},{"floor":6.0,"key":"Juzu Bracelet"},{"floor":9.0,"key":"Toxic Egg 2"},{"floor":11.0,"key":"Bag of Preparation"},{"floor":13.0,"key":"Pen Nib"},{"floor":24.0,"key":"Torii"},{"floor":28.0,"key":"MawBank"},{"floor":40.0,"key":"Anchor"},{"floor":43.0,"key":"Pear"},{"floor":44.0,"key":"Bird Faced Urn"},{"floor":47.0,"key":"Omamori"},{"floor":54,"key":"Lantern"}],"event_choices":[{"damage_healed":0.0,"max_hp_gain":5.0,"max_hp_loss":0.0,"gold_gain":0.0,"event_name":"Big Fish","player_choice":"Donut","floor":2.0,"gold_loss":0.0,"damage_taken":0.0},{"damage_healed":0.0,"max_hp_gain":0.0,"max_hp_loss":0.0,"gold_gain":0.0,"event_name":"Nest","player_choice":"Joined the Cult","floor":20.0,"gold_loss":0.0,"damage_taken":6.0,"cards_obtained":["RitualDagger"]},{"damage_healed":0.0,"max_hp_gain":0.0,"max_hp_loss":0.0,"gold_gain":0.0,"event_name":"Drug Dealer","player_choice":"Inject Mutagens","floor":27.0,"gold_loss":0.0,"damage_taken":0.0,"relics_obtained":["MutagenicStrength"]},{"damage_healed":0.0,"max_hp_gain":0.0,"max_hp_loss":0.0,"gold_gain":0.0,"event_name":"Vampires","player_choice":"Ignored","floor":30.0,"gold_loss":0.0,"damage_taken":0.0},{"damage_healed":0.0,"max_hp_gain":5.0,"max_hp_loss":0.0,"gold_gain":0.0,"event_name":"Forgotten Altar","player_choice":"Shed Blood","floor":31.0,"gold_loss":0.0,"damage_taken":19.0},{"damage_healed":0.0,"max_hp_gain":0.0,"max_hp_loss":0.0,"gold_gain":0.0,"event_name":"SensoryStone","player_choice":"Memory 3","floor":36.0,"gold_loss":0.0,"damage_taken":10.0}],"is_beta":false,"boss_relics":[{"not_picked":["Lizard Tail","Runic Pyramid"],"picked":"Cursed Key"},{"not_picked":["Tiny House","Velvet Choker"],"picked":"Busted Crown"}],"items_purged_floors":[53],"is_endless":false,"potions_floor_spawned":[3,5,8,13,16,21,22,28,29,37,40,46,47],"killed_by":"The Heart","ascension_level":1}