{"gold_per_floor":[119,119,137,187,203,203,217,37,37,37,57,72,37,49,49,123,123,138,138,138,138,158,186,186,186],"floor_reached":25,"playtime":737,"items_purged":[],"score":415,"play_id":"5352c6e1-2d99-418d-88ba-d06bbe404dab","local_time":"20181130142251","is_ascension_mode":true,"campfire_choices":[{"data":"Armaments","floor":6.0,"key":"SMITH"},{"data":"Limit Break","floor":10.0,"key":"SMITH"},{"data":"Pummel","floor":15.0,"key":"SMITH"},{"floor":24,"key":"REST"}],"neow_cost":"NONE","seed_source_timestamp":95529927552145,"circlet_count":0,"master_deck":["AscendersBane","Strike_R+1","Strike_R+1","Strike_R+1","Strike_R+1","Defend_R+1","Defend_R+1","Defend_R+1","Defend_R+1","Bash","Spot Weakness","Twin Strike+1","Wild Strike","Armaments+1","Dropkick","Limit Break+1","Pummel+1","Flame Barrier","Impervious","Sword Boomerang","Uppercut"],"special_seed":0,"relics":["Burning Blood","Gremlin Horn","Cursed Key","Enchiridion","Bottled Flame"],"potions_floor_usage":[23,23],"damage_taken":[{"damage":12.0,"enemies":"Small Slimes","floor":1.0,"turns":3.0},{"damage":0.0,"enemies":"2 Louse","floor":3.0,"turns":4.0},{"damage":1.0,"enemies":"Cultist","floor":5.0,"turns":3.0},{"damage":4.0,"enemies":"2 Fungi Beasts","floor":7.0,"turns":3.0},{"damage":6.0,"enemies":"Looter","floor":11.0,"turns":3.0},{"damage":8.0,"enemies":"Blue Slaver","floor":12.0,"turns":3.0},{"damage":14.0,"enemies":"Gremlin Gang","floor":14.0,"turns":4.0},{"damage":35,"enemies":"Slime Boss","floor":16,"turns":10},{"damage":0,"enemies":"Chosen","floor":18,"turns":5},{"damage":28,"enemies":"Colosseum Slavers","floor":20,"turns":3},{"damage":16,"enemies":"Spheric Guardian","floor":22,"turns":5},{"damage":12,"enemies":"Gremlin Leader","floor":23,"turns":4},{"damage":39,"enemies":"Book of Stabbing","floor":25,"turns":5}],"seed_played":"-353538102703635268","potions_obtained":[{"floor":3.0,"key":"SkillPotion"},{"floor":12.0,"key":"Fire Potion"}],"is_trial":false,"path_per_floor":["M","?","M","?","M","R","M","$","T","R","M","M","?","M","R","B",null,"M","?","?","?","M","E","R","E"],"character_chosen":"IRONCLAD","items_purchased":["Limit Break"],"campfire_rested":1,"item_purchase_floors":[8],"current_hp_per_floor":[62,39,45,45,50,50,52,52,52,52,52,50,68,60,60,31,64,70,70,48,27,17,11,33,0],"gold":186,"neow_bonus":"TRANSFORM_CARD","is_prod":false,"is_daily":false,"chose_seed":false,"campfire_upgraded":3,"win_rate":0,"timestamp":1543576971,"path_taken":["M","?","M","?","M","R","M","$","T","R","?","M","?","M","R","BOSS","M","?","?","?","M","E","R","E"],"build_version":"2018-11-15","purchased_purges":0,"victory":false,"max_hp_per_floor":[75,75,75,75,75,75,75,75,75,75,75,75,75,75,75,75,75,75,75,75,75,75,75,75,75],"card_choices":[{"not_picked":["Body Slam","Inflame"],"picked":"Twin Strike","floor":1.0},{"not_picked":["Anger","Perfected Strike"],"picked":"Wild Strike","floor":3.0},{"not_picked":["Anger","Searing Blow"],"picked":"Armaments","floor":5.0},{"not_picked":["Rage","Warcry"],"picked":"Dropkick","floor":7.0},{"not_picked":["Armaments","Flex"],"picked":"Pummel","floor":11.0},{"not_picked":["Flex","Twin Strike","Heavy Blade"],"picked":"SKIP","floor":12.0},{"not_picked":["Combust","Dual Wield"],"picked":"Flame Barrier","floor":14.0},{"not_picked":["Exhume","Barricade"],"picked":"Impervious","floor":16},{"not_picked":["Uppercut","Pommel Strike"],"picked":"Sword Boomerang","floor":18},{"not_picked":["Body Slam","True Grit","Bloodletting"],"picked":"SKIP","floor":22},{"not_picked":["Pommel Strike","Uppercut","Wild Strike"],"picked":"SKIP","floor":23},{"not_picked":["Pommel Strike","Uppercut","Wild Strike"],"picked":"SKIP","floor":23},{"not_picked":["Pommel Strike","Wild Strike"],"picked":"Uppercut","floor":23}],"player_experience":551023,"relics_obtained":[{"floor":9.0,"key":"Gremlin Horn"},{"floor":21,"key":"Enchiridion"},{"floor":23,"key":"Bottled Flame"}],"event_choices":[{"damage_healed":0.0,"max_hp_gain":0.0,"max_hp_loss":0.0,"gold_gain":0.0,"event_name":"Shining Light","player_choice":"Entered Light","floor":2.0,"gold_loss":0.0,"damage_taken":23.0,"cards_upgraded":["Twin Strike","Strike_R"]},{"damage_healed":0.0,"max_hp_gain":0.0,"max_hp_loss":0.0,"gold_gain":50.0,"event_name":"Golden Shrine","player_choice":"Pray","floor":4.0,"gold_loss":0.0,"damage_taken":0.0},{"damage_healed":18.0,"max_hp_gain":0.0,"max_hp_loss":0.0,"gold_gain":0.0,"event_name":"The Cleric","player_choice":"Healed","floor":13.0,"gold_loss":35.0,"damage_taken":0.0},{"damage_healed":0,"gold_gain":0,"player_choice":"Simplicity","damage_taken":0,"max_hp_gain":0,"max_hp_loss":0,"event_name":"Back to Basics","floor":19,"gold_loss":0,"cards_upgraded":["Strike_R","Strike_R","Strike_R","Defend_R","Defend_R","Defend_R","Defend_R"]},{"damage_healed":0,"gold_gain":0,"player_choice":"Fight","damage_taken":0,"max_hp_gain":0,"max_hp_loss":0,"event_name":"Colosseum","floor":20,"gold_loss":0},{"damage_healed":0,"gold_gain":0,"player_choice":"Fled From Nobs","damage_taken":0,"max_hp_gain":0,"max_hp_loss":0,"event_name":"Colosseum","floor":20,"gold_loss":0},{"damage_healed":0,"gold_gain":0,"player_choice":"Obtained Book","damage_taken":21,"max_hp_gain":0,"max_hp_loss":0,"event_name":"Cursed Tome","floor":21,"gold_loss":0}],"is_beta":false,"boss_relics":[{"not_picked":["Lizard Tail","Snecko Eye"],"picked":"Cursed Key"}],"items_purged_floors":[],"is_endless":false,"potions_floor_spawned":[3,12,14,16],"killed_by":"Book of Stabbing","ascension_level":19}