{"gold_per_floor":[114,114,114,114,128,128,162,162,162,182,215,57,73,87,87,87],"floor_reached":16,"playtime":384,"items_purged":["Strike_R"],"score":220,"play_id":"63f2ece0-3945-4821-83df-f8fd98449e99","local_time":"20190308145303","is_ascension_mode":true,"campfire_choices":[{"floor":6.0,"key":"REST"},{"data":"Armaments","floor":8.0,"key":"SMITH"},{"data":"Shockwave","floor":15.0,"key":"SMITH"}],"neow_cost":"NONE","seed_source_timestamp":4345410739269,"circlet_count":0,"master_deck":["AscendersBane","Strike_R","Strike_R","Strike_R+1","Strike_R","Defend_R+1","Defend_R","Defend_R","Defend_R","Bash","Uppercut+1","Twin Strike","Armaments+1","Flame Barrier","Shockwave+1","Ghostly Armor"],"special_seed":0,"relics":["Burning Blood","Lantern","Mercury Hourglass","Regal Pillow"],"potions_floor_usage":[16],"damage_taken":[{"damage":16.0,"enemies":"Jaw Worm","floor":1.0,"turns":5.0},{"damage":6.0,"enemies":"2 Louse","floor":5.0,"turns":2.0},{"damage":26.0,"enemies":"Gremlin Nob","floor":7.0,"turns":4.0},{"damage":0.0,"enemies":"Small Slimes","floor":10.0,"turns":3.0},{"damage":27.0,"enemies":"Lagavulin","floor":11.0,"turns":6.0},{"damage":0.0,"enemies":"Blue Slaver","floor":13.0,"turns":2.0},{"damage":0.0,"enemies":"Exordium Wildlife","floor":14.0,"turns":3.0},{"damage":43,"enemies":"Slime Boss","floor":16,"turns":8}],"seed_played":"8584313230611892639","potions_obtained":[{"floor":1.0,"key":"SpeedPotion"},{"floor":5.0,"key":"LiquidBronze"},{"floor":13.0,"key":"PowerPotion"}],"is_trial":false,"path_per_floor":["M","?","?","?","M","R","E","R","T","M","E","$","M","M","R","B"],"character_chosen":"IRONCLAD","items_purchased":["Shockwave"],"campfire_rested":1,"item_purchase_floors":[12],"current_hp_per_floor":[65,65,40,40,40,64,44,44,44,50,29,29,35,41,41,0],"gold":87,"neow_bonus":"TEN_PERCENT_HP_BONUS","is_prod":false,"is_daily":false,"chose_seed":false,"campfire_upgraded":2,"win_rate":0,"timestamp":1552045983,"path_taken":["M","?","?","?","M","R","E","R","T","M","E","$","M","M","R","BOSS"],"build_version":"2019-01-23","purchased_purges":1,"victory":false,"max_hp_per_floor":[82,82,82,82,82,82,82,82,82,82,82,82,82,82,82,82],"card_choices":[{"not_picked":["Headbutt","Warcry"],"picked":"Uppercut","floor":1.0},{"not_picked":["Bloodletting","Sword Boomerang"],"picked":"Twin Strike","floor":5.0},{"not_picked":["Headbutt","Sentinel"],"picked":"Armaments","floor":7.0},{"not_picked":["Searing Blow","True Grit"],"picked":"Flame Barrier","floor":10.0},{"not_picked":["Seeing Red","Evolve","Whirlwind"],"picked":"SKIP","floor":11.0},{"not_picked":["Seeing Red","Wild Strike","Anger"],"picked":"SKIP","floor":13.0},{"not_picked":["Rage","Twin Strike"],"picked":"Ghostly Armor","floor":14.0}],"player_experience":784579,"relics_obtained":[{"floor":7.0,"key":"Lantern"},{"floor":9.0,"key":"Mercury Hourglass"},{"floor":11.0,"key":"Regal Pillow"}],"event_choices":[{"damage_healed":0.0,"max_hp_gain":0.0,"max_hp_loss":0.0,"gold_gain":0.0,"event_name":"Golden Idol","player_choice":"Ignored","floor":2.0,"gold_loss":0.0,"damage_taken":0.0},{"damage_healed":0.0,"max_hp_gain":0.0,"max_hp_loss":0.0,"gold_gain":0.0,"event_name":"Shining Light","player_choice":"Entered Light","floor":3.0,"gold_loss":0.0,"damage_taken":25.0,"cards_upgraded":["Defend_R","Strike_R"]},{"damage_healed":0.0,"max_hp_gain":0.0,"max_hp_loss":0.0,"gold_gain":0.0,"event_name":"Living Wall","player_choice":"Grow","floor":4.0,"gold_loss":0.0,"damage_taken":0.0,"cards_upgraded":["Uppercut"]}],"is_beta":false,"boss_relics":[],"items_purged_floors":[12],"is_endless":false,"potions_floor_spawned":[1,5,13,14],"killed_by":"Slime Boss","ascension_level":20}