{"gold_per_floor":[117,129,129,148,208,208,226,98,98,173,173,192,92,111,111,211,211,227,244,244,263,1,1,18,18,18,35,35,35,55,73,73,73],"floor_reached":33,"playtime":1049,"items_purged":["Strike_R","Strike_R","Strike_R"],"score":241,"play_id":"c277facf-3a9f-4418-8429-5a5ad2788e76","local_time":"20181205223654","is_ascension_mode":false,"campfire_choices":[{"data":"Twin Strike","floor":6,"key":"SMITH"},{"data":"Flex","floor":11,"key":"SMITH"},{"data":"Pommel Strike","floor":15,"key":"SMITH"},{"floor":23,"key":"REST"},{"data":"Limit Break","floor":29,"key":"SMITH"},{"data":"Double Tap","floor":32,"key":"SMITH"}],"neow_cost":"NONE","seed_source_timestamp":38918632547473,"circlet_count":0,"master_deck":["Strike_R","Strike_R","Defend_R","Defend_R","Defend_R","Defend_R","Bash","Twin Strike+1","Cleave+1","Flex+1","Shrug It Off","Pommel Strike+1","Reaper","Double Tap+1","Thunderclap+1","Inflame","Armaments+1","Immolate","Limit Break+1","Iron Wave+1","Shockwave"],"relics":["Burning Blood"],"potions_floor_usage":[20,21,33,33],"damage_taken":[{"damage":0,"enemies":"Small Slimes","floor":1,"turns":4},{"damage":4,"enemies":"2 Louse","floor":2,"turns":3},{"damage":1,"enemies":"Cultist","floor":4,"turns":3},{"damage":16,"enemies":"Exordium Thugs","floor":7,"turns":4},{"damage":2,"enemies":"Looter","floor":12,"turns":3},{"damage":3,"enemies":"Red Slaver","floor":14,"turns":3},{"damage":62,"enemies":"Slime Boss","floor":16,"turns":10},{"damage":13,"enemies":"3 Byrds","floor":18,"turns":5},{"damage":23,"enemies":"Shell Parasite","floor":19,"turns":7},{"damage":37,"enemies":"Colosseum Slavers","floor":20,"turns":3},{"damage":26,"enemies":"Cultist and Chosen","floor":21,"turns":8},{"damage":22,"enemies":"3 Cultists","floor":24,"turns":4},{"damage":33,"enemies":"Snake Plant","floor":27,"turns":5},{"damage":26,"enemies":"Snecko","floor":30,"turns":6},{"damage":26,"enemies":"3 Cultists","floor":31,"turns":4},{"damage":133,"enemies":"Collector","floor":33,"turns":12}],"seed_played":"8036753163709294469","potions_obtained":[{"floor":12,"key":"Weak Potion"},{"floor":14,"key":"SteroidPotion"},{"floor":16,"key":"Strength Potion"},{"floor":19,"key":"Fruit Juice"},{"floor":27,"key":"EssenceOfSteel"},{"floor":30,"key":"Block Potion"}],"is_trial":false,"path_per_floor":["M","M","?","M","?","R","M","$","T","?","R","M","$","M","R","B",null,"M","M","?","M","$","R","M","?","T","M","?","R","M","M","R","B"],"character_chosen":"IRONCLAD","items_purchased":["Shrug It Off","Immolate"],"campfire_rested":1,"item_purchase_floors":[8,22],"current_hp_per_floor":[88,88,88,88,88,88,78,78,78,67,67,71,71,74,74,26,88,85,69,43,38,38,65,70,70,70,52,52,52,43,71,71,0],"gold":73,"neow_bonus":"TEN_PERCENT_HP_BONUS","is_prod":false,"is_daily":false,"chose_seed":false,"campfire_upgraded":5,"win_rate":0,"timestamp":1544038614,"path_taken":["M","M","?","M","?","R","M","$","T","?","R","M","$","M","R","BOSS","M","M","?","M","$","R","M","?","T","M","?","R","M","M","R","BOSS"],"build_version":"2018-11-15","purchased_purges":3,"victory":false,"max_hp_per_floor":[88,88,88,88,88,88,88,88,88,88,88,88,88,88,88,88,88,88,88,93,93,93,93,93,93,93,93,93,93,93,93,93,93],"card_choices":[{"not_picked":["Heavy Blade","Headbutt"],"picked":"Twin Strike","floor":1},{"not_picked":["Wild Strike","Clash"],"picked":"Cleave","floor":2},{"not_picked":["Havoc","Clash","Warcry"],"picked":"SKIP","floor":4},{"not_picked":["Pommel Strike","Feel No Pain"],"picked":"Flex","floor":7},{"not_picked":["Clash","Perfected Strike"],"picked":"Pommel Strike","floor":12},{"not_picked":["Heavy Blade","Whirlwind"],"picked":"Reaper","floor":14},{"not_picked":["Reaper","Exhume"],"picked":"Double Tap","floor":16},{"not_picked":["Rupture","Cleave"],"picked":"Thunderclap+1","floor":18},{"not_picked":["Body Slam","Havoc"],"picked":"Inflame","floor":19},{"not_picked":["Bloodletting","True Grit+1"],"picked":"Armaments+1","floor":21},{"not_picked":["Rupture","Pommel Strike","Metallicize"],"picked":"SKIP","floor":24},{"not_picked":["Hemokinesis+1","Shrug It Off"],"picked":"Iron Wave+1","floor":27},{"not_picked":["Clothesline","Demon Form","Havoc+1"],"picked":"SKIP","floor":30},{"not_picked":["Pommel Strike","Blood for Blood"],"picked":"Shockwave","floor":31}],"player_experience":567320,"relics_obtained":[],"event_choices":[{"damage_healed":0,"gold_gain":0,"player_choice":"Grow","damage_taken":0,"max_hp_gain":0,"max_hp_loss":0,"event_name":"Living Wall","floor":3,"gold_loss":0,"cards_upgraded":["Cleave"]},{"damage_healed":0,"gold_gain":60,"player_choice":"Gained Gold","damage_taken":0,"max_hp_gain":0,"max_hp_loss":0,"event_name":"Golden Wing","floor":5,"gold_loss":0},{"damage_healed":0,"gold_gain":75,"player_choice":"Gather Gold","damage_taken":11,"max_hp_gain":0,"max_hp_loss":0,"event_name":"World of Goop","floor":10,"gold_loss":0},{"damage_healed":0,"gold_gain":0,"player_choice":"Fight","damage_taken":0,"max_hp_gain":0,"max_hp_loss":0,"event_name":"Colosseum","floor":20,"gold_loss":0},{"damage_healed":0,"gold_gain":0,"player_choice":"Fled From Nobs","damage_taken":0,"max_hp_gain":0,"max_hp_loss":0,"event_name":"Colosseum","floor":20,"gold_loss":0},{"damage_healed":0,"gold_gain":0,"player_choice":"Read","damage_taken":0,"max_hp_gain":0,"max_hp_loss":0,"event_name":"The Library","floor":25,"gold_loss":0,"cards_obtained":["Limit Break"]},{"damage_healed":0,"gold_gain":0,"player_choice":"Ignored","damage_taken":0,"max_hp_gain":0,"max_hp_loss":0,"event_name":"The Mausoleum","floor":28,"gold_loss":0}],"is_beta":false,"boss_relics":[{"not_picked":["Runic Dome","White Beast Statue","Empty Cage"]}],"items_purged_floors":[8,13,22],"is_endless":false,"potions_floor_spawned":[12,14,16,18,19,27,30,31],"killed_by":"Collector","ascension_level":0}