{"gold_per_floor":[111,161,175,188,207,242,242,242,310,343,354,320,330,330],"floor_reached":14,"playtime":706,"items_purged":[],"score":143,"play_id":"5d4c29ba-d0b1-41d6-a642-da3091e9b8df","local_time":"20190805004604","is_ascension_mode":true,"campfire_choices":[{"data":"True Grit","floor":8,"key":"SMITH"}],"neow_cost":"NONE","seed_source_timestamp":42452894850312,"circlet_count":0,"master_deck":["Strike_R","Strike_R","Strike_R","Strike_R","Strike_R","Defend_R","Defend_R","Defend_R","Defend_R","Bash","Impatience","Flame Barrier","Cleave","True Grit+1","Parasite","Immolate","Seeing Red","Inflame"],"relics":["Burning Blood","Bag of Preparation","Oddly Smooth Stone","The Courier","Unceasing Top"],"potions_floor_usage":[6,6,14],"damage_taken":[{"damage":1,"enemies":"Cultist","floor":1,"turns":4},{"damage":14,"enemies":"Jaw Worm","floor":3,"turns":5},{"damage":14,"enemies":"2 Louse","floor":4,"turns":4},{"damage":17,"enemies":"Blue Slaver","floor":5,"turns":5},{"damage":56,"enemies":"Lagavulin","floor":6,"turns":6},{"damage":23,"enemies":"3 Sentries","floor":10,"turns":11},{"damage":0,"enemies":"3 Louse","floor":11,"turns":1},{"damage":6,"enemies":"Large Slime","floor":13,"turns":5},{"damage":25,"enemies":"Lagavulin","floor":14,"turns":7}],"seed_played":"58293190002292171","potions_obtained":[{"floor":4,"key":"Fire Potion"},{"floor":5,"key":"Regen Potion"},{"floor":10,"key":"PowerPotion"},{"floor":11,"key":"GamblersBrew"}],"is_trial":false,"path_per_floor":["M","T","M","M","M","E","?","R","T","E","M","?","M","E"],"character_chosen":"IRONCLAD","items_purchased":[],"campfire_rested":0,"item_purchase_floors":[],"current_hp_per_floor":[77,77,69,61,50,14,34,34,34,17,23,23,23,0],"gold":330,"neow_bonus":"RANDOM_COLORLESS","is_prod":false,"is_daily":false,"chose_seed":false,"campfire_upgraded":1,"win_rate":0,"timestamp":1564983964,"path_taken":["M","?","M","M","M","E","?","R","T","E","M","?","M","E"],"build_version":"2019-07-17","purchased_purges":0,"victory":false,"max_hp_per_floor":[80,80,80,80,80,80,80,80,80,80,80,80,80,80],"card_choices":[{"not_picked":["Pommel Strike","Body Slam"],"picked":"Flame Barrier","floor":1},{"not_picked":["Rage","Flex"],"picked":"Cleave","floor":3},{"not_picked":["Hemokinesis","Combust","Cleave"],"picked":"SKIP","floor":4},{"not_picked":["Warcry","Anger","Twin Strike"],"picked":"SKIP","floor":5},{"not_picked":["Headbutt","Armaments"],"picked":"True Grit","floor":6},{"not_picked":["Clothesline","Thunderclap"],"picked":"Immolate","floor":10},{"not_picked":["True Grit","Combust"],"picked":"Seeing Red","floor":11},{"not_picked":["Havoc","Flex"],"picked":"Inflame","floor":13}],"player_experience":622286,"relics_obtained":[{"floor":2,"key":"Bag of Preparation"},{"floor":6,"key":"Oddly Smooth Stone"},{"floor":9,"key":"The Courier"},{"floor":10,"key":"Unceasing Top"}],"event_choices":[{"damage_healed":20,"gold_gain":0,"player_choice":"Healed and dodged fight","damage_taken":0,"max_hp_gain":0,"max_hp_loss":0,"event_name":"Mushrooms","floor":7,"gold_loss":0,"cards_obtained":["Parasite"]},{"damage_healed":0,"gold_gain":0,"player_choice":"Left Gold","damage_taken":0,"max_hp_gain":0,"max_hp_loss":0,"event_name":"World of Goop","floor":12,"gold_loss":34}],"is_beta":false,"boss_relics":[],"items_purged_floors":[],"is_endless":false,"potions_floor_spawned":[4,5,10,11],"killed_by":"Lagavulin","ascension_level":8}