{"gold_per_floor":[109,109,11,23,23,23,57,72,129,129,150,150,150,189,189,317,317,340,340,340,384,402,402,440,440,440,471,148,148,148,148,148,278,278,293,515,538,551,570,613,613,653,678,753,793,589,589,628,628,628,628,628,165,200,200],"floor_reached":56,"playtime":1826,"items_purged":["Strike_R","Strike_R","Strike_R","Defend_R"],"score":1744,"play_id":"05398552-6dd7-43fb-8282-83109b91739e","local_time":"20190303231556","is_ascension_mode":true,"campfire_choices":[{"data":"Cleave","floor":6.0,"key":"SMITH"},{"data":"Demon Form","floor":12.0,"key":"SMITH"},{"data":"True Grit","floor":15.0,"key":"SMITH"},{"data":"Shockwave","floor":23.0,"key":"SMITH"},{"data":"Clothesline","floor":25.0,"key":"SMITH"},{"data":"Limit Break","floor":30.0,"key":"SMITH"},{"data":"Carnage","floor":32.0,"key":"SMITH"},{"data":"Heavy Blade","floor":47,"key":"SMITH"},{"floor":49,"key":"RECALL"},{"data":"Shrug It Off","floor":52,"key":"SMITH"}],"neow_cost":"NONE","seed_source_timestamp":38118962350867,"circlet_count":0,"master_deck":["Defend_R","Defend_R","Defend_R","Bash","Headbutt","Clothesline+1","Cleave+1","True Grit+1","Flame Barrier+1","Demon Form+1","Shrug It Off+1","Impervious","Clothesline","Necronomicurse","Shockwave+1","Limit Break+1","Carnage+1","Fire Breathing","Reaper","Heavy Blade+1","Inflame","Whirlwind","The Bomb"],"special_seed":0,"relics":["Burning Blood","NeowsBlessing","Regal Pillow","Juzu Bracelet","Tiny Chest","Golden Idol","Lantern","Snecko Eye","Necronomicon","Red Mask","Pear","Singing Bowl","Omamori","Membership Card","Sozu","Red Skull","WarpedTongs","Vajra","Bronze Scales","Kunai","Lee\u0027s Waffle","Gremlin Horn","Oddly Smooth Stone","Happy Flower","TheAbacus","Bag of Marbles"],"potions_floor_usage":[55,55],"damage_taken":[{"damage":0.0,"enemies":"Jaw Worm","floor":1.0,"turns":1.0},{"damage":0.0,"enemies":"Cultist","floor":4.0,"turns":1.0},{"damage":0.0,"enemies":"Lagavulin","floor":7.0,"turns":1.0},{"damage":0.0,"enemies":"Small Slimes","floor":8.0,"turns":3.0},{"damage":0.0,"enemies":"2 Fungi Beasts","floor":11.0,"turns":3.0},{"damage":18.0,"enemies":"Gremlin Nob","floor":14.0,"turns":4.0},{"damage":23.0,"enemies":"Hexaghost","floor":16.0,"turns":9.0},{"damage":10.0,"enemies":"Spheric Guardian","floor":18.0,"turns":4.0},{"damage":14.0,"enemies":"Masked Bandits","floor":21.0,"turns":4.0},{"damage":0.0,"enemies":"Shell Parasite","floor":22.0,"turns":5.0},{"damage":8.0,"enemies":"Book of Stabbing","floor":24.0,"turns":5.0},{"damage":13.0,"enemies":"Slavers","floor":27.0,"turns":4.0},{"damage":38.0,"enemies":"Champ","floor":33.0,"turns":6.0},{"damage":0.0,"enemies":"3 Darklings","floor":35.0,"turns":3.0},{"damage":0.0,"enemies":"Orb Walker","floor":37.0,"turns":2.0},{"damage":6.0,"enemies":"3 Darklings","floor":38.0,"turns":3.0},{"damage":9.0,"enemies":"Writhing Mass","floor":39.0,"turns":4.0},{"damage":30.0,"enemies":"Giant Head","floor":40.0,"turns":7.0},{"damage":5.0,"enemies":"Nemesis","floor":42.0,"turns":7.0},{"damage":18,"enemies":"Reptomancer","floor":45,"turns":5},{"damage":0,"enemies":"Giant Head","floor":48,"turns":5},{"damage":30,"enemies":"Donu and Deca","floor":50,"turns":4},{"damage":37,"enemies":"Shield and Spear","floor":54,"turns":5},{"damage":115,"enemies":"The Heart","floor":55,"turns":8}],"seed_played":"-4463887882546015740","potions_obtained":[{"floor":1.0,"key":"Poison Potion"},{"floor":7.0,"key":"FairyPotion"},{"floor":8.0,"key":"EssenceOfSteel"},{"floor":21.0,"key":"Explosive Potion"},{"floor":33.0,"key":"Ancient Potion"}],"is_trial":false,"path_per_floor":["M","?","$","M","?","R","E","M","T","?","M","R","?","E","R","B",null,"M","?","?","?","M","R","E","R","T","E","$","?","R","T","R","B",null,"M","?","M","M","M","E","?","E","T","?","E","$","R","E","R","B",null,"R","$","E","B",null],"character_chosen":"IRONCLAD","items_purchased":["Clothesline","Membership Card","Limit Break","Inflame","Lee\u0027s Waffle","Whirlwind","Oddly Smooth Stone","Happy Flower","TheAbacus","The Bomb"],"campfire_rested":0,"item_purchase_floors":[3,28,28,46,46,53,53,53,53,53],"current_hp_per_floor":[80,80,80,80,80,80,80,80,80,60,66,66,66,54,54,37,69,65,49,49,41,47,47,55,55,55,50,50,50,50,50,50,18,74,94,94,96,98,100,102,102,102,102,92,104,111,111,113,113,113,113,113,113,115,28],"gold":200,"neow_bonus":"THREE_ENEMY_KILL","is_prod":false,"is_daily":false,"chose_seed":false,"campfire_upgraded":9,"win_rate":0,"timestamp":1551644156,"path_taken":["M","?","$","?","?","R","E","M","T","?","M","R","?","E","R","BOSS","M","?","?","?","M","R","E","R","T","E","$","?","R","?","R","BOSS","M","?","M","M","M","E","?","E","T","?","E","?","R","E","R","BOSS","R","$","E","BOSS"],"build_version":"2019-01-23","purchased_purges":4,"victory":true,"max_hp_per_floor":[80,80,80,80,80,80,80,80,80,80,80,80,80,80,80,80,80,80,80,80,80,80,80,90,90,90,92,92,92,92,92,92,92,92,94,94,96,98,100,102,102,102,102,102,104,111,111,113,113,113,113,113,113,115,115],"card_choices":[{"not_picked":["Sever Soul","Havoc"],"picked":"Headbutt","floor":1.0},{"not_picked":["Corruption","True Grit"],"picked":"Cleave","floor":4.0},{"not_picked":["Anger","Perfected Strike"],"picked":"True Grit","floor":7.0},{"not_picked":["Sentinel","Flex"],"picked":"Flame Barrier","floor":8.0},{"not_picked":["Cleave","Dual Wield"],"picked":"Demon Form","floor":11.0},{"not_picked":["Perfected Strike","Sentinel"],"picked":"Shrug It Off","floor":14.0},{"not_picked":["Dark Embrace","Exhume"],"picked":"Impervious","floor":16.0},{"not_picked":["Wild Strike","Body Slam+1"],"picked":"Clothesline","floor":18.0},{"not_picked":["Power Through+1","Evolve"],"picked":"Shockwave","floor":22.0},{"not_picked":["Pummel+1","Clothesline","Warcry"],"picked":"SKIP","floor":24.0},{"not_picked":["Searing Blow","Combust+1","Pommel Strike"],"picked":"Singing Bowl","floor":27.0},{"not_picked":["Immolate","Bludgeon"],"picked":"Reaper","floor":33.0},{"not_picked":["Clothesline+1","Shrug It Off+1","Power Through+1"],"picked":"Singing Bowl","floor":35.0},{"not_picked":["Combust+1","Rage+1","Cleave+1"],"picked":"Singing Bowl","floor":37.0},{"not_picked":["Flex","Fiend Fire","Warcry"],"picked":"Singing Bowl","floor":38.0},{"not_picked":["Combust+1","Pummel","Flex+1"],"picked":"Singing Bowl","floor":39.0},{"not_picked":["Intimidate","Warcry+1","Clothesline+1"],"picked":"Singing Bowl","floor":40.0},{"not_picked":["Clash","Flex"],"picked":"Heavy Blade","floor":42.0},{"not_picked":["Seeing Red","Cleave","Searing Blow"],"picked":"Singing Bowl","floor":45},{"not_picked":["Clash","Shrug It Off","True Grit+1"],"picked":"Singing Bowl","floor":48},{"not_picked":["Havoc","Cleave+1","Warcry+1"],"picked":"Singing Bowl","floor":54}],"player_experience":778315,"relics_obtained":[{"floor":5.0,"key":"Regal Pillow"},{"floor":7.0,"key":"Juzu Bracelet"},{"floor":9.0,"key":"Tiny Chest"},{"floor":14.0,"key":"Lantern"},{"floor":19.0,"key":"Necronomicon"},{"floor":21.0,"key":"Red Mask"},{"floor":24.0,"key":"Pear"},{"floor":26.0,"key":"Singing Bowl"},{"floor":27.0,"key":"Omamori"},{"floor":40.0,"key":"Red Skull"},{"floor":42.0,"key":"Vajra"},{"floor":43.0,"key":"Bronze Scales"},{"floor":45,"key":"Kunai"},{"floor":48,"key":"Gremlin Horn"},{"floor":54,"key":"Bag of Marbles"}],"event_choices":[{"damage_healed":0.0,"max_hp_gain":0.0,"max_hp_loss":0.0,"gold_gain":0.0,"event_name":"The Woman in Blue","player_choice":"Bought 0 Potions","floor":2.0,"gold_loss":0.0,"damage_taken":0.0},{"damage_healed":0.0,"max_hp_gain":0.0,"max_hp_loss":0.0,"gold_gain":0.0,"event_name":"Wheel of Change","player_choice":"Relic","floor":5.0,"gold_loss":0.0,"damage_taken":0.0},{"damage_healed":0.0,"max_hp_gain":0.0,"max_hp_loss":0.0,"gold_gain":0.0,"event_name":"Golden Idol","player_choice":"Take Damage","floor":10.0,"gold_loss":0.0,"damage_taken":20.0,"relics_obtained":["Golden Idol"]},{"damage_healed":0.0,"max_hp_gain":0.0,"max_hp_loss":0.0,"gold_gain":0.0,"event_name":"Living Wall","player_choice":"Grow","floor":13.0,"gold_loss":0.0,"damage_taken":0.0,"cards_upgraded":["Flame Barrier"]},{"damage_healed":0.0,"max_hp_gain":0.0,"max_hp_loss":0.0,"gold_gain":0.0,"event_name":"Cursed Tome","player_choice":"Obtained Book","floor":19.0,"gold_loss":0.0,"damage_taken":16.0},{"damage_healed":0.0,"max_hp_gain":0.0,"max_hp_loss":0.0,"gold_gain":0.0,"event_name":"NoteForYourself","player_choice":"Ignored","floor":20.0,"gold_loss":0.0,"damage_taken":0.0},{"damage_healed":0.0,"max_hp_gain":0.0,"max_hp_loss":0.0,"gold_gain":0.0,"event_name":"Masked Bandits","player_choice":"Fought Bandits","floor":21.0,"gold_loss":0.0,"damage_taken":0.0},{"damage_healed":0.0,"max_hp_gain":0.0,"max_hp_loss":0.0,"gold_gain":0.0,"cards_transformed":["Strike_R","Strike_R"],"event_name":"Drug Dealer","player_choice":"Became Test Subject","floor":29.0,"gold_loss":0.0,"damage_taken":0.0,"cards_obtained":["Carnage","Fire Breathing"]},{"damage_healed":0.0,"max_hp_gain":0.0,"max_hp_loss":0.0,"gold_gain":222.0,"event_name":"Tomb of Lord Red Mask","player_choice":"Wore Mask","floor":36.0,"gold_loss":0.0,"damage_taken":0.0},{"damage_healed":0.0,"max_hp_gain":0.0,"max_hp_loss":0.0,"gold_gain":0.0,"event_name":"Accursed Blacksmith","player_choice":"Rummage","floor":41.0,"gold_loss":0.0,"damage_taken":0.0,"relics_obtained":["WarpedTongs"],"cards_obtained":["Pain"]},{"damage_healed":0,"gold_gain":75,"player_choice":"Touch","damage_taken":10,"max_hp_gain":0,"max_hp_loss":0,"event_name":"FaceTrader","floor":44,"gold_loss":0}],"is_beta":false,"boss_relics":[{"not_picked":["Cursed Key","Fusion Hammer"],"picked":"Snecko Eye"},{"not_picked":["Runic Pyramid","Mark of Pain"],"picked":"Sozu"}],"items_purged_floors":[3,28,46,53],"is_endless":false,"potions_floor_spawned":[1,7,8,21,33,35,37,39,54],"ascension_level":5}