{"gold_per_floor":[114,125,125,9,19,81,81,81,108,108,120,198,217,230,230,230],"floor_reached":16,"playtime":368,"items_purged":[],"score":158,"play_id":"faa6a507-0543-4802-95bd-f22d2c58b1ec","local_time":"20181213134154","is_ascension_mode":true,"campfire_choices":[{"data":"True Grit","floor":8,"key":"SMITH"},{"floor":10,"key":"REST"},{"data":"Sword Boomerang","floor":15,"key":"SMITH"}],"neow_cost":"NONE","seed_source_timestamp":7814257553398,"circlet_count":0,"master_deck":["AscendersBane","Strike_R","Strike_R","Strike_R","Strike_R","Strike_R","Defend_R","Defend_R","Defend_R","Defend_R","Bash","Whirlwind+1","True Grit+1","Flame Barrier+1","Sword Boomerang+1","Shrug It Off","Dropkick","Intimidate","Clothesline","Pommel Strike"],"relics":["Burning Blood","Tiny Chest","Dream Catcher"],"potions_floor_usage":[],"damage_taken":[{"damage":8,"enemies":"Jaw Worm","floor":1,"turns":4},{"damage":6,"enemies":"Cultist","floor":2,"turns":3},{"damage":7,"enemies":"2 Louse","floor":5,"turns":2},{"damage":56,"enemies":"Lagavulin","floor":6,"turns":7},{"damage":12,"enemies":"Gremlin Gang","floor":11,"turns":3},{"damage":0,"enemies":"Large Slime","floor":13,"turns":4},{"damage":16,"enemies":"Exordium Thugs","floor":14,"turns":4},{"damage":46,"enemies":"The Guardian","floor":16,"turns":10}],"seed_played":"-8553744703589346975","potions_obtained":[{"floor":5,"key":"LiquidBronze"},{"floor":14,"key":"PowerPotion"}],"is_trial":false,"path_per_floor":["M","M","?","$","M","E","?","R","T","R","M","?","M","M","R","B"],"character_chosen":"IRONCLAD","items_purchased":["Flame Barrier","Sword Boomerang"],"campfire_rested":1,"item_purchase_floors":[4,4],"current_hp_per_floor":[78,78,78,78,77,27,27,27,27,53,47,47,53,43,43,0],"gold":230,"neow_bonus":"TEN_PERCENT_HP_BONUS","is_prod":false,"is_daily":false,"chose_seed":false,"campfire_upgraded":2,"win_rate":0,"timestamp":1544697714,"path_taken":["M","M","?","?","M","E","?","R","T","R","?","?","M","M","R","BOSS"],"build_version":"2018-12-06","purchased_purges":0,"victory":false,"max_hp_per_floor":[88,88,88,88,88,88,88,88,88,88,88,88,88,88,88,88],"card_choices":[{"not_picked":["Heavy Blade","Headbutt"],"picked":"Whirlwind","floor":1},{"not_picked":["Rupture","Warcry"],"picked":"True Grit","floor":2},{"not_picked":["Havoc","Heavy Blade"],"picked":"Shrug It Off","floor":5},{"not_picked":["Rage","Power Through"],"picked":"Dropkick","floor":6},{"not_picked":["Fire Breathing","Whirlwind"],"picked":"Intimidate","floor":10},{"not_picked":["Wild Strike","Dual Wield"],"picked":"Clothesline","floor":11},{"not_picked":["Rupture","Armaments"],"picked":"Pommel Strike","floor":13},{"not_picked":["Warcry","Double Tap","Intimidate"],"picked":"SKIP","floor":14}],"player_experience":584036,"relics_obtained":[{"floor":6,"key":"Tiny Chest"},{"floor":9,"key":"Dream Catcher"}],"event_choices":[{"damage_healed":0,"gold_gain":0,"player_choice":"Upgraded","damage_taken":0,"max_hp_gain":0,"max_hp_loss":0,"event_name":"Upgrade Shrine","floor":3,"gold_loss":0,"cards_upgraded":["Whirlwind"]},{"damage_healed":0,"gold_gain":0,"player_choice":"Forge","damage_taken":0,"max_hp_gain":0,"max_hp_loss":0,"event_name":"Accursed Blacksmith","floor":7,"gold_loss":0,"cards_upgraded":["Flame Barrier"]},{"damage_healed":0,"gold_gain":78,"player_choice":"Gained Gold","damage_taken":0,"max_hp_gain":0,"max_hp_loss":0,"event_name":"Golden Wing","floor":12,"gold_loss":0}],"is_beta":false,"boss_relics":[],"items_purged_floors":[],"is_endless":false,"potions_floor_spawned":[5,14],"killed_by":"The Guardian","ascension_level":11}