{"gold_per_floor":[116,116,92,92,106,119,119,151,151,167,167,184,184,195,195,268,268,286,274,274,75,75,75,100,100,180,41,41,51,14,30,30,30],"floor_reached":33,"playtime":1088,"items_purged":["Strike_B","Strike_B"],"score":464,"play_id":"5a43f469-ea40-42ed-bb0e-910d3ae16d2b","local_time":"20180831154044","is_ascension_mode":true,"campfire_choices":[{"data":"Hologram","floor":7,"key":"SMITH"},{"data":"Ball Lightning","floor":11,"key":"SMITH"},{"data":"Streamline","floor":13,"key":"SMITH"},{"data":"Defragment","floor":15,"key":"SMITH"},{"floor":23,"key":"REST"},{"data":"Defragment","floor":25,"key":"SMITH"},{"floor":32,"key":"REST"}],"neow_cost":"","seed_source_timestamp":3893091876079,"circlet_count":0,"master_deck":["Strike_B+1","Strike_B+1","Defend_B","Defend_B","Defend_B","Zap+1","Dualcast","AscendersBane","Auto Shields","Hologram+1","Blizzard","Sweeping Beam","Conserve Battery","Ball Lightning+1","Coolheaded","Streamline+1","Defragment+1","Buffer","Defragment+1","Cold Snap","Loop","Undo","Loop"],"relics":["FrozenCore","Meat on the Bone","Ancient Tea Set","Whetstone","Gremlin Horn"],"potions_floor_usage":[31,31],"damage_taken":[{"damage":7,"enemies":"Small Slimes","floor":1,"turns":4},{"damage":4,"enemies":"2 Louse","floor":5,"turns":2},{"damage":3,"enemies":"Jaw Worm","floor":6,"turns":3},{"damage":18,"enemies":"Lagavulin","floor":8,"turns":7},{"damage":11,"enemies":"3 Louse","floor":10,"turns":3},{"damage":9,"enemies":"Red Slaver","floor":12,"turns":3},{"damage":1,"enemies":"Exordium Wildlife","floor":14,"turns":3},{"damage":16,"enemies":"The Guardian","floor":16,"turns":9},{"damage":16,"enemies":"3 Byrds","floor":18,"turns":5},{"damage":13,"enemies":"2 Thieves","floor":19,"turns":4},{"damage":28,"enemies":"Colosseum Slavers","floor":22,"turns":7},{"damage":13,"enemies":"Book of Stabbing","floor":24,"turns":6},{"damage":8,"enemies":"Snake Plant","floor":29,"turns":5},{"damage":26,"enemies":"Centurion and Healer","floor":31,"turns":12},{"damage":71,"enemies":"Collector","floor":33,"turns":6}],"seed_played":"-7759297380920960854","potions_obtained":[{"floor":1,"key":"Regen Potion"},{"floor":10,"key":"Poison Potion"},{"floor":19,"key":"Regen Potion"}],"is_trial":false,"path_per_floor":["M","?","$","?","M","M","R","E","T","M","R","M","R","M","R","B",null,"M","M","?","$","?","R","E","R","T","$","?","M","$","M","R"],"character_chosen":"DEFECT","items_purchased":["Hologram","Defragment","Cold Snap","Loop","Undo"],"campfire_rested":2,"item_purchase_floors":[3,21,21,27,30],"current_hp_per_floor":[57,57,57,57,53,50,50,32,32,33,33,36,36,47,47,43,64,48,47,47,47,31,52,39,39,39,39,39,43,43,51,71,0],"gold":30,"neow_bonus":"","is_prod":false,"is_daily":false,"chose_seed":false,"campfire_upgraded":5,"win_rate":0,"timestamp":1535719244,"path_taken":["M","?","$","?","M","M","R","E","T","M","R","?","R","M","R","BOSS","M","M","?","$","?","R","E","R","T","?","?","M","$","?","R","BOSS"],"build_version":"2018-08-30","purchased_purges":2,"victory":false,"max_hp_per_floor":[71,71,71,71,71,71,71,71,71,71,71,71,71,71,71,71,71,71,71,71,71,71,71,71,71,71,71,71,71,71,71,71,71],"card_choices":[{"not_picked":["Chaos","Beam Cell"],"picked":"Auto Shields","floor":1},{"not_picked":["Steam","Hologram"],"picked":"Sweeping Beam","floor":5},{"not_picked":["Heatsinks","Ball Lightning"],"picked":"Conserve Battery","floor":6},{"not_picked":["Sweeping Beam","Storm"],"picked":"Ball Lightning","floor":8},{"not_picked":["Go for the Eyes","Barrage"],"picked":"Coolheaded","floor":10},{"not_picked":["Cold Snap","Tempest"],"picked":"Streamline","floor":12},{"not_picked":["Sweeping Beam","Seek"],"picked":"Defragment","floor":14},{"not_picked":["Meteor Strike","Fission"],"picked":"Buffer","floor":16},{"not_picked":["Rebound","Compile Driver","Consume"],"picked":"SKIP","floor":18},{"not_picked":["Ball Lightning","Scrape+1","Double Energy"],"picked":"SKIP","floor":19},{"not_picked":["Leap","Stack","Tempest"],"picked":"SKIP","floor":24},{"not_picked":["Cold Snap","Heatsinks","Steam"],"picked":"SKIP","floor":29},{"not_picked":["Redo","Scrape"],"picked":"Loop","floor":31}],"player_experience":452760,"relics_obtained":[{"floor":8,"key":"Meat on the Bone"},{"floor":9,"key":"Ancient Tea Set"},{"floor":24,"key":"Whetstone"},{"floor":26,"key":"Gremlin Horn"}],"event_choices":[{"event_name":"Living Wall","player_choice":"Grow","floor":2,"damage_taken":0},{"event_name":"Transmorgrifier","player_choice":"Transform","floor":4,"damage_taken":0},{"event_name":"Vampires","player_choice":"Ignored","floor":20,"damage_taken":0},{"event_name":"Colosseum","player_choice":"Fight","floor":22,"damage_taken":0},{"event_name":"Colosseum","player_choice":"Fled From Nobs","floor":22,"damage_taken":0},{"event_name":"Ghosts","player_choice":"Ignored","floor":28,"damage_taken":0}],"is_beta":false,"boss_relics":[{"not_picked":["Fusion Hammer","Busted Crown"],"picked":"FrozenCore"}],"items_purged_floors":[21,27],"is_endless":false,"potions_floor_spawned":[1,10,14,19,24],"killed_by":"Collector","ascension_level":15}