{"gold_per_floor":[16,35,47,47,47,87,162,162,162,11,11],"floor_reached":11,"playtime":295,"items_purged":[],"score":71,"play_id":"9b825b60-ee90-4829-a6ce-21774c4261d8","local_time":"20180828171909","is_ascension_mode":false,"campfire_choices":[],"neow_cost":"NO_GOLD","seed_source_timestamp":37570568739797,"circlet_count":0,"master_deck":["Strike_R","Strike_R","Strike_R","Strike_R","Strike_R","Defend_R","Defend_R","Defend_R","Defend_R","Bash","Heavy Blade","Iron Wave","Anger","Regret","Ghostly Armor"],"relics":["Burning Blood","Shuriken","Golden Idol","Question Card","Lantern","Oddly Smooth Stone","Ornamental Fan","Bag of Marbles"],"potions_floor_usage":[],"damage_taken":[{"damage":10,"enemies":"2 Louse","floor":1,"turns":4},{"damage":0,"enemies":"Small Slimes","floor":2,"turns":3},{"damage":5,"enemies":"Cultist","floor":3,"turns":4},{"damage":48,"enemies":"3 Sentries","floor":6,"turns":10},{"damage":27,"enemies":"3 Sentries","floor":7,"turns":9},{"damage":14,"enemies":"Lagavulin","floor":11,"turns":2}],"seed_played":"5304276349067822875","potions_obtained":[{"floor":1,"key":"SpeedPotion"},{"floor":7,"key":"FearPotion"},{"floor":7,"key":"Poison Potion"}],"is_trial":false,"path_per_floor":["M","M","M","?","?","E","?","?","T","$"],"character_chosen":"IRONCLAD","items_purchased":["Bag of Marbles"],"campfire_rested":0,"item_purchase_floors":[10],"current_hp_per_floor":[92,96,96,96,89,47,26,8,8,8,0],"gold":11,"neow_bonus":"TWENTY_PERCENT_HP_BONUS","is_prod":false,"is_daily":false,"chose_seed":false,"campfire_upgraded":0,"win_rate":0,"timestamp":1535501949,"path_taken":["M","M","M","?","?","E","?","?","T","?","E"],"build_version":"2018-08-23v2","purchased_purges":0,"victory":false,"max_hp_per_floor":[96,96,96,96,89,89,89,89,89,89,89],"card_choices":[{"not_picked":["Shockwave","Sword Boomerang"],"picked":"Heavy Blade","floor":1},{"not_picked":["Dual Wield","True Grit"],"picked":"Iron Wave","floor":2},{"not_picked":["Rage","Iron Wave"],"picked":"Anger","floor":3},{"not_picked":["True Grit","Body Slam"],"picked":"Ghostly Armor","floor":6}],"player_experience":218942,"relics_obtained":[{"floor":6,"key":"Question Card"},{"floor":7,"key":"Lantern"},{"floor":9,"key":"Ornamental Fan"}],"event_choices":[{"event_name":"Big Fish","player_choice":"Box","floor":4,"damage_taken":0},{"event_name":"Golden Idol","player_choice":"Lose Max HP","floor":5,"damage_taken":0},{"event_name":"Dead Adventurer","player_choice":"Searched \u00271\u0027 times","floor":7,"damage_taken":0},{"event_name":"Scrap Ooze","player_choice":"success","floor":8,"damage_taken":18}],"is_beta":false,"boss_relics":[],"items_purged_floors":[],"is_endless":false,"potions_floor_spawned":[1,7,7],"killed_by":"Lagavulin","ascension_level":0}