{"gold_per_floor":[116,116,66,81,0,12,12,37,37,71,71,71,71,86,86,186,186,111,36,36,36,36,36,36,36,36,36,36,36,36,36,36,36,36,36,36,36,36,36,36,36,36,36,36,36,36,36,36,36,36,36,36,36,36,36],"floor_reached":55,"playtime":1727,"items_purged":["Strike_R"],"score":1015,"play_id":"a846662b-6a7b-4db6-a73c-5fc91b8f4c71","local_time":"20190305231209","is_ascension_mode":true,"campfire_choices":[{"data":"Cleave","floor":7,"key":"SMITH"},{"data":"Demon Form","floor":12,"key":"SMITH"},{"data":"Flame Barrier","floor":15,"key":"SMITH"},{"data":"Limit Break","floor":24,"key":"SMITH"},{"floor":27,"key":"REST"},{"floor":29,"key":"REST"},{"floor":32,"key":"REST"},{"floor":40,"key":"RECALL"},{"floor":46,"key":"REST"},{"floor":49,"key":"REST"},{"floor":52,"key":"REST"}],"neow_cost":"NONE","seed_source_timestamp":37810215466233,"circlet_count":0,"master_deck":["Strike_R","Strike_R","Defend_R","Defend_R","Defend_R+1","Defend_R","Bash","Cleave+1","Flame Barrier+1","Shrug It Off","Twin Strike","Flex","Iron Wave","Demon Form+1","Inflame","Limit Break+1","Shrug It Off+1","Disarm","Limit Break","Armaments+1","Sword Boomerang+1","Offering"],"relics":["Burning Blood","Bag of Preparation","Blue Candle","Juzu Bracelet","PreservedInsect","StoneCalendar","Ectoplasm","Singing Bowl","Omamori","Tiny Chest","FaceOfCleric","Fusion Hammer","Centennial Puzzle","Champion Belt","War Paint","Regal Pillow","Anchor","Ancient Tea Set","Lantern"],"potions_floor_usage":[10,23,28,33,33,55,55,55],"damage_taken":[{"damage":0,"enemies":"Small Slimes","floor":1,"turns":3},{"damage":0,"enemies":"Cultist","floor":4,"turns":3},{"damage":2,"enemies":"2 Louse","floor":6,"turns":2},{"damage":19,"enemies":"3 Sentries","floor":8,"turns":7},{"damage":36,"enemies":"Lagavulin","floor":10,"turns":6},{"damage":1,"enemies":"Gremlin Gang","floor":14,"turns":3},{"damage":14,"enemies":"The Guardian","floor":16,"turns":9},{"damage":20,"enemies":"2 Thieves","floor":18,"turns":5},{"damage":5,"enemies":"Chosen","floor":20,"turns":6},{"damage":15,"enemies":"3 Cultists","floor":22,"turns":4},{"damage":17,"enemies":"Slavers","floor":23,"turns":3},{"damage":34,"enemies":"Book of Stabbing","floor":25,"turns":5},{"damage":20,"enemies":"Gremlin Leader","floor":28,"turns":4},{"damage":19,"enemies":"Cultist and Chosen","floor":30,"turns":7},{"damage":55,"enemies":"Collector","floor":33,"turns":7},{"damage":6,"enemies":"3 Shapes","floor":35,"turns":6},{"damage":5,"enemies":"Mind Bloom Boss Battle","floor":37,"turns":4},{"damage":6,"enemies":"Orb Walker","floor":39,"turns":5},{"damage":26,"enemies":"Giant Head","floor":42,"turns":6},{"damage":24,"enemies":"Nemesis","floor":45,"turns":5},{"damage":35,"enemies":"Giant Head","floor":47,"turns":6},{"damage":19,"enemies":"Writhing Mass","floor":48,"turns":6},{"damage":57,"enemies":"Time Eater","floor":50,"turns":7},{"damage":59,"enemies":"Shield and Spear","floor":54,"turns":5},{"damage":92,"enemies":"The Heart","floor":55,"turns":3}],"seed_played":"7503969787891193679","potions_obtained":[{"floor":4,"key":"FearPotion"},{"floor":8,"key":"SpeedPotion"},{"floor":18,"key":"Strength Potion"},{"floor":22,"key":"SkillPotion"},{"floor":28,"key":"Strength Potion"},{"floor":33,"key":"Energy Potion"},{"floor":37,"key":"Regen Potion"},{"floor":39,"key":"Regen Potion"},{"floor":54,"key":"BloodPotion"}],"is_trial":false,"path_per_floor":["M","?","$","M","$","M","R","E","T","E","?","R","?","M","R","B",null,"M","$","M","$","M","E","R","E","T","R","E","R","M","?","R","B",null,"M","T","?","?","M","R","$","E","T","?","E","R","E","M","R","B",null,"R","$","E","B"],"character_chosen":"IRONCLAD","items_purchased":["Shrug It Off","Flex","Iron Wave"],"campfire_rested":6,"item_purchase_floors":[3,5,5],"current_hp_per_floor":[80,80,80,80,80,80,80,67,67,37,30,30,30,35,35,27,67,53,53,54,54,45,36,36,10,10,35,23,48,37,37,63,15,71,74,74,78,78,79,79,79,60,60,84,69,100,74,62,104,54,92,105,105,55,0],"gold":36,"neow_bonus":"RANDOM_COMMON_RELIC","is_prod":false,"is_daily":false,"chose_seed":false,"campfire_upgraded":4,"win_rate":0,"timestamp":1551816729,"path_taken":["M","?","$","?","$","M","R","E","T","E","?","R","?","M","R","BOSS","M","$","M","$","M","E","R","E","T","R","E","R","M","?","R","BOSS","M","?","?","?","M","R","$","E","T","?","E","R","E","M","R","BOSS","R","$","E","BOSS"],"build_version":"2019-01-23","purchased_purges":1,"victory":false,"max_hp_per_floor":[80,80,80,80,80,80,80,80,80,80,80,80,80,80,80,80,80,80,80,80,80,80,82,82,84,84,84,86,86,88,88,88,89,89,92,92,95,95,96,96,96,97,97,97,100,100,103,104,104,105,105,105,105,108,108],"card_choices":[{"not_picked":["Havoc","Rampage"],"picked":"Cleave","floor":1},{"not_picked":["Headbutt","Thunderclap"],"picked":"Twin Strike","floor":4},{"not_picked":["Wild Strike","Cleave","Iron Wave"],"picked":"SKIP","floor":6},{"not_picked":["Sword Boomerang","Intimidate","Twin Strike"],"picked":"SKIP","floor":8},{"not_picked":["Clothesline","Headbutt"],"picked":"Demon Form","floor":10},{"not_picked":["Warcry","Anger"],"picked":"Inflame","floor":14},{"not_picked":["Offering","Fiend Fire"],"picked":"Limit Break","floor":16},{"not_picked":["Havoc","Rampage","Flex"],"picked":"SKIP","floor":18},{"not_picked":["Dropkick","Clash+1"],"picked":"Shrug It Off","floor":20},{"not_picked":["True Grit","Shrug It Off+1"],"picked":"Disarm","floor":22},{"not_picked":["Disarm","Pommel Strike","Feel No Pain+1"],"picked":"Singing Bowl","floor":23},{"not_picked":["Infernal Blade","Clothesline","Combust"],"picked":"Singing Bowl","floor":25},{"not_picked":["Perfected Strike+1","Shrug It Off","Dark Embrace"],"picked":"Singing Bowl","floor":28},{"not_picked":["Cleave","Pummel","Evolve"],"picked":"Singing Bowl","floor":30},{"not_picked":["Juggernaut","Demon Form"],"picked":"Limit Break","floor":33},{"not_picked":["Iron Wave","Rupture+1","Pommel Strike+1"],"picked":"Singing Bowl","floor":35},{"not_picked":["Heavy Blade","Power Through","Wild Strike"],"picked":"Singing Bowl","floor":37},{"not_picked":["Dual Wield","Shrug It Off+1"],"picked":"Armaments+1","floor":39},{"not_picked":["Limit Break","Pommel Strike+1"],"picked":"Sword Boomerang+1","floor":42},{"not_picked":["Perfected Strike","Immolate","Combust+1"],"picked":"Singing Bowl","floor":45},{"not_picked":["Headbutt","Flex","Thunderclap+1"],"picked":"Singing Bowl","floor":47},{"not_picked":["True Grit+1","Body Slam"],"picked":"Offering","floor":48},{"not_picked":["Flex","Clash+1","Bloodletting+1"],"picked":"Singing Bowl","floor":54}],"player_experience":780141,"relics_obtained":[{"floor":8,"key":"Blue Candle"},{"floor":9,"key":"Juzu Bracelet"},{"floor":10,"key":"PreservedInsect"},{"floor":23,"key":"Singing Bowl"},{"floor":25,"key":"Omamori"},{"floor":28,"key":"Tiny Chest"},{"floor":36,"key":"Centennial Puzzle"},{"floor":37,"key":"Champion Belt"},{"floor":42,"key":"War Paint"},{"floor":43,"key":"Regal Pillow"},{"floor":45,"key":"Anchor"},{"floor":47,"key":"Ancient Tea Set"},{"floor":54,"key":"Lantern"}],"event_choices":[{"damage_healed":0,"gold_gain":0,"cards_transformed":["Strike_R"],"player_choice":"Transformed","damage_taken":0,"max_hp_gain":0,"max_hp_loss":0,"event_name":"Transmorgrifier","floor":2,"gold_loss":0,"cards_obtained":["Flame Barrier"]},{"damage_healed":0,"gold_gain":0,"player_choice":"Success","damage_taken":7,"relics_obtained":["StoneCalendar"],"max_hp_gain":0,"max_hp_loss":0,"event_name":"Scrap Ooze","floor":11,"gold_loss":0},{"cards_removed":["Strike_R"],"damage_healed":0,"gold_gain":0,"player_choice":"Purged","damage_taken":0,"max_hp_gain":0,"max_hp_loss":0,"event_name":"Purifier","floor":13,"gold_loss":0},{"damage_healed":0,"gold_gain":0,"player_choice":"Trade","damage_taken":0,"relics_obtained":["FaceOfCleric"],"max_hp_gain":0,"max_hp_loss":0,"event_name":"FaceTrader","floor":31,"gold_loss":0},{"damage_healed":0,"gold_gain":0,"player_choice":"Fight","damage_taken":0,"max_hp_gain":0,"max_hp_loss":0,"event_name":"MindBloom","floor":37,"gold_loss":0},{"damage_healed":0,"gold_gain":0,"player_choice":"Ignored","damage_taken":0,"max_hp_gain":0,"max_hp_loss":0,"event_name":"SecretPortal","floor":38,"gold_loss":0},{"damage_healed":24,"gold_gain":0,"player_choice":"Writhe","damage_taken":0,"max_hp_gain":0,"max_hp_loss":0,"event_name":"Winding Halls","floor":44,"gold_loss":0,"cards_obtained":["Writhe"]}],"is_beta":false,"boss_relics":[{"not_picked":["Mark of Pain","Runic Dome"],"picked":"Ectoplasm"},{"not_picked":["Velvet Choker","Cursed Key"],"picked":"Fusion Hammer"}],"items_purged_floors":[19],"is_endless":false,"potions_floor_spawned":[4,8,18,22,28,33,37,39,42,47,54],"killed_by":"The Heart","ascension_level":5}