{"gold_per_floor":[109,121,4,17,34,34,61,77,104,119,136,136,136,172,172,302,302,325,12,102,115,134,134,134],"floor_reached":24,"playtime":1692,"items_purged":[],"score":210,"play_id":"735e31e5-2ff3-4d3d-91cb-13c354d854d1","local_time":"20190712182112","is_ascension_mode":false,"campfire_choices":[{"data":"Loop","floor":6,"key":"SMITH"},{"data":"Chill","floor":12,"key":"SMITH"},{"data":"Dualcast","floor":15,"key":"SMITH"},{"floor":23,"key":"REST"}],"neow_cost":"NONE","seed_source_timestamp":36801547524545,"circlet_count":0,"master_deck":["Strike_B","Strike_B","Strike_B","Strike_B","Defend_B","Defend_B","Defend_B","Defend_B","Zap+1","Dualcast+1","Hologram","Glacier","Loop+1","Coolheaded","Beam Cell","All For One","Chill+1","Compile Driver","Coolheaded","Machine Learning","Beam Cell+1","Cold Snap","Auto Shields+1","Double Energy"],"relics":["Cracked Core","WingedGreaves","Bag of Marbles","Golden Idol","Centennial Puzzle","Nuclear Battery","Ginger"],"potions_floor_usage":[16,24],"damage_taken":[{"damage":0,"enemies":"Small Slimes","floor":1,"turns":2},{"damage":1,"enemies":"Jaw Worm","floor":2,"turns":3},{"damage":0,"enemies":"Cultist","floor":4,"turns":4},{"damage":8,"enemies":"Lots of Slimes","floor":5,"turns":5},{"damage":2,"enemies":"3 Sentries","floor":7,"turns":10},{"damage":7,"enemies":"Exordium Wildlife","floor":8,"turns":6},{"damage":15,"enemies":"Exordium Thugs","floor":10,"turns":4},{"damage":5,"enemies":"Blue Slaver","floor":11,"turns":3},{"damage":2,"enemies":"Lagavulin","floor":14,"turns":10},{"damage":30,"enemies":"Slime Boss","floor":16,"turns":17},{"damage":20,"enemies":"3 Byrds","floor":18,"turns":7},{"damage":5,"enemies":"Spheric Guardian","floor":21,"turns":4},{"damage":16,"enemies":"Snake Plant","floor":22,"turns":6},{"damage":17,"enemies":"Centurion and Healer","floor":24,"turns":3}],"seed_played":"-8469029622460544406","potions_obtained":[{"floor":2,"key":"Strength Potion"},{"floor":5,"key":"FearPotion"},{"floor":8,"key":"SpeedPotion"},{"floor":10,"key":"PowerPotion"},{"floor":18,"key":"Dexterity Potion"}],"is_trial":false,"path_per_floor":["M","M","$","M","M","R","E","M","T","M","M","R","?","E","R","B",null,"M","$","?","M","M","R","M"],"character_chosen":"DEFECT","items_purchased":["Loop","Coolheaded","Ginger","Cold Snap"],"campfire_rested":1,"item_purchase_floors":[3,3,19,19],"current_hp_per_floor":[75,74,74,74,66,66,64,57,57,42,37,37,37,35,35,5,69,49,49,37,32,16,36,19],"gold":134,"neow_bonus":"UPGRADE_CARD","is_prod":false,"is_daily":false,"chose_seed":false,"campfire_upgraded":3,"win_rate":0.0,"timestamp":1562973672,"path_taken":["M","M","$","M","M","R","E","M","T","M","M","R","?","E","R","BOSS","M","$","?","?","?","R","M"],"build_version":"2019-07-05","purchased_purges":0,"victory":false,"max_hp_per_floor":[75,75,75,75,75,75,75,75,75,75,75,75,69,69,69,69,69,69,69,69,69,69,69,69],"card_choices":[{"not_picked":["Conserve Battery","Sweeping Beam"],"picked":"Hologram","floor":1},{"not_picked":["Leap","Hologram"],"picked":"Glacier","floor":2},{"not_picked":["Auto Shields","Fusion"],"picked":"Beam Cell","floor":4},{"not_picked":["Doom and Gloom","Reprogram","Lockon"],"picked":"SKIP","floor":5},{"not_picked":["Hologram","Coolheaded"],"picked":"All For One","floor":7},{"not_picked":["Static Discharge","Barrage","Scrape"],"picked":"SKIP","floor":8},{"not_picked":["Double Energy","Rip and Tear"],"picked":"Chill","floor":10},{"not_picked":["Leap","Tempest"],"picked":"Compile Driver","floor":11},{"not_picked":["Machine Learning","Steam"],"picked":"Coolheaded","floor":14},{"not_picked":["Creative AI","Amplify"],"picked":"Machine Learning","floor":16},{"not_picked":["Conserve Battery","Self Repair"],"picked":"Beam Cell+1","floor":18},{"not_picked":["Chill","Sweeping Beam+1"],"picked":"Auto Shields+1","floor":21},{"not_picked":["Redo","Lockon"],"picked":"Double Energy","floor":22}],"player_experience":176752,"relics_obtained":[{"floor":7,"key":"WingedGreaves"},{"floor":9,"key":"Bag of Marbles"},{"floor":14,"key":"Centennial Puzzle"}],"event_choices":[{"damage_healed":0,"gold_gain":0,"player_choice":"Lose Max HP","damage_taken":0,"relics_obtained":["Golden Idol"],"max_hp_gain":0,"max_hp_loss":6,"event_name":"Golden Idol","floor":13,"gold_loss":0},{"damage_healed":0,"gold_gain":90,"player_choice":"GOLD ","damage_taken":12,"max_hp_gain":0,"max_hp_loss":0,"event_name":"Knowing Skull","floor":20,"potions_obtained":[],"gold_loss":0,"cards_obtained":[]}],"is_beta":false,"boss_relics":[{"not_picked":["Philosopher\u0027s Stone","Busted Crown"],"picked":"Nuclear Battery"}],"items_purged_floors":[],"is_endless":false,"potions_floor_spawned":[2,5,8,10,11,18,21,22],"killed_by":"Centurion and Healer","ascension_level":0}