{"gold_per_floor":[19,19,19,194,42,42,74,74,100,129,141,213,225,250,262,274],"floor_reached":16,"playtime":393,"items_purged":["Doubt"],"score":179,"play_id":"56ccd636-e2e5-4d1e-abb9-c4e266c4abf2","local_time":"20181215201458","is_ascension_mode":true,"campfire_choices":[{"data":"Pommel Strike","floor":6,"key":"SMITH"},{"data":"Disarm","floor":8,"key":"SMITH"},{"floor":13,"key":"REST"},{"data":"Armaments","floor":15,"key":"SMITH"}],"neow_cost":"NO_GOLD","seed_source_timestamp":30174104399710,"circlet_count":0,"master_deck":["AscendersBane","Strike_R","Strike_R","Strike_R","Strike_R","Strike_R","Defend_R","Defend_R","Defend_R","Defend_R","Bash","Pommel Strike+1","Corruption","Disarm+1","Sword Boomerang","Armaments+1","Battle Trance","Shrug It Off"],"relics":["Burning Blood","Dream Catcher","Ancient Tea Set","MawBank","FossilizedHelix"],"potions_floor_usage":[],"damage_taken":[{"damage":1,"enemies":"Cultist","floor":1,"turns":4},{"damage":50,"enemies":"3 Sentries","floor":7,"turns":11},{"damage":0,"enemies":"Small Slimes","floor":10,"turns":4},{"damage":48,"enemies":"Gremlin Nob","floor":12,"turns":5},{"damage":0,"enemies":"Jaw Worm","floor":14,"turns":2},{"damage":56,"enemies":"Hexaghost","floor":16,"turns":14}],"seed_played":"2050651469498340840","potions_obtained":[{"floor":7,"key":"EssenceOfSteel"}],"is_trial":false,"path_per_floor":["M","T","$","?","$","R","E","R","T","M","?","?","R","M","R","B"],"character_chosen":"IRONCLAD","items_purchased":["Corruption"],"campfire_rested":1,"item_purchase_floors":[5],"current_hp_per_floor":[93,93,93,93,93,93,49,49,49,55,60,18,48,54,54,0],"gold":274,"neow_bonus":"TWENTY_PERCENT_HP_BONUS","is_prod":false,"is_daily":false,"chose_seed":false,"campfire_upgraded":3,"win_rate":0,"timestamp":1544894098,"path_taken":["M","?","$","?","?","R","E","R","T","M","?","?","R","M","R","BOSS"],"build_version":"2018-12-13","purchased_purges":1,"victory":false,"max_hp_per_floor":[96,96,96,96,96,96,96,96,96,96,101,101,101,101,101,101],"card_choices":[{"not_picked":["Headbutt","Body Slam"],"picked":"Pommel Strike","floor":1},{"not_picked":["Seeing Red","Perfected Strike"],"picked":"Disarm","floor":7},{"not_picked":["Headbutt","Pommel Strike"],"picked":"Sword Boomerang","floor":10},{"not_picked":["Anger","Clash"],"picked":"Armaments","floor":12},{"not_picked":["Clothesline","Headbutt"],"picked":"Battle Trance","floor":13},{"not_picked":["Sword Boomerang","Hemokinesis"],"picked":"Shrug It Off","floor":14}],"player_experience":587474,"relics_obtained":[{"floor":2,"key":"Dream Catcher"},{"floor":7,"key":"Ancient Tea Set"},{"floor":9,"key":"MawBank"},{"floor":12,"key":"FossilizedHelix"}],"event_choices":[{"damage_healed":0,"gold_gain":175,"player_choice":"AGREE","damage_taken":0,"max_hp_gain":0,"max_hp_loss":0,"event_name":"Liars Game","floor":4,"gold_loss":0,"cards_obtained":["Doubt"]},{"damage_healed":0,"gold_gain":0,"player_choice":"Donut","damage_taken":0,"max_hp_gain":5,"max_hp_loss":0,"event_name":"Big Fish","floor":11,"gold_loss":0},{"damage_healed":0,"gold_gain":0,"player_choice":"Searched \u00271\u0027 times","damage_taken":0,"max_hp_gain":0,"max_hp_loss":0,"event_name":"Dead Adventurer","floor":12,"gold_loss":0}],"is_beta":false,"boss_relics":[],"items_purged_floors":[5],"is_endless":false,"potions_floor_spawned":[7],"killed_by":"Hexaghost","ascension_level":12}