{"gold_per_floor":[19,19,35,35,56,91,91,129,152,171,192,230,155,169,169,260,260,283,283,306,306,306,306,346,87,156,196,196,220,264,282,282,378,378,399,420,420,420,420,451,451,482,482,482,520,207,231,245,245,245,245,245,245,139,179,179],"floor_reached":57,"playtime":2617,"items_purged":["Hologram"],"score":3436,"play_id":"7ffc8719-3a2b-4fb1-b55d-7726cf346a2e","local_time":"20190806215715","is_ascension_mode":true,"campfire_choices":[{"data":"Zap","floor":7.0,"key":"SMITH"},{"data":"Sweeping Beam","floor":15.0,"key":"SMITH"},{"data":"Coolheaded","floor":23.0,"key":"SMITH"},{"data":"Defragment","floor":28.0,"key":"SMITH"},{"data":"Biased Cognition","floor":32.0,"key":"SMITH"},{"floor":41.0,"key":"RECALL"},{"data":"Electrodynamics","floor":44.0,"key":"SMITH"},{"data":"Loop","floor":49.0,"key":"SMITH"},{"data":"Heatsinks","floor":53.0,"key":"SMITH"}],"neow_cost":"NO_GOLD","seed_source_timestamp":357207394964593,"circlet_count":0,"master_deck":["AscendersBane","Defend_B+1","Defend_B+1","Defend_B+1","Defend_B+1","Zap+1","Dualcast+1","Doom and Gloom","Glacier+1","Ball Lightning","Glacier","Sweeping Beam+1","Electrodynamics+1","Creative AI","Meteor Strike","Coolheaded+1","Biased Cognition+1","Defragment+1","Fission+1","Coolheaded+1","Hologram+1","Conserve Battery+1","Echo Form","Rainbow+1","Storm","Loop+1","Heatsinks+1","Creative AI"],"special_seed":0,"relics":["Cracked Core","Golden Idol","Blood Vial","Happy Flower","Art of War","Gremlin Horn","Velvet Choker","Boot","Bottled Tornado","Anchor","Toxic Egg 2","Mummified Hand","War Paint","Snecko Eye","FossilizedHelix","Mercury Hourglass","Pantograph","Turnip","Potion Belt","Incense Burner"],"potions_floor_usage":[56,56,56,56,56,56,56,56],"damage_taken":[{"damage":0.0,"enemies":"2 Louse","floor":1.0,"turns":2.0},{"damage":12.0,"enemies":"Jaw Worm","floor":3.0,"turns":3.0},{"damage":1.0,"enemies":"Cultist","floor":5.0,"turns":3.0},{"damage":6.0,"enemies":"3 Sentries","floor":6.0,"turns":11.0},{"damage":19.0,"enemies":"Gremlin Nob","floor":8.0,"turns":4.0},{"damage":0.0,"enemies":"2 Fungi Beasts","floor":10.0,"turns":3.0},{"damage":0.0,"enemies":"Exordium Wildlife","floor":11.0,"turns":5.0},{"damage":13.0,"enemies":"Lagavulin","floor":12.0,"turns":5.0},{"damage":0.0,"enemies":"Looter","floor":14.0,"turns":3.0},{"damage":34.0,"enemies":"Hexaghost","floor":16.0,"turns":11.0},{"damage":10.0,"enemies":"Shell Parasite","floor":18.0,"turns":6.0},{"damage":1.0,"enemies":"Spheric Guardian","floor":20.0,"turns":4.0},{"damage":9.0,"enemies":"Slavers","floor":24.0,"turns":3.0},{"damage":0.0,"enemies":"Book of Stabbing","floor":27.0,"turns":4.0},{"damage":0.0,"enemies":"Cultist and Chosen","floor":29.0,"turns":3.0},{"damage":0.0,"enemies":"Gremlin Leader","floor":30.0,"turns":4.0},{"damage":2.0,"enemies":"Shelled Parasite and Fungi","floor":31.0,"turns":5.0},{"damage":0.0,"enemies":"Collector","floor":33.0,"turns":8.0},{"damage":5.0,"enemies":"3 Darklings","floor":35.0,"turns":3.0},{"damage":0.0,"enemies":"Orb Walker","floor":36.0,"turns":3.0},{"damage":0.0,"enemies":"Reptomancer","floor":40.0,"turns":5.0},{"damage":8.0,"enemies":"Giant Head","floor":42.0,"turns":6.0},{"damage":0.0,"enemies":"Nemesis","floor":45.0,"turns":5.0},{"damage":0.0,"enemies":"4 Shapes","floor":47.0,"turns":1.0},{"damage":0.0,"enemies":"Sphere and 2 Shapes","floor":48.0,"turns":2.0},{"damage":0.0,"enemies":"Donu and Deca","floor":50.0,"turns":6.0},{"damage":0.0,"enemies":"Time Eater","floor":51.0,"turns":7.0},{"damage":16.0,"enemies":"Shield and Spear","floor":55.0,"turns":5.0},{"damage":37,"enemies":"The Heart","floor":56,"turns":8}],"seed_played":"7171579065926546165","potions_obtained":[{"floor":1.0,"key":"EssenceOfSteel"},{"floor":5.0,"key":"EssenceOfSteel"},{"floor":12.0,"key":"SneckoOil"},{"floor":14.0,"key":"Block Potion"},{"floor":16.0,"key":"LiquidBronze"},{"floor":20.0,"key":"Weak Potion"},{"floor":27.0,"key":"Fire Potion"},{"floor":29.0,"key":"SneckoOil"},{"floor":35.0,"key":"FocusPotion"},{"floor":42.0,"key":"GamblersBrew"},{"floor":47.0,"key":"FocusPotion"}],"is_trial":false,"path_per_floor":["M","?","M","?","M","E","R","E","T","M","M","E","?","M","R","B",null,"M","?","M","?","?","R","E","$","T","E","R","M","E","M","R","B",null,"M","M","T","?","$","E","R","E","T","R","E","$","M","M","R","B","B",null,"R","$","E","B",null],"character_chosen":"DEFECT","items_purchased":["Defragment","Anchor","Potion Belt","Heatsinks","EntropicBrew"],"campfire_rested":0,"item_purchase_floors":[25,25,46,46,54],"current_hp_per_floor":[78,77,65,65,64,58,58,41,41,43,45,34,34,36,36,4,59,51,51,52,52,52,52,45,45,45,47,47,49,51,51,51,53,71,68,70,70,70,70,72,72,65,65,65,67,67,69,71,71,73,73,73,73,73,57,36],"gold":179,"neow_bonus":"TWENTY_PERCENT_HP_BONUS","is_prod":false,"is_daily":false,"chose_seed":false,"campfire_upgraded":8,"win_rate":0,"timestamp":1565153835,"path_taken":["M","?","M","?","?","E","R","E","T","M","M","E","?","M","R","BOSS","M","?","M","?","?","R","E","$","T","E","R","M","E","M","R","BOSS","M","?","?","?","$","E","R","E","T","R","E","?","M","M","R","BOSS","BOSS","R","$","E","BOSS"],"build_version":"2019-07-17","purchased_purges":1,"victory":true,"max_hp_per_floor":[85,77,77,77,77,77,77,77,77,77,77,77,77,77,77,77,77,77,77,77,77,77,77,77,77,77,77,77,77,77,77,77,77,77,77,77,77,73,73,73,73,73,73,73,73,73,73,73,73,73,73,73,73,73,73,73],"card_choices":[{"not_picked":["Rip and Tear","Rebound"],"picked":"Doom and Gloom","floor":1.0},{"not_picked":["Redo","Double Energy","Rebound"],"picked":"SKIP","floor":3.0},{"not_picked":["Redo","Chaos"],"picked":"Glacier","floor":5.0},{"not_picked":["Leap","Steam"],"picked":"Ball Lightning","floor":6.0},{"not_picked":["Ball Lightning","Reinforced Body"],"picked":"Glacier","floor":8.0},{"not_picked":["Melter","Skim","Leap"],"picked":"SKIP","floor":10.0},{"not_picked":["Streamline","Barrage"],"picked":"Chill","floor":11.0},{"not_picked":["Beam Cell","Self Repair","Force Field"],"picked":"SKIP","floor":12.0},{"not_picked":["Recycle","Scrape"],"picked":"Sweeping Beam","floor":14.0},{"not_picked":["Amplify","All For One"],"picked":"Electrodynamics","floor":16.0},{"not_picked":["Ball Lightning","Barrage"],"picked":"Hologram","floor":18.0},{"not_picked":["Streamline","Fusion"],"picked":"Coolheaded","floor":20.0},{"not_picked":["Gash","Fission"],"picked":"Biased Cognition","floor":24.0},{"not_picked":["Double Energy+1","Skim+1"],"picked":"Fission+1","floor":27.0},{"not_picked":["Rip and Tear","Conserve Battery+1"],"picked":"Coolheaded+1","floor":29.0},{"not_picked":["Leap+1","Tempest+1"],"picked":"Hologram+1","floor":30.0},{"not_picked":["Hologram+1","Redo+1"],"picked":"Conserve Battery+1","floor":31.0},{"not_picked":["Seek+1","Multi-Cast+1"],"picked":"Echo Form","floor":33.0},{"not_picked":["Hologram+1","Steam Power+1","Conserve Battery+1"],"picked":"SKIP","floor":35.0},{"not_picked":["Leap+1","Redo+1"],"picked":"Rainbow+1","floor":36.0},{"not_picked":["Hologram+1","Lockon+1"],"picked":"Storm","floor":40.0},{"not_picked":["Rebound","Consume+1","Gash+1"],"picked":"SKIP","floor":42.0},{"not_picked":["Redo+1","Stack+1"],"picked":"Loop","floor":45.0},{"not_picked":["Gash+1","Rebound+1","Auto Shields+1"],"picked":"SKIP","floor":47.0},{"not_picked":["Beam Cell","Redo+1","Leap+1"],"picked":"SKIP","floor":48.0},{"not_picked":["Consume+1","Conserve Battery+1"],"picked":"Creative AI","floor":55.0}],"player_experience":869448,"relics_obtained":[{"floor":6.0,"key":"Blood Vial"},{"floor":8.0,"key":"Happy Flower"},{"floor":9.0,"key":"Art of War"},{"floor":12.0,"key":"Gremlin Horn"},{"floor":24.0,"key":"Bottled Tornado"},{"floor":26.0,"key":"Toxic Egg 2"},{"floor":27.0,"key":"Mummified Hand"},{"floor":30.0,"key":"War Paint"},{"floor":37.0,"key":"FossilizedHelix"},{"floor":40.0,"key":"Mercury Hourglass"},{"floor":42.0,"key":"Pantograph"},{"floor":45.0,"key":"Turnip"},{"floor":55.0,"key":"Incense Burner"}],"event_choices":[{"damage_healed":0.0,"max_hp_gain":0.0,"max_hp_loss":8.0,"gold_gain":0.0,"event_name":"Golden Idol","player_choice":"Lose Max HP","floor":2.0,"gold_loss":0.0,"damage_taken":0.0,"relics_obtained":["Golden Idol"]},{"cards_removed":["Strike_B"],"damage_healed":0.0,"max_hp_gain":0.0,"max_hp_loss":0.0,"gold_gain":0.0,"event_name":"Purifier","player_choice":"Purged","floor":4.0,"gold_loss":0.0,"damage_taken":0.0},{"cards_removed":["Strike_B"],"damage_healed":0.0,"max_hp_gain":0.0,"max_hp_loss":0.0,"gold_gain":0.0,"event_name":"The Cleric","player_choice":"Card Removal","floor":13.0,"gold_loss":75.0,"damage_taken":0.0},{"damage_healed":0.0,"max_hp_gain":0.0,"max_hp_loss":0.0,"gold_gain":0.0,"cards_transformed":["Strike_B","Strike_B"],"event_name":"Drug Dealer","player_choice":"Became Test Subject","floor":19.0,"gold_loss":0.0,"damage_taken":0.0,"cards_obtained":["Creative AI","Meteor Strike"]},{"damage_healed":0.0,"max_hp_gain":0.0,"max_hp_loss":0.0,"gold_gain":0.0,"event_name":"Back to Basics","player_choice":"Simplicity","floor":21.0,"gold_loss":0.0,"damage_taken":0.0,"cards_upgraded":["Defend_B","Defend_B","Defend_B","Defend_B"]},{"cards_removed":["Chill"],"damage_healed":0.0,"max_hp_gain":0.0,"max_hp_loss":0.0,"gold_gain":0.0,"event_name":"WeMeetAgain","player_choice":"Gave Card","floor":22.0,"gold_loss":0.0,"damage_taken":0.0,"relics_obtained":["Boot"]},{"damage_healed":0.0,"max_hp_gain":0.0,"max_hp_loss":4.0,"gold_gain":0.0,"event_name":"Winding Halls","player_choice":"Max HP","floor":38.0,"gold_loss":0.0,"damage_taken":0.0}],"is_beta":false,"boss_relics":[{"not_picked":["Lizard Tail","Calling Bell"],"picked":"Velvet Choker"},{"not_picked":["Pandora\u0027s Box","Philosopher\u0027s Stone"],"picked":"Snecko Eye"}],"items_purged_floors":[46],"is_endless":false,"potions_floor_spawned":[1,5,12,14,16,20,27,29,35,42,47],"ascension_level":20}