{"gold_per_floor":[164,239,251,269,288,288,313,332,382,382,398,398,429,36,36,140,140,150,150,160,178,0,0,10,10,10,10,23,23,23,23,23,127,127,142,157,171,184,184,184,199,199,199,215,232,246,246,246,246,246],"floor_reached":50,"playtime":2743,"items_purged":[],"score":676,"play_id":"ae6102da-c2b5-42ac-9303-e495fb2ba2bd","local_time":"20180820073711","is_ascension_mode":true,"campfire_choices":[{"data":"Neutralize","floor":6.0,"key":"SMITH"},{"floor":10.0,"key":"REST"},{"data":"Footwork","floor":12.0,"key":"SMITH"},{"floor":15.0,"key":"REST"},{"floor":23.0,"key":"REST"},{"data":"Catalyst","floor":25.0,"key":"SMITH"},{"data":"Burst","floor":27.0,"key":"SMITH"},{"data":"Well Laid Plans","floor":29.0,"key":"SMITH"},{"floor":32.0,"key":"REST"},{"data":"Prepared","floor":40.0,"key":"SMITH"},{"floor":42.0,"key":"REST"},{"floor":49.0,"key":"REST"}],"neow_cost":"NONE","seed_source_timestamp":51791092223333,"circlet_count":0,"master_deck":["Defend_G","Defend_G","Defend_G","Defend_G","Strike_G+1","Strike_G","Strike_G","Survivor","Neutralize+1","Sucker Punch","Quick Slash","Footwork+1","Deadly Poison","Burst+1","Catalyst+1","Prepared+1","Dash","Well Laid Plans+1","Backflip+1","Catalyst+1","After Image","Caltrops+1","Bouncing Flask","Outmaneuver+1","Leg Sweep+1","Noxious Fumes","Blur+1","Madness","Madness"],"special_seed":0,"relics":["Tiny House","Omamori","Orichalcum","Meat on the Bone","Pear","Cursed Key","Ancient Tea Set","Empty Cage","Turnip"],"potions_floor_usage":[50,50],"damage_taken":[{"damage":3.0,"enemies":"Small Slimes","floor":1.0,"turns":4.0},{"damage":0.0,"enemies":"Jaw Worm","floor":3.0,"turns":4.0},{"damage":0.0,"enemies":"Cultist","floor":4.0,"turns":4.0},{"damage":7.0,"enemies":"2 Fungi Beasts","floor":5.0,"turns":4.0},{"damage":13.0,"enemies":"Lagavulin","floor":7.0,"turns":9.0},{"damage":3.0,"enemies":"3 Louse","floor":8.0,"turns":5.0},{"damage":8.0,"enemies":"Gremlin Gang","floor":11.0,"turns":7.0},{"damage":18.0,"enemies":"Gremlin Nob","floor":13.0,"turns":4.0},{"damage":42.0,"enemies":"Hexaghost","floor":16.0,"turns":13.0},{"damage":28.0,"enemies":"Spheric Guardian","floor":18.0,"turns":7.0},{"damage":6.0,"enemies":"3 Byrds","floor":20.0,"turns":8.0},{"damage":15.0,"enemies":"Snake Plant","floor":21.0,"turns":7.0},{"damage":15.0,"enemies":"Centurion and Healer","floor":24.0,"turns":9.0},{"damage":10.0,"enemies":"Shelled Parasite and Fungi","floor":28.0,"turns":11.0},{"damage":77.0,"enemies":"Champ","floor":33.0,"turns":13.0},{"damage":47.0,"enemies":"3 Shapes","floor":35.0,"turns":6.0},{"damage":22.0,"enemies":"Flame Bruiser 1 Orb","floor":36.0,"turns":9.0},{"damage":21.0,"enemies":"Spire Growth","floor":37.0,"turns":3.0},{"damage":17.0,"enemies":"4 Shapes","floor":38.0,"turns":16.0},{"damage":58.0,"enemies":"Flame Bruiser 2 Orb","floor":41.0,"turns":5.0},{"damage":11.0,"enemies":"Transient","floor":44.0,"turns":5.0},{"damage":35.0,"enemies":"Sphere and 2 Shapes","floor":45.0,"turns":5.0},{"damage":9.0,"enemies":"4 Shapes","floor":46.0,"turns":8.0},{"damage":47,"enemies":"Donu and Deca","floor":50,"turns":8}],"seed_played":"324256262254442033","potions_obtained":[{"floor":0.0,"key":"Fruit Juice"},{"floor":1.0,"key":"AttackPotion"},{"floor":5.0,"key":"Poison Potion"},{"floor":13.0,"key":"SkillPotion"},{"floor":18.0,"key":"Energy Potion"},{"floor":35.0,"key":"GhostInAJar"},{"floor":38.0,"key":"Swift Potion"},{"floor":44.0,"key":"FearPotion"},{"floor":45.0,"key":"GhostInAJar"},{"floor":46.0,"key":"Weak Potion"}],"is_trial":false,"path_per_floor":["M","?","M","M","M","R","E","M","T","R","M","R","E","$","R","B",null,"M","?","M","M","?","R","M","R","T","R","M","R","?","$","R","B",null,"M","M","M","M","?","R","M","R","T","M","M","M","?","?","R"],"character_chosen":"THE_SILENT","items_purchased":["Dash","Pear","Well Laid Plans"],"campfire_rested":6,"item_purchase_floors":[14,14,14],"current_hp_per_floor":[65,54,54,54,47,47,39,36,36,60,52,52,34,44,71,41,78,50,32,38,35,35,63,48,48,48,48,50,50,50,50,78,13,75,40,30,21,16,83,83,37,61,61,50,27,30,20,20,44,0],"gold":246,"neow_bonus":"BOSS_RELIC","is_prod":false,"is_daily":false,"chose_seed":false,"campfire_upgraded":6,"win_rate":0,"timestamp":1534739831,"path_taken":["M","?","M","M","M","R","E","M","T","R","M","R","E","$","R","BOSS","M","?","?","M","?","R","?","R","T","R","M","R","?","?","R","BOSS","M","?","M","?","?","R","M","R","T","M","M","M","?","?","R","BOSS"],"build_version":"2018-08-16","purchased_purges":0,"victory":false,"max_hp_per_floor":[75,75,75,75,75,75,80,80,80,80,80,80,80,90,90,90,90,90,95,95,95,95,95,95,95,95,95,95,95,95,95,95,95,95,95,95,95,95,83,83,83,83,83,83,83,83,83,83,83,83],"card_choices":[{"not_picked":["Escape Plan","Reflex"],"picked":"Sucker Punch","floor":0.0},{"not_picked":["Heel Hook","Poisoned Stab"],"picked":"Quick Slash","floor":1.0},{"not_picked":["Flying Knee","Tactician"],"picked":"Footwork","floor":3.0},{"not_picked":["Dagger Throw","Outmaneuver","Setup"],"picked":"SKIP","floor":4.0},{"not_picked":["Deflect","Infinite Blades"],"picked":"Deadly Poison","floor":5.0},{"not_picked":["Reflex","Deadly Poison"],"picked":"Burst","floor":7.0},{"not_picked":["Underhanded Strike","Prepared"],"picked":"Catalyst","floor":8.0},{"not_picked":["Sucker Punch","Underhanded Strike","Infinite Blades"],"picked":"SKIP","floor":11.0},{"not_picked":["Deadly Poison","Tactician"],"picked":"Prepared","floor":13.0},{"not_picked":["Acrobatics","Dash"],"picked":"Backflip+1","floor":18.0},{"not_picked":["Masterful Stab","Dodge and Roll+1","Concentrate+1"],"picked":"SKIP","floor":20.0},{"not_picked":["Reflex+1","Slice","Blade Dance"],"picked":"SKIP","floor":21.0},{"not_picked":["Flying Knee","Flechettes","Heel Hook"],"picked":"SKIP","floor":24.0},{"not_picked":["Accuracy","Flying Knee","Dagger Spray"],"picked":"SKIP","floor":28.0},{"not_picked":["Phantasmal Killer","Glass Knife"],"picked":"After Image","floor":33.0},{"not_picked":["Dagger Throw","Underhanded Strike"],"picked":"Caltrops+1","floor":35.0},{"not_picked":["Concentrate","Blade Dance"],"picked":"Bouncing Flask","floor":36.0},{"not_picked":["Calculated Gamble","PiercingWail","Heel Hook+1"],"picked":"SKIP","floor":37.0},{"not_picked":["Heel Hook+1","Dagger Spray+1"],"picked":"Outmaneuver+1","floor":38.0},{"not_picked":["Blade Dance+1","Sucker Punch"],"picked":"Leg Sweep+1","floor":41.0},{"not_picked":["Dodge and Roll","Prepared"],"picked":"Noxious Fumes","floor":44.0},{"not_picked":["Poisoned Stab","Bouncing Flask+1"],"picked":"Blur+1","floor":45.0},{"not_picked":["Sucker Punch","Slice","Masterful Stab+1"],"picked":"SKIP","floor":46.0}],"player_experience":434271,"relics_obtained":[{"floor":7.0,"key":"Omamori"},{"floor":9.0,"key":"Orichalcum"},{"floor":13.0,"key":"Meat on the Bone"},{"floor":26.0,"key":"Ancient Tea Set"},{"floor":43.0,"key":"Turnip"}],"event_choices":[{"event_name":"World of Goop","player_choice":"Gather Gold","floor":2.0,"damage_taken":0.0},{"event_name":"Forgotten Altar","player_choice":"Shed Blood","floor":19.0,"damage_taken":0.0},{"event_name":"Masked Bandits","player_choice":"Paid Fearfully","floor":22.0,"damage_taken":0.0},{"event_name":"Duplicator","player_choice":"One dupe","floor":30.0,"damage_taken":0.0},{"event_name":"The Moai Head","player_choice":"Heal","floor":39.0,"damage_taken":0.0},{"event_name":"Winding Halls","player_choice":"Embrace Madness","floor":47.0,"damage_taken":0.0},{"event_name":"Falling","player_choice":"Removed Skill","floor":48.0,"damage_taken":0.0}],"is_beta":false,"boss_relics":[{"not_picked":["Calling Bell","HoveringKite"],"picked":"Cursed Key"},{"not_picked":["WristBlade","Runic Pyramid"],"picked":"Empty Cage"}],"items_purged_floors":[],"is_endless":false,"potions_floor_spawned":[1,5,13,18,20,24,28,33,35,38,44,45,46],"killed_by":"Donu and Deca","ascension_level":8}