{"gold_per_floor":[117,129,143,161,175,175,2,32,108,127,127,127,202,202],"floor_reached":14,"playtime":535,"items_purged":[],"score":143,"play_id":"2e63f3c5-f6b7-4832-907e-d4aa7feed46c","local_time":"20190529201636","is_ascension_mode":true,"campfire_choices":[{"data":"Uppercut","floor":6.0,"key":"SMITH"},{"data":"Flame Barrier","floor":11.0,"key":"SMITH"}],"neow_cost":"NONE","seed_source_timestamp":148322054751084,"circlet_count":0,"master_deck":["AscendersBane","Strike_R","Strike_R","Strike_R","Strike_R","Defend_R","Defend_R","Defend_R","Defend_R","Bash","Exhume","Uppercut+1","Body Slam","Metallicize","Headbutt","Flame Barrier+1","Inflame","Swift Strike","Seeing Red"],"special_seed":0,"relics":["Burning Blood","Juzu Bracelet","Frozen Egg 2"],"potions_floor_usage":[14,14],"damage_taken":[{"damage":6.0,"enemies":"Cultist","floor":1.0,"turns":5.0},{"damage":2.0,"enemies":"2 Louse","floor":2.0,"turns":3.0},{"damage":6.0,"enemies":"Small Slimes","floor":3.0,"turns":5.0},{"damage":13.0,"enemies":"Blue Slaver","floor":4.0,"turns":6.0},{"damage":19.0,"enemies":"Looter","floor":5.0,"turns":3.0},{"damage":36.0,"enemies":"Lagavulin","floor":8.0,"turns":8.0},{"damage":14.0,"enemies":"3 Louse","floor":10.0,"turns":4.0},{"damage":10,"enemies":"Exordium Wildlife","floor":14,"turns":2}],"seed_played":"896827376706826628","potions_obtained":[{"floor":2.0,"key":"SneckoOil"},{"floor":4.0,"key":"Explosive Potion"}],"is_trial":false,"path_per_floor":["M","M","M","M","M","R","$","E","T","M","R","?","?","M"],"character_chosen":"IRONCLAD","items_purchased":["Inflame","Swift Strike"],"campfire_rested":0,"item_purchase_floors":[7,7],"current_hp_per_floor":[72,76,76,69,56,56,56,26,26,18,18,18,7,0],"gold":202,"neow_bonus":"ONE_RANDOM_RARE_CARD","is_prod":false,"is_daily":false,"chose_seed":false,"campfire_upgraded":2,"win_rate":0,"timestamp":1559153796,"path_taken":["M","M","?","M","M","R","?","E","T","M","R","?","?","M"],"build_version":"2019-01-23","purchased_purges":0,"victory":false,"max_hp_per_floor":[80,80,80,80,80,80,80,80,80,80,80,80,80,80],"card_choices":[{"not_picked":["Havoc","Shrug It Off"],"picked":"Uppercut","floor":1.0},{"not_picked":["Iron Wave","Thunderclap"],"picked":"Body Slam","floor":2.0},{"not_picked":["Uppercut","Sword Boomerang"],"picked":"Metallicize","floor":3.0},{"not_picked":["Second Wind","Entrench"],"picked":"Headbutt","floor":4.0},{"not_picked":["Whirlwind","Headbutt"],"picked":"Flame Barrier","floor":5.0},{"not_picked":["Twin Strike","Headbutt"],"picked":"Seeing Red","floor":8.0},{"not_picked":["Flex","Wild Strike","Havoc"],"picked":"SKIP","floor":10.0}],"player_experience":351564,"relics_obtained":[{"floor":8.0,"key":"Juzu Bracelet"},{"floor":9.0,"key":"Frozen Egg 2"}],"event_choices":[{"cards_removed":["Strike_R"],"damage_healed":0.0,"max_hp_gain":0.0,"max_hp_loss":0.0,"gold_gain":0.0,"event_name":"Purifier","player_choice":"Purged","floor":12.0,"gold_loss":0.0,"damage_taken":0.0},{"damage_healed":0.0,"max_hp_gain":0.0,"max_hp_loss":0.0,"gold_gain":75.0,"event_name":"World of Goop","player_choice":"Gather Gold","floor":13.0,"gold_loss":0.0,"damage_taken":11.0}],"is_beta":false,"boss_relics":[],"items_purged_floors":[],"is_endless":false,"potions_floor_spawned":[2,4,5],"killed_by":"Exordium Wildlife","ascension_level":11}