{"gold_per_floor":[115,390,47,58,58,58,90,90,117,24,39,69,87,8,8,79,79,96,21,39,39,55,55,71,71,71,71,90,103,103,53,53,126,126,144,156,25,37,37,37,37],"floor_reached":41,"playtime":1046,"items_purged":["Regret","Strike_B","Defend_B"],"score":746,"play_id":"0e69289a-c98b-4304-9140-e714305b1d8f","local_time":"20180902202458","is_ascension_mode":true,"campfire_choices":[{"data":"Sweeping Beam","floor":6,"key":"SMITH"},{"data":"Cold Snap","floor":8,"key":"SMITH"},{"floor":15,"key":"REST"},{"data":"Ball Lightning","floor":23,"key":"SMITH"},{"floor":25,"key":"REST"},{"data":"Melter","floor":27,"key":"SMITH"},{"floor":32,"key":"REST"},{"data":"Leap","floor":40,"key":"SMITH"}],"neow_cost":"NONE","seed_source_timestamp":30826325762644,"circlet_count":0,"master_deck":["Strike_B+1","Strike_B+1","Defend_B","Defend_B","Defend_B","Zap+1","Dualcast","AscendersBane","Cold Snap+1","Self Repair+1","Sweeping Beam+1","Melter+1","Leap+1","Loop+1","Echo Form+1","Ball Lightning+1","Loop+1","BootSequence","Self Repair+1"],"relics":["Cracked Core","NeowsBlessing","OrangePellets","Frozen Egg 2","Whetstone","Bronze Scales","Sozu","Smiling Mask","Lizard Tail"],"potions_floor_usage":[33,38],"damage_taken":[{"damage":0,"enemies":"Small Slimes","floor":1,"turns":1},{"damage":0,"enemies":"Cultist","floor":4,"turns":1},{"damage":0,"enemies":"3 Sentries","floor":7,"turns":1},{"damage":0,"enemies":"2 Louse","floor":11,"turns":3},{"damage":34,"enemies":"Lagavulin","floor":12,"turns":5},{"damage":11,"enemies":"Gremlin Gang","floor":13,"turns":3},{"damage":48,"enemies":"Hexaghost","floor":16,"turns":10},{"damage":0,"enemies":"Spheric Guardian","floor":18,"turns":2},{"damage":18,"enemies":"3 Byrds","floor":20,"turns":2},{"damage":5,"enemies":"Sentry and Sphere","floor":22,"turns":3},{"damage":32,"enemies":"Snake Plant","floor":24,"turns":3},{"damage":8,"enemies":"Snecko","floor":28,"turns":4},{"damage":19,"enemies":"Cultist and Chosen","floor":29,"turns":6},{"damage":41,"enemies":"Automaton","floor":33,"turns":8},{"damage":44,"enemies":"3 Darklings","floor":35,"turns":6},{"damage":13,"enemies":"3 Shapes","floor":36,"turns":5},{"damage":24,"enemies":"3 Darklings","floor":38,"turns":5},{"damage":63,"enemies":"2 Orb Walkers","floor":41,"turns":3}],"seed_played":"-3585285774202611402","potions_obtained":[{"floor":1,"key":"PowerPotion"},{"floor":11,"key":"Poison Potion"},{"floor":12,"key":"AttackPotion"}],"is_trial":false,"path_per_floor":["M","?","$","M","?","R","E","R","T","$","M","E","M","$","R","B",null,"M","?","M","?","M","R","M","R","T","R","M","M","?","$","R","B",null,"M","M","$","M","$","R"],"character_chosen":"DEFECT","items_purchased":["Self Repair","OrangePellets","Melter","Leap","Loop+1","Self Repair+1"],"campfire_rested":3,"item_purchase_floors":[3,3,10,10,14,37],"current_hp_per_floor":[64,64,64,64,64,64,71,71,71,71,71,44,33,33,54,13,57,64,64,46,46,51,51,29,50,50,50,42,33,33,33,54,13,57,33,20,20,61,61,61,0],"gold":37,"neow_bonus":"THREE_ENEMY_KILL","is_prod":false,"is_daily":false,"chose_seed":false,"campfire_upgraded":5,"win_rate":0,"timestamp":1535909098,"path_taken":["M","?","$","?","?","R","E","R","T","?","M","E","M","$","R","BOSS","M","?","M","?","?","R","M","R","T","R","M","M","?","$","R","BOSS","M","M","$","M","$","R","E"],"build_version":"2018-08-30","purchased_purges":3,"victory":false,"max_hp_per_floor":[71,71,71,71,71,71,71,71,71,71,71,71,71,71,71,71,71,71,71,71,71,71,71,71,71,71,71,71,71,71,71,71,71,71,71,71,71,71,71,71,71],"card_choices":[{"not_picked":["Tempest","Gash"],"picked":"Cold Snap","floor":1},{"not_picked":["Steam Power","Hologram"],"picked":"Sweeping Beam","floor":4},{"not_picked":["Streamline","Creative AI","Heatsinks"],"picked":"SKIP","floor":7},{"not_picked":["Aggregate","Conserve Battery","Chaos"],"picked":"SKIP","floor":11},{"not_picked":["Sweeping Beam","Double Energy","Streamline"],"picked":"SKIP","floor":12},{"not_picked":["Sweeping Beam","Leap","Beam Cell"],"picked":"SKIP","floor":13},{"not_picked":["Amplify","Core Surge"],"picked":"Echo Form+1","floor":16},{"not_picked":["Cold Snap","Steam Power"],"picked":"Ball Lightning","floor":18},{"not_picked":["Recycle","Force Field","Chaos"],"picked":"SKIP","floor":20},{"not_picked":["Ball Lightning","Chill","Creative AI+1"],"picked":"SKIP","floor":22},{"not_picked":["Beam Cell","Consume"],"picked":"Loop+1","floor":24},{"not_picked":["Streamline","Barrage","Redo+1"],"picked":"SKIP","floor":28},{"not_picked":["Ball Lightning","BootSequence","Turbo"],"picked":"SKIP","floor":29},{"not_picked":["Ball Lightning","Turbo"],"picked":"BootSequence","floor":29},{"not_picked":["Compile Driver","Streamline+1","Melter+1"],"picked":"SKIP","floor":35},{"not_picked":["Ball Lightning+1","BootSequence","Streamline+1"],"picked":"SKIP","floor":36},{"not_picked":["Sweeping Beam","Gash+1","Steam Power"],"picked":"SKIP","floor":38}],"player_experience":453848,"relics_obtained":[{"floor":7,"key":"Frozen Egg 2"},{"floor":9,"key":"Whetstone"},{"floor":12,"key":"Bronze Scales"},{"floor":26,"key":"Smiling Mask"}],"event_choices":[{"event_name":"Golden Shrine","player_choice":"Desecrate","floor":2,"damage_taken":0},{"event_name":"Living Wall","player_choice":"Grow","floor":5,"damage_taken":0},{"event_name":"Beggar","player_choice":"Gave Gold","floor":19,"damage_taken":0},{"event_name":"Upgrade Shrine","player_choice":"Upgraded","floor":21,"damage_taken":0},{"event_name":"The Mausoleum","player_choice":"No","floor":30,"damage_taken":0}],"is_beta":false,"boss_relics":[{"not_picked":["Tiny House","Calling Bell"],"picked":"Sozu"},{"not_picked":["Philosopher\u0027s Stone","Empty Cage"],"picked":"Lizard Tail"}],"items_purged_floors":[3,31,37],"is_endless":false,"potions_floor_spawned":[1,11,12,16,18,22,24,33,36,38],"killed_by":"2 Orb Walkers","ascension_level":15}