{"gold_per_floor":[111,261,261,15,31,31,31,31,58,58,89,107,125,145,145,224,224,236,236,247,33,53,53,53],"floor_reached":24,"playtime":517,"items_purged":["Doubt"],"score":372,"play_id":"4dfcb84a-fa80-42fa-ab32-d7c7d6b258af","local_time":"20181201190725","is_ascension_mode":true,"campfire_choices":[{"data":"Melter","floor":6.0,"key":"SMITH"},{"data":"Conserve Battery","floor":8.0,"key":"SMITH"},{"floor":10.0,"key":"REST"},{"data":"Sweeping Beam","floor":15.0,"key":"SMITH"},{"floor":23.0,"key":"REST"}],"neow_cost":"NONE","seed_source_timestamp":22533778302908,"circlet_count":0,"master_deck":["AscendersBane","Strike_B","Strike_B","Strike_B","Defend_B","Defend_B","Defend_B","Defend_B","Zap+1","Dualcast","Melter+1","Conserve Battery+1","Sweeping Beam+1","Leap","Go for the Eyes","Hologram","Biased Cognition","Undo","Conserve Battery","Ball Lightning","Loop"],"special_seed":0,"relics":["Cracked Core","Happy Flower","DataDisk","Boot","Bag of Marbles","Philosopher\u0027s Stone","Bronze Scales"],"potions_floor_usage":[],"damage_taken":[{"damage":7.0,"enemies":"Jaw Worm","floor":1.0,"turns":2.0},{"damage":7.0,"enemies":"Small Slimes","floor":5.0,"turns":3.0},{"damage":20.0,"enemies":"Lagavulin","floor":11.0,"turns":6.0},{"damage":0.0,"enemies":"Cultist","floor":12.0,"turns":2.0},{"damage":0.0,"enemies":"Exordium Wildlife","floor":13.0,"turns":2.0},{"damage":0.0,"enemies":"2 Fungi Beasts","floor":14.0,"turns":2.0},{"damage":25.0,"enemies":"Slime Boss","floor":16.0,"turns":6.0},{"damage":30.0,"enemies":"3 Byrds","floor":18.0,"turns":3.0},{"damage":17.0,"enemies":"Shell Parasite","floor":20.0,"turns":4.0},{"damage":5.0,"enemies":"Centurion and Healer","floor":22.0,"turns":6.0},{"damage":33,"enemies":"Snake Plant","floor":24,"turns":3}],"seed_played":"-2944364270283687211","potions_obtained":[{"floor":1.0,"key":"SpeedPotion"},{"floor":12.0,"key":"PowerPotion"},{"floor":16.0,"key":"Dexterity Potion"}],"is_trial":false,"path_per_floor":["M","?","T","$","M","R","?","R","T","R","E","M","M","M","R","B",null,"M","?","M","$","M","R","M"],"character_chosen":"DEFECT","items_purchased":["Conserve Battery","Fruit Juice","Bronze Scales","Loop"],"campfire_rested":2,"item_purchase_floors":[4,4,21,21],"current_hp_per_floor":[57,57,57,57,55,55,44,44,44,66,46,46,46,46,46,21,62,32,32,15,15,10,32,0],"gold":53,"neow_bonus":"UPGRADE_CARD","is_prod":false,"is_daily":false,"chose_seed":false,"campfire_upgraded":3,"win_rate":0,"timestamp":1543680445,"path_taken":["M","?","?","$","M","R","?","R","T","R","E","M","M","M","R","BOSS","M","?","M","?","?","R","M"],"build_version":"2018-11-15","purchased_purges":1,"victory":false,"max_hp_per_floor":[71,71,71,71,76,76,76,76,76,76,76,76,76,76,76,76,76,76,76,76,76,76,76,76],"card_choices":[{"not_picked":["Loop","Go for the Eyes"],"picked":"Melter","floor":1.0},{"not_picked":["Gash","Hologram"],"picked":"Sweeping Beam","floor":5.0},{"not_picked":["Turbo","Doom and Gloom"],"picked":"Leap","floor":11.0},{"not_picked":["Amplify","Rip and Tear"],"picked":"Go for the Eyes","floor":12.0},{"not_picked":["Fusion","Leap","Lockon"],"picked":"SKIP","floor":13.0},{"not_picked":["Streamline","Barrage"],"picked":"Hologram","floor":14.0},{"not_picked":["Machine Learning","Seek"],"picked":"Biased Cognition","floor":16.0},{"not_picked":["Lockon","Coolheaded"],"picked":"Undo","floor":18.0},{"not_picked":["Chaos","Sweeping Beam"],"picked":"Ball Lightning","floor":20.0},{"not_picked":["Steam","Redo","Gash+1"],"picked":"SKIP","floor":22.0}],"player_experience":553476,"relics_obtained":[{"floor":3.0,"key":"Happy Flower"},{"floor":9.0,"key":"Boot"},{"floor":11.0,"key":"Bag of Marbles"}],"event_choices":[{"damage_healed":0.0,"max_hp_gain":0.0,"max_hp_loss":0.0,"gold_gain":150.0,"event_name":"Liars Game","player_choice":"AGREE","floor":2.0,"gold_loss":0.0,"damage_taken":0.0,"cards_obtained":["Doubt"]},{"damage_healed":0.0,"max_hp_gain":0.0,"max_hp_loss":0.0,"gold_gain":0.0,"event_name":"Scrap Ooze","player_choice":"Success","floor":7.0,"gold_loss":0.0,"damage_taken":11.0,"relics_obtained":["DataDisk"]},{"damage_healed":0.0,"max_hp_gain":0.0,"max_hp_loss":0.0,"gold_gain":0.0,"cards_transformed":["Strike_B"],"event_name":"Transmorgrifier","player_choice":"Transformed","floor":19.0,"gold_loss":0.0,"damage_taken":0.0,"cards_obtained":["Conserve Battery"]}],"is_beta":false,"boss_relics":[{"not_picked":["Empty Cage","Calling Bell"],"picked":"Philosopher\u0027s Stone"}],"items_purged_floors":[4],"is_endless":false,"potions_floor_spawned":[1,12,16],"killed_by":"Snake Plant","ascension_level":18}