{"gold_per_floor":[117,267,28,28,41,41,59,73,155,226,226,11,11,23,23,97,97,115,115,58,58,69,69,82,82,107,107,0,0,12,12,12,12],"floor_reached":33,"playtime":855,"items_purged":["Strike_B","Doubt"],"score":468,"play_id":"fe0e12bb-5d9b-4b13-8c08-668d3133c4ec","local_time":"20190107235603","is_ascension_mode":true,"campfire_choices":[{"data":"Sunder","floor":6.0,"key":"SMITH"},{"data":"Leap","floor":11.0,"key":"SMITH"},{"floor":15.0,"key":"REST"},{"data":"Conserve Battery","floor":23.0,"key":"SMITH"},{"floor":25.0,"key":"REST"},{"data":"Blizzard","floor":32.0,"key":"SMITH"}],"neow_cost":"NONE","seed_source_timestamp":42792301917379,"circlet_count":0,"master_deck":["AscendersBane","Defend_B+1","Defend_B+1","Defend_B+1","Defend_B+1","Zap+1","Dualcast","Sunder+1","Leap+1","Steam+1","Blizzard+1","White Noise","Conserve Battery+1","All For One","Streamline","Cold Snap","Bite","Bite","Bite","Bite","Bite","Coolheaded+1"],"special_seed":0,"relics":["FrozenCore","NeowsBlessing","Happy Flower","Tiny Chest","Omamori"],"potions_floor_usage":[33],"damage_taken":[{"damage":0.0,"enemies":"Small Slimes","floor":1.0,"turns":1.0},{"damage":0.0,"enemies":"Jaw Worm","floor":5.0,"turns":1.0},{"damage":0.0,"enemies":"Cultist","floor":7.0,"turns":1.0},{"damage":14.0,"enemies":"3 Louse","floor":8.0,"turns":3.0},{"damage":3.0,"enemies":"Large Slime","floor":14.0,"turns":4.0},{"damage":23.0,"enemies":"Hexaghost","floor":16.0,"turns":9.0},{"damage":1.0,"enemies":"Shell Parasite","floor":18.0,"turns":4.0},{"damage":2.0,"enemies":"Spheric Guardian","floor":22.0,"turns":5.0},{"damage":54.0,"enemies":"Chosen and Byrds","floor":24.0,"turns":11.0},{"damage":0.0,"enemies":"Centurion and Healer","floor":30.0,"turns":13.0},{"damage":54,"enemies":"Collector","floor":33,"turns":6}],"seed_played":"-1225425663665700925","potions_obtained":[{"floor":1.0,"key":"AttackPotion"},{"floor":7.0,"key":"Block Potion"},{"floor":22.0,"key":"Ancient Potion"}],"is_trial":false,"path_per_floor":["M","?","$","?","M","R","M","M","T","?","R","$","?","M","R","B",null,"M","?","$","?","M","R","M","R","T","?","?","$","M","$","R","B"],"character_chosen":"DEFECT","items_purchased":["Happy Flower","Blizzard","White Noise","Cold Snap"],"campfire_rested":2,"item_purchase_floors":[3,12,12,20],"current_hp_per_floor":[64,64,64,64,64,64,64,50,50,50,50,50,29,26,47,24,59,58,58,58,49,49,49,3,17,17,17,17,17,39,39,39,0],"gold":12,"neow_bonus":"THREE_ENEMY_KILL","is_prod":false,"is_daily":false,"chose_seed":false,"campfire_upgraded":4,"win_rate":0,"timestamp":1546894563,"path_taken":["M","?","$","?","M","R","?","M","T","?","R","$","?","M","R","BOSS","M","?","$","?","M","R","M","R","T","?","?","?","?","$","R","BOSS"],"build_version":"2019-01-03v4","purchased_purges":2,"victory":false,"max_hp_per_floor":[71,71,71,71,71,71,71,71,71,71,71,71,71,71,71,71,71,71,71,71,49,49,49,49,49,49,49,49,49,49,49,49,49],"card_choices":[{"not_picked":["Fusion","Stack","Turbo"],"picked":"SKIP","floor":1.0},{"not_picked":["Go for the Eyes","Rebound"],"picked":"Sunder","floor":5.0},{"not_picked":["Recycle","Rebound"],"picked":"Leap","floor":7.0},{"not_picked":["Rebound","Gash"],"picked":"Steam","floor":8.0},{"not_picked":["Compile Driver","Loop"],"picked":"Conserve Battery","floor":14.0},{"not_picked":["Thunder Strike","Multi-Cast"],"picked":"All For One","floor":16.0},{"not_picked":["Steam","Go for the Eyes"],"picked":"Streamline","floor":18.0},{"not_picked":["Turbo","Self Repair"],"picked":"Coolheaded+1","floor":22.0},{"not_picked":["Gash","Leap","Sweeping Beam"],"picked":"SKIP","floor":24.0},{"not_picked":["Cold Snap","Conserve Battery","Steam"],"picked":"SKIP","floor":30.0}],"player_experience":665387,"relics_obtained":[{"floor":9.0,"key":"Tiny Chest"},{"floor":26.0,"key":"Omamori"}],"event_choices":[{"damage_healed":0.0,"max_hp_gain":0.0,"max_hp_loss":0.0,"gold_gain":150.0,"event_name":"Liars Game","player_choice":"AGREE","floor":2.0,"gold_loss":0.0,"damage_taken":0.0,"cards_obtained":["Doubt"]},{"damage_healed":0.0,"max_hp_gain":0.0,"max_hp_loss":0.0,"gold_gain":0.0,"event_name":"Accursed Blacksmith","player_choice":"Forge","floor":4.0,"gold_loss":0.0,"damage_taken":0.0,"cards_upgraded":["Zap"]},{"damage_healed":0.0,"max_hp_gain":0.0,"max_hp_loss":0.0,"gold_gain":71.0,"event_name":"Golden Wing","player_choice":"Gained Gold","floor":10.0,"gold_loss":0.0,"damage_taken":0.0},{"damage_healed":0.0,"max_hp_gain":0.0,"max_hp_loss":0.0,"gold_gain":0.0,"event_name":"Shining Light","player_choice":"Entered Light","floor":13.0,"gold_loss":0.0,"damage_taken":21.0,"cards_upgraded":["Strike_B","Steam"]},{"damage_healed":0.0,"max_hp_gain":0.0,"max_hp_loss":0.0,"gold_gain":0.0,"event_name":"Beggar","player_choice":"Ignored","floor":19.0,"gold_loss":0.0,"damage_taken":0.0},{"damage_healed":0.0,"max_hp_gain":0.0,"max_hp_loss":22.0,"gold_gain":0.0,"event_name":"Vampires","player_choice":"Became a vampire","floor":21.0,"gold_loss":0.0,"damage_taken":0.0,"cards_obtained":["Bite","Bite","Bite","Bite","Bite"]},{"damage_healed":0.0,"max_hp_gain":0.0,"max_hp_loss":0.0,"gold_gain":0.0,"event_name":"Back to Basics","player_choice":"Simplicity","floor":27.0,"gold_loss":0.0,"damage_taken":0.0,"cards_upgraded":["Defend_B","Defend_B","Defend_B","Defend_B"]},{"damage_healed":0.0,"max_hp_gain":0.0,"max_hp_loss":0.0,"gold_gain":0.0,"event_name":"Masked Bandits","player_choice":"Paid Fearfully","floor":28.0,"gold_loss":107.0,"damage_taken":0.0}],"is_beta":false,"boss_relics":[{"not_picked":["Empty Cage","Orrery"],"picked":"FrozenCore"}],"items_purged_floors":[3,12],"is_endless":false,"potions_floor_spawned":[1,7,14,22],"killed_by":"Collector","ascension_level":18}