{"gold_per_floor":[119,133,58,78,96,96,115,115,115,127,127,144,160,188,188,262,262,262,262,262,262,0,0,0],"floor_reached":24,"playtime":827,"items_purged":[],"score":354,"play_id":"2887def3-9eff-4d40-b16c-c00525209adb","local_time":"20180803065149","is_ascension_mode":true,"campfire_choices":[{"data":"Zap","floor":6.0,"key":"SMITH"},{"data":"Self Repair","floor":8.0,"key":"SMITH"},{"floor":11.0,"key":"REST"},{"data":"Capacitor","floor":15.0,"key":"SMITH"},{"floor":23.0,"key":"REST"}],"neow_cost":"NONE","seed_source_timestamp":2631777921754,"circlet_count":0,"master_deck":["Strike_B","Strike_B","Strike_B","Defend_B","Defend_B","Defend_B","Zap+1","Dualcast","AscendersBane","Stack","White Noise","Capacitor+1","Self Repair+1","Go for the Eyes","Ball Lightning","FTL","Echo Form","Defragment","RitualDagger","Cold Snap"],"special_seed":0,"relics":["Cracked Core","Ancient Tea Set","Centennial Puzzle","Ectoplasm"],"potions_floor_usage":[24,24],"damage_taken":[{"damage":17.0,"enemies":"Small Slimes","floor":1.0,"turns":4.0},{"damage":8.0,"enemies":"2 Louse","floor":2.0,"turns":4.0},{"damage":7.0,"enemies":"Jaw Worm","floor":4.0,"turns":4.0},{"damage":0.0,"enemies":"Large Slime","floor":5.0,"turns":4.0},{"damage":10.0,"enemies":"3 Louse","floor":7.0,"turns":3.0},{"damage":4.0,"enemies":"Looter","floor":10.0,"turns":4.0},{"damage":7.0,"enemies":"Large Slime","floor":12.0,"turns":6.0},{"damage":15.0,"enemies":"Blue Slaver","floor":13.0,"turns":4.0},{"damage":3.0,"enemies":"Lagavulin","floor":14.0,"turns":7.0},{"damage":38.0,"enemies":"Slime Boss","floor":16.0,"turns":9.0},{"damage":17.0,"enemies":"Shell Parasite","floor":18.0,"turns":5.0},{"damage":30.0,"enemies":"Spheric Guardian","floor":20.0,"turns":4.0},{"damage":46.0,"enemies":"Snake Plant","floor":21.0,"turns":5.0},{"damage":56,"enemies":"Slavers","floor":24,"turns":6}],"seed_played":"5066338071160803130","potions_obtained":[{"floor":4.0,"key":"Dexterity Potion"},{"floor":5.0,"key":"SkillPotion"}],"is_trial":false,"path_per_floor":["M","M","?","M","M","R","M","R","T","M","R","M","M","E","R","B",null,"M","?","M","M","?","R"],"character_chosen":"DEFECT","items_purchased":[],"campfire_rested":2,"item_purchase_floors":[],"current_hp_per_floor":[47,39,39,32,39,39,36,36,36,42,63,66,68,71,71,33,62,65,59,49,23,23,44,0],"gold":0,"neow_bonus":"TRANSFORM_CARD","is_prod":false,"is_daily":false,"chose_seed":false,"campfire_upgraded":3,"win_rate":0,"timestamp":1533268309,"path_taken":["M","M","?","M","M","R","M","R","T","M","R","M","M","E","R","BOSS","M","?","M","M","?","R","E"],"build_version":"2018-08-02","purchased_purges":0,"victory":false,"max_hp_per_floor":[71,71,71,71,71,71,71,71,71,71,71,71,71,71,71,71,71,71,71,71,71,71,71,71],"card_choices":[{"not_picked":["Hologram","Gash"],"picked":"White Noise","floor":1.0},{"not_picked":["Force Field","Lockon"],"picked":"Capacitor","floor":2.0},{"not_picked":["Compile Driver","Cold Snap"],"picked":"Self Repair","floor":4.0},{"not_picked":["Hello World","Blizzard"],"picked":"Go for the Eyes","floor":5.0},{"not_picked":["Gash","Reinforced Body","Genetic Algorithm"],"picked":"SKIP","floor":7.0},{"not_picked":["Gash","Sweeping Beam","Tempest"],"picked":"SKIP","floor":10.0},{"not_picked":["Conserve Battery","Steam"],"picked":"Ball Lightning","floor":12.0},{"not_picked":["Tempest","Compile Driver"],"picked":"FTL","floor":13.0},{"not_picked":["Aggregate","Steam Power","Ball Lightning"],"picked":"SKIP","floor":14.0},{"not_picked":["Hyperbeam","Machine Learning"],"picked":"Echo Form","floor":16.0},{"not_picked":["Consume","Rip and Tear"],"picked":"Defragment","floor":18.0},{"not_picked":["Turbo","Streamline+1","Compile Driver"],"picked":"SKIP","floor":20.0},{"not_picked":["Steam+1","Hologram"],"picked":"Cold Snap","floor":21.0}],"player_experience":398810,"relics_obtained":[{"floor":9.0,"key":"Ancient Tea Set"},{"floor":14.0,"key":"Centennial Puzzle"}],"event_choices":[{"event_name":"The Cleric","player_choice":"Card Removal","floor":3.0,"damage_taken":0.0},{"event_name":"Nest","player_choice":"Joined the Cult","floor":19.0,"damage_taken":0.0},{"event_name":"Masked Bandits","player_choice":"Paid Bandits 262 gold","floor":22.0,"damage_taken":0.0}],"is_beta":false,"boss_relics":[{"not_picked":["Inserter","Empty Cage"],"picked":"Ectoplasm"}],"items_purged_floors":[],"is_endless":false,"potions_floor_spawned":[4,5,7,13],"killed_by":"Slavers","ascension_level":15}