{"gold_per_floor":[114,133,133,283,299,331,331,256,256,272,272,272,305,324,324,398,398,414,329,345,365,384,384,394,79,103,117,117,117,130,50,50,124,124,140,160,160,160,60,60,77,109,135,154,154,154,14,30,30,30],"floor_reached":51,"playtime":1921,"items_purged":["Doubt","Strike_R","Strike_R"],"score":1264,"play_id":"f641a178-66a0-46b7-b067-47abd88c6c37","local_time":"20181026230037","is_ascension_mode":true,"campfire_choices":[{"data":"Cleave","floor":7.0,"key":"SMITH"},{"data":"Flame Barrier","floor":11.0,"key":"SMITH"},{"floor":15.0,"key":"REST"},{"floor":23.0,"key":"REST"},{"floor":29.0,"key":"REST"},{"floor":32.0,"key":"REST"},{"floor":40.0,"key":"REST"},{"floor":46.0,"key":"REST"},{"floor":49.0,"key":"REST"}],"neow_cost":"NONE","seed_source_timestamp":33088888340743,"circlet_count":0,"master_deck":["Strike_R","Strike_R","Defend_R","Defend_R","Bash","AscendersBane","Thunderclap+1","Cleave+1","Flame Barrier+1","Battle Trance","Shrug It Off","Flex","Flame Barrier","Limit Break","Armaments+1","Spot Weakness+1","Clothesline","Disarm","Pummel","Reaper","Sword Boomerang","Violence","Limit Break"],"special_seed":0,"relics":["Burning Blood","NeowsBlessing","Bag of Marbles","Gremlin Horn","Thread and Needle","Torii","Fusion Hammer","Art of War","Strawberry","Bronze Scales","Empty Cage","Matryoshka","Nunchaku","PreservedInsect","Smiling Mask"],"potions_floor_usage":[],"damage_taken":[{"damage":0.0,"enemies":"2 Louse","floor":1.0,"turns":1.0},{"damage":0.0,"enemies":"Jaw Worm","floor":2.0,"turns":1.0},{"damage":0.0,"enemies":"Cultist","floor":5.0,"turns":1.0},{"damage":32.0,"enemies":"Gremlin Nob","floor":6.0,"turns":4.0},{"damage":2.0,"enemies":"Exordium Wildlife","floor":10.0,"turns":3.0},{"damage":23.0,"enemies":"Lagavulin","floor":13.0,"turns":8.0},{"damage":0.0,"enemies":"Looter","floor":14.0,"turns":3.0},{"damage":47.0,"enemies":"The Guardian","floor":16.0,"turns":17.0},{"damage":0.0,"enemies":"3 Byrds","floor":18.0,"turns":1.0},{"damage":13.0,"enemies":"2 Thieves","floor":20.0,"turns":4.0},{"damage":16.0,"enemies":"3 Cultists","floor":21.0,"turns":5.0},{"damage":15.0,"enemies":"Snecko","floor":22.0,"turns":8.0},{"damage":47.0,"enemies":"Cultist and Chosen","floor":24.0,"turns":10.0},{"damage":10.0,"enemies":"Snake Plant","floor":27.0,"turns":4.0},{"damage":16.0,"enemies":"Colosseum Slavers","floor":28.0,"turns":4.0},{"damage":0.0,"enemies":"Snecko","floor":30.0,"turns":5.0},{"damage":68.0,"enemies":"Champ","floor":33.0,"turns":22.0},{"damage":13.0,"enemies":"Orb Walker","floor":35.0,"turns":4.0},{"damage":10.0,"enemies":"3 Shapes","floor":36.0,"turns":7.0},{"damage":38.0,"enemies":"Transient","floor":41.0,"turns":6.0},{"damage":20.0,"enemies":"Nemesis","floor":42.0,"turns":7.0},{"damage":57.0,"enemies":"Jaw Worm Horde","floor":44.0,"turns":4.0},{"damage":0.0,"enemies":"Sphere and 2 Shapes","floor":48.0,"turns":4.0},{"damage":77,"enemies":"Time Eater","floor":50,"turns":12}],"seed_played":"-4308367805260187220","potions_obtained":[{"floor":5.0,"key":"Explosive Potion"},{"floor":10.0,"key":"Regen Potion"},{"floor":14.0,"key":"Ancient Potion"},{"floor":16.0,"key":"FearPotion"},{"floor":18.0,"key":"PowerPotion"},{"floor":36.0,"key":"Poison Potion"}],"is_trial":false,"path_per_floor":["M","M","?","?","M","E","R","?","T","M","R","?","E","M","R","B",null,"M","?","M","M","M","R","M","$","T","M","?","R","M","$","R","B",null,"M","M","?","T","$","R","M","E","T","M","?","R","$","M","R","B"],"character_chosen":"IRONCLAD","items_purchased":["Strawberry","Disarm","Pummel","Limit Break"],"campfire_rested":7,"item_purchase_floors":[25,25,31,47],"current_hp_per_floor":[74,75,75,75,75,49,49,49,49,53,53,35,33,39,61,20,61,67,67,60,50,41,63,22,29,29,25,15,39,45,45,69,7,63,56,64,64,64,64,82,68,54,54,13,13,37,37,55,79,53],"gold":30,"neow_bonus":"THREE_ENEMY_KILL","is_prod":false,"is_daily":false,"chose_seed":false,"campfire_upgraded":2,"win_rate":0,"timestamp":1540584037,"path_taken":["M","M","?","?","?","E","R","?","T","?","R","?","E","M","R","BOSS","M","?","M","?","M","R","M","$","T","M","?","R","M","$","R","BOSS","M","M","?","?","$","R","?","E","T","M","?","R","$","M","R","BOSS"],"build_version":"2018-10-25v2","purchased_purges":3,"victory":true,"max_hp_per_floor":[75,75,75,75,75,75,75,75,75,75,75,75,75,75,75,75,75,75,75,75,75,75,75,75,82,82,82,82,82,82,82,82,82,82,82,82,82,82,82,82,82,82,82,82,82,82,82,82,82,82],"card_choices":[{"not_picked":["Clash","Burning Pact"],"picked":"Thunderclap","floor":1.0},{"not_picked":["Infernal Blade","Warcry"],"picked":"Cleave","floor":2.0},{"not_picked":["Pommel Strike","Uppercut"],"picked":"Flame Barrier","floor":5.0},{"not_picked":["Bloodletting","Sever Soul"],"picked":"Battle Trance","floor":6.0},{"not_picked":["Pommel Strike","Bloodletting"],"picked":"Shrug It Off","floor":10.0},{"not_picked":["Wild Strike","Body Slam"],"picked":"Flex","floor":13.0},{"not_picked":["Headbutt","Thunderclap"],"picked":"Flame Barrier","floor":14.0},{"not_picked":["Dark Embrace","Bludgeon"],"picked":"Limit Break","floor":16.0},{"not_picked":["Searing Blow","Ghostly Armor","Headbutt"],"picked":"SKIP","floor":18.0},{"not_picked":["Evolve","Twin Strike+1"],"picked":"Armaments+1","floor":20.0},{"not_picked":["Sword Boomerang","Cleave"],"picked":"Spot Weakness+1","floor":21.0},{"not_picked":["Flex","Bloodletting"],"picked":"Clothesline","floor":22.0},{"not_picked":["Searing Blow","Clash","Second Wind"],"picked":"SKIP","floor":24.0},{"not_picked":["Thunderclap","Clothesline","Perfected Strike"],"picked":"SKIP","floor":27.0},{"not_picked":["Perfected Strike","Havoc","Cleave"],"picked":"SKIP","floor":30.0},{"not_picked":["Dark Embrace","Feed"],"picked":"Reaper","floor":33.0},{"not_picked":["Shrug It Off","Havoc","Blood for Blood"],"picked":"SKIP","floor":35.0},{"not_picked":["Power Through","Warcry"],"picked":"Sword Boomerang","floor":36.0},{"not_picked":["Trip","Impatience"],"picked":"Violence","floor":37.0},{"not_picked":["Warcry+1","Thunderclap","Dropkick"],"picked":"SKIP","floor":41.0},{"not_picked":["Reckless Charge","Twin Strike","Clash"],"picked":"SKIP","floor":42.0},{"not_picked":["Armaments","Disarm","Warcry+1"],"picked":"SKIP","floor":44.0},{"not_picked":["Heavy Blade","Intimidate","Cleave"],"picked":"SKIP","floor":48.0}],"player_experience":487856,"relics_obtained":[{"floor":6.0,"key":"Bag of Marbles"},{"floor":9.0,"key":"Gremlin Horn"},{"floor":13.0,"key":"Torii"},{"floor":26.0,"key":"Bronze Scales"},{"floor":38.0,"key":"Matryoshka"},{"floor":42.0,"key":"Nunchaku"},{"floor":43.0,"key":"PreservedInsect"},{"floor":43.0,"key":"Smiling Mask"}],"event_choices":[{"damage_healed":0.0,"max_hp_gain":0.0,"max_hp_loss":0.0,"gold_gain":0.0,"event_name":"Living Wall","player_choice":"Grow","floor":3.0,"gold_loss":0.0,"damage_taken":0.0,"cards_upgraded":["Thunderclap"]},{"damage_healed":0.0,"max_hp_gain":0.0,"max_hp_loss":0.0,"gold_gain":150.0,"event_name":"Liars Game","player_choice":"AGREE","floor":4.0,"gold_loss":0.0,"damage_taken":0.0,"cards_obtained":["Doubt"]},{"cards_removed":["Strike_R"],"damage_healed":0.0,"max_hp_gain":0.0,"max_hp_loss":0.0,"gold_gain":0.0,"event_name":"The Cleric","player_choice":"Card Removal","floor":8.0,"gold_loss":75.0,"damage_taken":0.0},{"damage_healed":0.0,"max_hp_gain":0.0,"max_hp_loss":0.0,"gold_gain":0.0,"event_name":"Scrap Ooze","player_choice":"Success","floor":12.0,"gold_loss":0.0,"damage_taken":18.0,"relics_obtained":["Thread and Needle"]},{"damage_healed":0.0,"max_hp_gain":0.0,"max_hp_loss":0.0,"gold_gain":0.0,"event_name":"Addict","player_choice":"Obtained Relic","floor":19.0,"gold_loss":85.0,"damage_taken":0.0,"relics_obtained":["Art of War"]},{"damage_healed":0.0,"max_hp_gain":0.0,"max_hp_loss":0.0,"gold_gain":0.0,"event_name":"Colosseum","player_choice":"Fight","floor":28.0,"gold_loss":0.0,"damage_taken":0.0},{"damage_healed":0.0,"max_hp_gain":0.0,"max_hp_loss":0.0,"gold_gain":0.0,"event_name":"Colosseum","player_choice":"Fled From Nobs","floor":28.0,"gold_loss":0.0,"damage_taken":0.0},{"damage_healed":0.0,"max_hp_gain":0.0,"max_hp_loss":0.0,"gold_gain":0.0,"event_name":"SensoryStone","player_choice":"Memory 1","floor":37.0,"gold_loss":0.0,"damage_taken":0.0},{"damage_healed":0.0,"max_hp_gain":0.0,"max_hp_loss":0.0,"gold_gain":0.0,"event_name":"Mysterious Sphere","player_choice":"Ignored","floor":45.0,"gold_loss":0.0,"damage_taken":0.0}],"is_beta":false,"boss_relics":[{"not_picked":["Black Blood","Runic Dome"],"picked":"Fusion Hammer"},{"not_picked":["White Beast Statue","Snecko Eye"],"picked":"Empty Cage"}],"items_purged_floors":[25,39,47],"is_endless":false,"potions_floor_spawned":[5,10,14,16,18,20,22,27,36],"ascension_level":18}