{"gold_per_floor":[114,114,133,133,7,42,52,70,70,103,103,403,415,432,432,530,530,547,547,559,576,576,576,136,148,148,48,48,48,68,100,100,195,245,262,142,160,177,177,210,210,210,292,292,17,49,49,69,69,69],"floor_reached":51,"playtime":5121,"items_purged":["Regret","Strike_B","Defend_B","Defend_B"],"score":835,"play_id":"bd03bb4a-1273-4a43-9b02-639f4ceee3b0","local_time":"20190807215122","is_ascension_mode":false,"campfire_choices":[{"data":"Glacier","floor":11,"key":"SMITH"},{"data":"Reinforced Body","floor":15,"key":"SMITH"},{"data":"Capacitor","floor":23,"key":"SMITH"},{"data":"Rainbow","floor":28,"key":"SMITH"},{"floor":32,"key":"RECALL"},{"floor":41,"key":"REST"},{"floor":44,"key":"REST"},{"data":"Defragment","floor":47,"key":"SMITH"},{"data":"Capacitor","floor":49,"key":"SMITH"}],"neow_cost":"CURSE","seed_source_timestamp":503301743388611,"circlet_count":0,"master_deck":["Defend_B","Zap","Dualcast","Defragment+1","Gash","Gash","Glacier+1","Reinforced Body+1","Cold Snap","Hologram","Rainbow+1","Streamline+1","Compile Driver+1","Gash+1","Coolheaded","Iron Wave","Static Discharge","Tempest","Capacitor+1","Go for the Eyes","Flash of Steel","Gash+1","Gash","Fission+1","Gash","Gash+1","Consume+1","Defragment+1","Capacitor+1"],"relics":["Cracked Core","Gambling Chip","Cables","The Courier","Pear","Du-Vu Doll","Old Coin","Astrolabe","Thread and Needle","Ornamental Fan","Bottled Tornado","FossilizedHelix","Tiny House","Torii","Mercury Hourglass","Mummified Hand","Regal Pillow"],"potions_floor_usage":[10],"damage_taken":[{"damage":1,"enemies":"2 Louse","floor":1,"turns":2},{"damage":4,"enemies":"Small Slimes","floor":3,"turns":3},{"damage":21,"enemies":"Lagavulin","floor":6,"turns":4},{"damage":0,"enemies":"Cultist","floor":7,"turns":2},{"damage":7,"enemies":"Exordium Thugs","floor":8,"turns":5},{"damage":1,"enemies":"3 Sentries","floor":10,"turns":9},{"damage":3,"enemies":"3 Louse","floor":13,"turns":5},{"damage":8,"enemies":"Gremlin Gang","floor":14,"turns":4},{"damage":12,"enemies":"Slime Boss","floor":16,"turns":14},{"damage":4,"enemies":"Chosen","floor":18,"turns":5},{"damage":0,"enemies":"Spheric Guardian","floor":20,"turns":3},{"damage":0,"enemies":"Snecko","floor":21,"turns":5},{"damage":0,"enemies":"Cultist and Chosen","floor":25,"turns":5},{"damage":0,"enemies":"Centurion and Healer","floor":30,"turns":6},{"damage":2,"enemies":"Gremlin Leader","floor":31,"turns":7},{"damage":41,"enemies":"Automaton","floor":33,"turns":9},{"damage":16,"enemies":"3 Darklings","floor":35,"turns":7},{"damage":0,"enemies":"3 Shapes","floor":37,"turns":6},{"damage":0,"enemies":"Writhing Mass","floor":38,"turns":5},{"damage":59,"enemies":"Reptomancer","floor":40,"turns":5},{"damage":0,"enemies":"Giant Head","floor":46,"turns":6},{"damage":1,"enemies":"Spire Growth","floor":48,"turns":4},{"damage":0,"enemies":"Time Eater","floor":50,"turns":13}],"seed_played":"-2468209376618742715","potions_obtained":[{"floor":3,"key":"FearPotion"},{"floor":7,"key":"Weak Potion"},{"floor":8,"key":"GamblersBrew"},{"floor":16,"key":"Ancient Potion"},{"floor":21,"key":"Fire Potion"},{"floor":38,"key":"Energy Potion"}],"is_trial":false,"path_per_floor":["M","?","M","?","$","E","M","M","T","E","R","T","M","M","R","B",null,"M","?","M","M","?","R","$","M","T","$","R","T","M","E","R","B",null,"M","$","M","M","?","E","R","?","T","R","$","E","R","M","R","B",null],"character_chosen":"DEFECT","items_purchased":["Gash","Thread and Needle","Go for the Eyes","Flash of Steel","Defragment","Capacitor","Mummified Hand"],"campfire_rested":2,"item_purchase_floors":[5,24,24,24,45,45,45],"current_hp_per_floor":[74,62,58,58,58,37,37,30,40,39,39,39,36,28,28,23,85,85,85,85,85,85,85,85,85,85,85,85,85,85,85,85,44,90,81,81,88,90,90,31,58,58,58,85,85,85,85,84,84,84],"gold":69,"neow_bonus":"ONE_RARE_RELIC","is_prod":false,"is_daily":false,"chose_seed":false,"campfire_upgraded":6,"win_rate":0,"timestamp":1565207482,"path_taken":["M","?","M","?","$","E","?","M","T","E","R","?","M","M","R","BOSS","M","?","M","?","?","R","$","M","T","$","R","?","M","E","R","BOSS","M","$","M","M","?","E","R","?","T","R","$","E","R","M","R","BOSS"],"build_version":"2019-07-17","purchased_purges":4,"victory":true,"max_hp_per_floor":[75,75,75,75,75,75,75,75,85,85,85,85,85,85,85,85,85,85,85,85,85,85,85,85,85,85,85,85,85,85,85,85,85,90,90,90,90,90,90,90,90,90,90,90,90,90,90,90,90,90],"card_choices":[{"not_picked":["White Noise","Beam Cell"],"picked":"Defragment","floor":1},{"not_picked":["Melter","Sweeping Beam"],"picked":"Gash","floor":3},{"not_picked":["Storm","Redo"],"picked":"Glacier","floor":6},{"not_picked":["Steam","Double Energy","Rebound"],"picked":"SKIP","floor":7},{"not_picked":["Steam","Leap"],"picked":"Reinforced Body","floor":8},{"not_picked":["Blizzard","Rebound"],"picked":"Cold Snap","floor":10},{"not_picked":["Double Energy","Auto Shields"],"picked":"Hologram","floor":13},{"not_picked":["Fusion","Steam"],"picked":"Self Repair","floor":14},{"not_picked":["Multi-Cast","Core Surge"],"picked":"Rainbow","floor":16},{"not_picked":["Steam Power","Stack"],"picked":"Coolheaded","floor":18},{"not_picked":["Hologram","Turbo"],"picked":"Static Discharge","floor":20},{"not_picked":["Steam Power","Force Field+1"],"picked":"Tempest","floor":21},{"not_picked":["Sweeping Beam","Beam Cell"],"picked":"Gash","floor":25},{"not_picked":["Leap","Force Field+1","Redo"],"picked":"SKIP","floor":30},{"not_picked":["Leap","Steam"],"picked":"Gash","floor":31},{"not_picked":["Hyperbeam","Thunder Strike"],"picked":"Fission","floor":33},{"not_picked":["Steam","Undo"],"picked":"Gash","floor":34},{"not_picked":["Double Energy","Leap"],"picked":"Gash+1","floor":35},{"not_picked":["Doom and Gloom+1","Conserve Battery","Hologram+1"],"picked":"SKIP","floor":37},{"not_picked":["Streamline","Chaos","Barrage+1"],"picked":"SKIP","floor":38},{"not_picked":["Chill+1","White Noise+1"],"picked":"Consume+1","floor":40},{"not_picked":["Sunder","Hello World","Steam"],"picked":"SKIP","floor":46},{"not_picked":["Auto Shields+1","Cold Snap","Meteor Strike"],"picked":"SKIP","floor":48}],"player_experience":178865,"relics_obtained":[{"floor":6,"key":"The Courier"},{"floor":9,"key":"Pear"},{"floor":10,"key":"Du-Vu Doll"},{"floor":12,"key":"Old Coin"},{"floor":26,"key":"Ornamental Fan"},{"floor":29,"key":"Bottled Tornado"},{"floor":31,"key":"FossilizedHelix"},{"floor":40,"key":"Torii"},{"floor":43,"key":"Mercury Hourglass"},{"floor":46,"key":"Regal Pillow"}],"event_choices":[{"damage_healed":0,"gold_gain":0,"player_choice":"Success","damage_taken":12,"relics_obtained":["Cables"],"max_hp_gain":0,"max_hp_loss":0,"event_name":"Scrap Ooze","floor":2,"gold_loss":0},{"damage_healed":0,"gold_gain":0,"player_choice":"Upgraded","damage_taken":0,"max_hp_gain":0,"max_hp_loss":0,"event_name":"Upgrade Shrine","floor":4,"gold_loss":0,"cards_upgraded":["Defragment"]},{"cards_removed":["Defend_B"],"damage_healed":0,"gold_gain":0,"player_choice":"Took Card","damage_taken":0,"max_hp_gain":0,"max_hp_loss":0,"event_name":"NoteForYourself","floor":19,"gold_loss":0,"cards_obtained":["Iron Wave"]},{"damage_healed":0,"gold_gain":0,"player_choice":"Read","damage_taken":0,"max_hp_gain":0,"max_hp_loss":0,"event_name":"The Library","floor":22,"gold_loss":0,"cards_obtained":["Capacitor"]},{"cards_removed":["Self Repair"],"damage_healed":0,"gold_gain":0,"player_choice":"Removed Power","damage_taken":0,"max_hp_gain":0,"max_hp_loss":0,"event_name":"Falling","floor":39,"gold_loss":0},{"damage_healed":0,"gold_gain":0,"player_choice":"Upgraded","damage_taken":0,"max_hp_gain":0,"max_hp_loss":0,"event_name":"Upgrade Shrine","floor":42,"gold_loss":0,"cards_upgraded":["Fission"]}],"is_beta":false,"boss_relics":[{"not_picked":["Runic Pyramid","Snecko Eye"],"picked":"Astrolabe"},{"not_picked":["Black Star","Philosopher\u0027s Stone"],"picked":"Tiny House"}],"items_purged_floors":[5,24,27,36],"is_endless":false,"potions_floor_spawned":[3,7,8,16,21,25,33,37,38,48],"ascension_level":0}