{"gold_per_floor":[117,42,42,42,54,54,85,10,10,25,25,38,48,66,66,139,139,151,151,171,71,71,71],"floor_reached":23,"playtime":866,"items_purged":["Defend_G","Strike_G"],"score":421,"play_id":"4d45c3db-1cbb-4924-b5bf-caf99f05ff9b","local_time":"20190726230304","is_ascension_mode":true,"campfire_choices":[{"data":"Strike_G","floor":6.0,"key":"PURGE"},{"data":"A Thousand Cuts","floor":15.0,"key":"SMITH"}],"neow_cost":"NONE","seed_source_timestamp":1069151110376,"circlet_count":0,"master_deck":["AscendersBane","Strike_G","Strike_G","Strike_G+1","Defend_G","Defend_G","Defend_G","Survivor","Neutralize+1","Backflip","A Thousand Cuts+1","Infinite Blades","Infinite Blades","Storm of Steel","Phantasmal Killer","Noxious Fumes","Heel Hook+1"],"special_seed":0,"relics":["Ring of the Snake","NeowsBlessing","Peace Pipe","Whetstone","Mummified Hand","Strawberry","Philosopher\u0027s Stone","Frozen Egg 2"],"potions_floor_usage":[20,20],"damage_taken":[{"damage":0.0,"enemies":"Cultist","floor":1.0,"turns":1.0},{"damage":0.0,"enemies":"2 Louse","floor":5.0,"turns":1.0},{"damage":0.0,"enemies":"Lagavulin","floor":7.0,"turns":1.0},{"damage":5.0,"enemies":"Small Slimes","floor":10.0,"turns":4.0},{"damage":2.0,"enemies":"Gremlin Gang","floor":12.0,"turns":5.0},{"damage":0.0,"enemies":"Red Slaver","floor":13.0,"turns":4.0},{"damage":5.0,"enemies":"Exordium Thugs","floor":14.0,"turns":3.0},{"damage":19.0,"enemies":"Slime Boss","floor":16.0,"turns":7.0},{"damage":20,"enemies":"Shell Parasite","floor":18,"turns":5},{"damage":14,"enemies":"3 Byrds","floor":20,"turns":4},{"damage":37,"enemies":"Gremlin Leader","floor":23,"turns":2}],"seed_played":"6475230460191822713","potions_obtained":[{"floor":1.0,"key":"Fruit Juice"},{"floor":10.0,"key":"FearPotion"},{"floor":13.0,"key":"Block Potion"},{"floor":16.0,"key":"EssenceOfSteel"},{"floor":19,"key":"Swift Potion"},{"floor":19,"key":"Block Potion"}],"is_trial":false,"path_per_floor":["M","?","?","?","M","R","E","$","T","M","?","M","M","M","R","B",null,"M","?","M","$","T","E"],"character_chosen":"THE_SILENT","items_purchased":[],"campfire_rested":0,"item_purchase_floors":[],"current_hp_per_floor":[59,59,59,59,59,59,64,64,64,59,66,64,64,59,59,40,69,49,49,35,35,35,0],"gold":71,"neow_bonus":"THREE_ENEMY_KILL","is_prod":false,"is_daily":false,"chose_seed":false,"campfire_upgraded":1,"win_rate":0,"timestamp":1564207384,"path_taken":["M","?","?","?","?","R","E","$","T","M","?","M","?","?","R","BOSS","M","?","M","?","?","E"],"build_version":"2019-07-17","purchased_purges":2,"victory":false,"max_hp_per_floor":[66,66,66,66,66,66,71,71,71,71,78,78,78,78,78,78,78,78,78,78,78,78,78],"card_choices":[{"not_picked":["Catalyst","Acrobatics"],"picked":"Backflip","floor":1.0},{"not_picked":["Dodge and Roll","Sucker Punch","Bane"],"picked":"SKIP","floor":5.0},{"not_picked":["Reflex","Dodge and Roll"],"picked":"A Thousand Cuts","floor":7.0},{"not_picked":["Backflip","Dagger Throw"],"picked":"Infinite Blades","floor":10.0},{"not_picked":["Dash","Prepared"],"picked":"Infinite Blades","floor":12.0},{"not_picked":["Poisoned Stab","Prepared","Outmaneuver"],"picked":"SKIP","floor":13.0},{"not_picked":["Cloak And Dagger","Deadly Poison"],"picked":"Storm of Steel","floor":14.0},{"not_picked":["Venomology","Night Terror"],"picked":"Phantasmal Killer","floor":16.0},{"not_picked":["Dagger Throw","Deadly Poison"],"picked":"Noxious Fumes","floor":18},{"not_picked":["Deadly Poison","Blade Dance"],"picked":"Heel Hook+1","floor":20}],"player_experience":679220,"relics_obtained":[{"floor":7.0,"key":"Whetstone"},{"floor":9.0,"key":"Mummified Hand"},{"floor":11.0,"key":"Strawberry"},{"floor":22,"key":"Frozen Egg 2"}],"event_choices":[{"cards_removed":["Defend_G"],"damage_healed":0.0,"max_hp_gain":0.0,"max_hp_loss":0.0,"gold_gain":0.0,"event_name":"The Cleric","player_choice":"Card Removal","floor":2.0,"gold_loss":75.0,"damage_taken":0.0},{"damage_healed":0.0,"max_hp_gain":0.0,"max_hp_loss":0.0,"gold_gain":0.0,"event_name":"Big Fish","player_choice":"Box","floor":3.0,"gold_loss":0.0,"damage_taken":0.0,"relics_obtained":["Peace Pipe"],"cards_obtained":["Regret"]},{"cards_removed":["Regret"],"damage_healed":0.0,"max_hp_gain":0.0,"max_hp_loss":0.0,"gold_gain":0.0,"event_name":"Purifier","player_choice":"Purged","floor":4.0,"gold_loss":0.0,"damage_taken":0.0},{"damage_healed":0.0,"max_hp_gain":0.0,"max_hp_loss":0.0,"gold_gain":0.0,"event_name":"Wheel of Change","player_choice":"Relic","floor":11.0,"gold_loss":0.0,"damage_taken":0.0},{"damage_healed":0,"gold_gain":0,"player_choice":"Got Potions","damage_taken":0,"max_hp_gain":0,"max_hp_loss":0,"event_name":"Lab","floor":19,"gold_loss":0}],"is_beta":false,"boss_relics":[{"not_picked":["Sozu","Astrolabe"],"picked":"Philosopher\u0027s Stone"}],"items_purged_floors":[8,21],"is_endless":false,"potions_floor_spawned":[1,10,13,14,16],"killed_by":"Gremlin Leader","ascension_level":19}