{"gold_per_floor":[116,129,129,129,144,180,180,219,244,244,2,2,16,41,41,164,164,184,202,226,69,88,88,88],"floor_reached":24,"playtime":1108,"items_purged":[],"score":322,"play_id":"153077e7-63e6-42f1-9a2c-b36e1d631a24","local_time":"20190527143410","is_ascension_mode":true,"campfire_choices":[{"floor":7,"key":"REST"},{"data":"True Grit","floor":12,"key":"SMITH"},{"data":"Juggernaut","floor":15,"key":"SMITH"},{"data":"Armaments","floor":23,"key":"SMITH"}],"neow_cost":"NONE","seed_source_timestamp":18475382862059,"circlet_count":0,"master_deck":["AscendersBane","Strike_R","Strike_R","Strike_R","Strike_R","Strike_R+1","Defend_R","Defend_R","Defend_R","Defend_R","Bash","Immolate+1","True Grit+1","Uppercut","Juggernaut+1","Headbutt","Heavy Blade","Barricade","Warcry","Ghostly Armor","Shrug It Off","Good Instincts","Iron Wave","Armaments+1","Ghostly Armor"],"relics":["Burning Blood","Golden Idol","Whetstone","Vajra","Regal Pillow","Mummified Hand","Philosopher\u0027s Stone"],"potions_floor_usage":[5,6,18,24,24],"damage_taken":[{"damage":7,"enemies":"Small Slimes","floor":1,"turns":2},{"damage":0,"enemies":"Cultist","floor":2,"turns":2},{"damage":11,"enemies":"Jaw Worm","floor":5,"turns":4},{"damage":33,"enemies":"Lagavulin","floor":6,"turns":5},{"damage":32,"enemies":"Gremlin Nob","floor":8,"turns":4},{"damage":4,"enemies":"Large Slime","floor":13,"turns":4},{"damage":2,"enemies":"Looter","floor":14,"turns":2},{"damage":38,"enemies":"Slime Boss","floor":16,"turns":9},{"damage":22,"enemies":"2 Thieves","floor":18,"turns":4},{"damage":12,"enemies":"Chosen","floor":19,"turns":5},{"damage":44,"enemies":"Snake Plant","floor":20,"turns":5},{"damage":0,"enemies":"Snecko","floor":22,"turns":4},{"damage":37,"enemies":"Slavers","floor":24,"turns":1}],"seed_played":"-565611548415147047","potions_obtained":[{"floor":2,"key":"EntropicBrew"},{"floor":8,"key":"Block Potion"},{"floor":13,"key":"PowerPotion"},{"floor":18,"key":"AttackPotion"}],"is_trial":false,"path_per_floor":["M","M","?","?","M","E","R","E","T","?","$","R","M","M","R","B",null,"M","M","M","$","M","R","E"],"character_chosen":"IRONCLAD","items_purchased":["Mummified Hand","Good Instincts","Iron Wave","Armaments"],"campfire_rested":1,"item_purchase_floors":[11,21,21,21],"current_hp_per_floor":[71,77,82,61,56,29,54,28,28,85,85,85,85,85,85,53,77,61,55,17,17,23,23,0],"gold":88,"neow_bonus":"ONE_RANDOM_RARE_CARD","is_prod":false,"is_daily":false,"chose_seed":false,"campfire_upgraded":3,"win_rate":0,"timestamp":1558960450,"path_taken":["M","M","?","?","M","E","R","E","T","?","$","R","M","M","R","BOSS","M","M","?","$","M","R","E"],"build_version":"2019-01-23","purchased_purges":0,"victory":false,"max_hp_per_floor":[80,80,85,85,85,85,85,85,85,85,85,85,85,85,85,85,85,85,85,85,85,85,85,85],"card_choices":[{"not_picked":["Armaments","Clothesline"],"picked":"True Grit","floor":1},{"not_picked":["Cleave","Body Slam"],"picked":"Entrench","floor":2},{"not_picked":["Perfected Strike","Thunderclap"],"picked":"Uppercut","floor":5},{"not_picked":["Blood for Blood","Rampage"],"picked":"Juggernaut","floor":6},{"not_picked":["Thunderclap","Uppercut","Wild Strike"],"picked":"SKIP","floor":8},{"not_picked":["Sword Boomerang","Warcry"],"picked":"Headbutt","floor":13},{"not_picked":["Twin Strike","Havoc"],"picked":"Heavy Blade","floor":14},{"not_picked":["Fiend Fire","Bludgeon"],"picked":"Barricade","floor":16},{"not_picked":["Blood for Blood","Rampage+1"],"picked":"Warcry","floor":18},{"not_picked":["Anger","Burning Pact"],"picked":"Ghostly Armor","floor":19},{"not_picked":["Rampage","Cleave"],"picked":"Shrug It Off","floor":20},{"not_picked":["Rupture","Flex"],"picked":"Ghostly Armor","floor":22}],"player_experience":348393,"relics_obtained":[{"floor":6,"key":"Whetstone"},{"floor":8,"key":"Vajra"},{"floor":9,"key":"Regal Pillow"}],"event_choices":[{"damage_healed":0,"gold_gain":0,"player_choice":"Donut","damage_taken":0,"max_hp_gain":5,"max_hp_loss":0,"event_name":"Big Fish","floor":3,"gold_loss":0},{"damage_healed":0,"gold_gain":0,"player_choice":"Take Damage","damage_taken":21,"relics_obtained":["Golden Idol"],"max_hp_gain":0,"max_hp_loss":0,"event_name":"Golden Idol","floor":4,"gold_loss":0},{"cards_removed":["Entrench"],"damage_healed":57,"gold_gain":0,"player_choice":"Offered Uncommon","damage_taken":0,"max_hp_gain":0,"max_hp_loss":0,"event_name":"Bonfire Elementals","floor":10,"gold_loss":0}],"is_beta":false,"boss_relics":[{"not_picked":["Empty Cage","Ectoplasm"],"picked":"Philosopher\u0027s Stone"}],"items_purged_floors":[],"is_endless":false,"potions_floor_spawned":[2,8,13,18,22],"killed_by":"Slavers","ascension_level":11}