{"gold_per_floor":[116,191,191,205,220,553,553,8,57,74,74,74,74,1,1,1],"floor_reached":16,"playtime":495,"items_purged":["Regret"],"score":98,"play_id":"c42229e9-d9c6-48ab-b276-9889eb5497c5","local_time":"20181016213334","is_ascension_mode":false,"campfire_choices":[{"data":"Bash","floor":7,"key":"SMITH"},{"data":"Exhume","floor":12,"key":"SMITH"},{"data":"Corruption","floor":15,"key":"SMITH"}],"neow_cost":"","seed_source_timestamp":146792353671028,"circlet_count":0,"master_deck":["Strike_R","Strike_R","Strike_R","Strike_R","Defend_R","Defend_R","Defend_R","Bash+1","Exhume+1","Headbutt","Corruption+1"],"relics":["Burning Blood","PreservedInsect","Old Coin","Incense Burner","Art of War"],"potions_floor_usage":[16,16],"damage_taken":[{"damage":7,"enemies":"Small Slimes","floor":1,"turns":4},{"damage":8,"enemies":"Cultist","floor":4,"turns":3},{"damage":10,"enemies":"2 Louse","floor":5,"turns":3},{"damage":31,"enemies":"Lagavulin","floor":6,"turns":6},{"damage":12,"enemies":"Exordium Wildlife","floor":10,"turns":3},{"damage":28,"enemies":"Slime Boss","floor":16,"turns":6}],"seed_played":"3746332652019039543","potions_obtained":[{"floor":4,"key":"Swift Potion"},{"floor":10,"key":"Poison Potion"}],"is_trial":false,"path_per_floor":["M","?","?","M","M","E","R","$","T","M","?","R","?","$","R"],"character_chosen":"IRONCLAD","items_purchased":["Incense Burner","Exhume","Corruption"],"campfire_rested":0,"item_purchase_floors":[8,8,14],"current_hp_per_floor":[79,68,68,66,62,37,37,37,37,31,24,24,24,24,24,0],"gold":1,"neow_bonus":"","is_prod":false,"is_daily":false,"chose_seed":false,"campfire_upgraded":3,"win_rate":0,"timestamp":1539750814,"path_taken":["M","?","?","M","M","E","R","?","T","M","?","R","?","$","R","BOSS"],"build_version":"2018-10-11","purchased_purges":1,"victory":false,"max_hp_per_floor":[80,80,80,80,80,80,80,80,80,80,80,80,80,80,80,80],"card_choices":[{"not_picked":["Flex","Rampage","Wild Strike"],"picked":"SKIP","floor":1},{"not_picked":["Flex","Rampage","Wild Strike"],"picked":"SKIP","floor":1},{"not_picked":["Heavy Blade","Clash","Havoc"],"picked":"SKIP","floor":4},{"not_picked":["Headbutt","Rampage","Shockwave"],"picked":"SKIP","floor":5},{"not_picked":["True Grit","Searing Blow","Clash"],"picked":"SKIP","floor":6},{"not_picked":["Flame Barrier","Clash","Perfected Strike"],"picked":"SKIP","floor":10}],"player_experience":386887,"relics_obtained":[{"floor":6,"key":"Old Coin"},{"floor":9,"key":"Art of War"}],"event_choices":[{"event_name":"World of Goop","player_choice":"Gather Gold","floor":2,"damage_taken":0},{"event_name":"Big Fish","player_choice":"Box","floor":3,"damage_taken":0},{"event_name":"Golden Wing","player_choice":"Card Removal","floor":11,"damage_taken":0},{"event_name":"Transmorgrifier","player_choice":"Transform","floor":13,"damage_taken":0}],"is_beta":false,"boss_relics":[],"items_purged_floors":[8],"is_endless":false,"potions_floor_spawned":[4,10],"killed_by":"Slime Boss","ascension_level":0}