{"gold_per_floor":[116,134,146,146,163,189,189,201,201,201,219,319,319,339,339,435,435,445,458,76,86,97,97,126,126,126,126,144,163,163,183,183,282,282,296,97,107,107,7,7,23,23,23,35,60,72,84,113,125,137],"floor_reached":51,"playtime":5631,"items_purged":["Strike_R","Strike_R","Strike_R"],"score":623,"play_id":"84bdab65-21c3-4b3e-9c1f-3cea67ef53cf","local_time":"20190610225611","is_ascension_mode":false,"campfire_choices":[{"data":"Bash","floor":7,"key":"SMITH"},{"data":"True Grit","floor":13,"key":"SMITH"},{"floor":15,"key":"REST"},{"floor":23,"key":"REST"},{"data":"Pommel Strike","floor":27,"key":"SMITH"},{"data":"Warcry","floor":30,"key":"SMITH"},{"data":"Spot Weakness","floor":32,"key":"SMITH"},{"data":"Double Tap","floor":40,"key":"SMITH"},{"data":"Rampage","floor":42,"key":"SMITH"},{"data":"Defend_R","floor":49,"key":"SMITH"}],"neow_cost":"NONE","seed_source_timestamp":17538144153791,"circlet_count":0,"master_deck":["Strike_R","Defend_R+1","Defend_R","Defend_R","Defend_R+1","Bash+1","Pommel Strike+1","Infernal Blade+1","Inflame+1","True Grit+1","Ghostly Armor+1","Spot Weakness+1","Reaper","Rampage+1","Twin Strike+1","Chrysalis","Pummel+1","Iron Wave+1","Intimidate+1","True Grit+1","Warcry+1","Headbutt+1","Double Tap+1","Shrug It Off+1","Metallicize+1","Metallicize+1","Swift Strike+1","Metallicize+1","Warcry+1"],"relics":["Black Blood","Vajra","Frozen Egg 2","The Courier","Sozu","Molten Egg 2","Bottled Flame","Pen Nib","War Paint","MawBank"],"potions_floor_usage":[6,21],"damage_taken":[{"damage":5,"enemies":"Cultist","floor":1,"turns":4},{"damage":1,"enemies":"Jaw Worm","floor":2,"turns":5},{"damage":2,"enemies":"Small Slimes","floor":3,"turns":4},{"damage":16,"enemies":"Exordium Thugs","floor":5,"turns":6},{"damage":26,"enemies":"Lagavulin","floor":6,"turns":6},{"damage":9,"enemies":"Exordium Wildlife","floor":8,"turns":5},{"damage":5,"enemies":"2 Fungi Beasts","floor":11,"turns":4},{"damage":10,"enemies":"Lots of Slimes","floor":14,"turns":6},{"damage":38,"enemies":"Slime Boss","floor":16,"turns":10},{"damage":14,"enemies":"Spheric Guardian","floor":18,"turns":5},{"damage":5,"enemies":"Chosen","floor":19,"turns":4},{"damage":40,"enemies":"Snecko","floor":21,"turns":5},{"damage":51,"enemies":"Chosen and Byrds","floor":22,"turns":7},{"damage":29,"enemies":"Gremlin Leader","floor":24,"turns":4},{"damage":10,"enemies":"Cultist and Chosen","floor":28,"turns":6},{"damage":0,"enemies":"Snecko","floor":29,"turns":4},{"damage":10,"enemies":"Shelled Parasite and Fungi","floor":31,"turns":4},{"damage":16,"enemies":"Champ","floor":33,"turns":8},{"damage":20,"enemies":"3 Darklings","floor":35,"turns":5},{"damage":19,"enemies":"3 Shapes","floor":37,"turns":4},{"damage":6,"enemies":"Spire Growth","floor":41,"turns":5},{"damage":25,"enemies":"Transient","floor":45,"turns":5},{"damage":12,"enemies":"3 Darklings","floor":48,"turns":7},{"damage":100,"enemies":"Awakened One","floor":50,"turns":11}],"seed_played":"2613987844607545275","potions_obtained":[{"floor":2,"key":"SteroidPotion"},{"floor":5,"key":"Weak Potion"},{"floor":16,"key":"AttackPotion"}],"is_trial":false,"path_per_floor":["M","M","M","?","M","E","R","M","T","?","M","?","R","M","R","B",null,"M","M","$","M","M","R","E","?","T","R","M","M","R","M","R","B",null,"M","$","M","?","$","R","M","R","T","?","M","?","?","M","R","B",null],"character_chosen":"IRONCLAD","items_purchased":["Molten Egg 2","Chrysalis","War Paint"],"campfire_rested":2,"item_purchase_floors":[20,20,36],"current_hp_per_floor":[88,88,88,63,53,33,33,30,30,30,31,31,31,27,53,21,88,80,81,81,47,18,44,48,48,48,48,52,69,69,81,81,71,88,78,78,78,78,78,78,82,82,82,82,73,73,73,86,86,18],"gold":149,"neow_bonus":"TEN_PERCENT_HP_BONUS","is_prod":false,"is_daily":false,"chose_seed":false,"campfire_upgraded":8,"win_rate":0,"timestamp":1560200171,"path_taken":["M","M","M","?","M","E","R","M","T","?","M","?","R","M","R","BOSS","M","M","$","M","M","R","E","?","T","R","M","M","R","M","R","BOSS","M","$","M","?","$","R","M","R","T","?","?","?","?","M","R","BOSS"],"build_version":"2019-01-23","purchased_purges":3,"victory":true,"max_hp_per_floor":[88,88,88,88,88,88,88,88,88,88,88,88,88,88,88,88,88,88,88,88,88,88,88,88,88,88,88,88,88,88,88,88,88,88,88,88,88,88,88,88,88,88,88,88,88,88,88,88,88,88],"card_choices":[{"not_picked":["Warcry","Power Through","Thunderclap"],"picked":"SKIP","floor":1},{"not_picked":["Flex","Iron Wave"],"picked":"Pommel Strike","floor":2},{"not_picked":["Thunderclap","Intimidate"],"picked":"Infernal Blade","floor":3},{"not_picked":["Limit Break","Searing Blow","Clash"],"picked":"SKIP","floor":5},{"not_picked":["Cleave","Clash"],"picked":"Inflame","floor":6},{"not_picked":["Heavy Blade","Cleave"],"picked":"True Grit","floor":8},{"not_picked":["Fire Breathing+1","Iron Wave"],"picked":"Ghostly Armor","floor":11},{"not_picked":["Sword Boomerang","Dark Embrace+1"],"picked":"Spot Weakness","floor":14},{"not_picked":["Exhume","Feed"],"picked":"Reaper","floor":16},{"not_picked":["Havoc+1","Power Through"],"picked":"Rampage","floor":18},{"not_picked":["Thunderclap+1","Cleave"],"picked":"Twin Strike+1","floor":19},{"not_picked":["Sword Boomerang+1","Wild Strike+1"],"picked":"Pummel+1","floor":21},{"not_picked":["Heavy Blade+1","Anger+1"],"picked":"Iron Wave+1","floor":22},{"not_picked":["Wild Strike+1","Impervious"],"picked":"Intimidate+1","floor":24},{"not_picked":["Dropkick+1","Thunderclap+1"],"picked":"True Grit+1","floor":28},{"not_picked":["Rampage+1","Inflame+1"],"picked":"Warcry","floor":29},{"not_picked":["Rage","Clash+1"],"picked":"Headbutt+1","floor":31},{"not_picked":["Exhume","Fiend Fire+1"],"picked":"Double Tap","floor":33},{"not_picked":["Inflame+1","Intimidate+1","True Grit"],"picked":"SKIP","floor":35},{"not_picked":["Inflame+1","Intimidate+1","True Grit"],"picked":"SKIP","floor":35},{"not_picked":["Twin Strike+1","Fiend Fire+1"],"picked":"Shrug It Off+1","floor":37},{"not_picked":["Anger+1","Havoc"],"picked":"Metallicize+1","floor":41},{"not_picked":["Dropkick+1","Twin Strike+1"],"picked":"Metallicize+1","floor":45},{"not_picked":["Discovery","Madness"],"picked":"Swift Strike+1","floor":46},{"not_picked":["Twin Strike+1","Heavy Blade+1"],"picked":"Warcry+1","floor":48}],"player_experience":391168,"relics_obtained":[{"floor":6,"key":"Frozen Egg 2"},{"floor":9,"key":"The Courier"},{"floor":24,"key":"Bottled Flame"},{"floor":26,"key":"Pen Nib"},{"floor":43,"key":"MawBank"}],"event_choices":[{"damage_healed":0,"gold_gain":0,"player_choice":"Success","damage_taken":25,"relics_obtained":["Vajra"],"max_hp_gain":0,"max_hp_loss":0,"event_name":"Scrap Ooze","floor":4,"gold_loss":0},{"damage_healed":0,"gold_gain":0,"player_choice":"Ignored","damage_taken":0,"max_hp_gain":0,"max_hp_loss":0,"event_name":"Liars Game","floor":10,"gold_loss":0},{"damage_healed":0,"gold_gain":100,"player_choice":"Gold","damage_taken":0,"max_hp_gain":0,"max_hp_loss":0,"event_name":"Wheel of Change","floor":12,"gold_loss":0},{"damage_healed":0,"gold_gain":0,"player_choice":"Ignored","damage_taken":0,"max_hp_gain":0,"max_hp_loss":0,"event_name":"The Mausoleum","floor":25,"gold_loss":0},{"cards_removed":["Strike_R"],"damage_healed":0,"gold_gain":0,"player_choice":"Removed Attack","damage_taken":0,"max_hp_gain":0,"max_hp_loss":0,"event_name":"Falling","floor":38,"gold_loss":0},{"damage_healed":0,"gold_gain":0,"player_choice":"Upgraded","damage_taken":0,"max_hp_gain":0,"max_hp_loss":0,"event_name":"Upgrade Shrine","floor":44,"gold_loss":0,"cards_upgraded":["Infernal Blade"]},{"damage_healed":0,"gold_gain":0,"player_choice":"Memory 1","damage_taken":0,"max_hp_gain":0,"max_hp_loss":0,"event_name":"SensoryStone","floor":46,"gold_loss":0},{"damage_healed":0,"gold_gain":0,"player_choice":"Copied","damage_taken":0,"max_hp_gain":0,"max_hp_loss":0,"event_name":"Duplicator","floor":47,"gold_loss":0,"cards_obtained":["Metallicize"]}],"is_beta":false,"boss_relics":[{"not_picked":["Ectoplasm","Snecko Eye"],"picked":"Sozu"},{"not_picked":["Lizard Tail","Tiny House"],"picked":"Black Blood"}],"items_purged_floors":[20,36,39],"is_endless":false,"potions_floor_spawned":[2,5,16,22,24,29,45,48],"ascension_level":0}