{"gold_per_floor":[115,133,133,149,0,0,0,15,95,95,95,95,111,139,139,216,216,231,231,248,248,97,97,107,107,107,107,40,51,51,66,66,66],"floor_reached":33,"playtime":988,"items_purged":[],"score":404,"play_id":"53008824-84ac-497e-8d58-52e0a97ef32a","local_time":"20181115172444","is_ascension_mode":true,"campfire_choices":[{"data":"Dagger Spray","floor":6.0,"key":"SMITH"},{"data":"Footwork","floor":10.0,"key":"SMITH"},{"floor":12.0,"key":"REST"},{"data":"Corpse Explosion","floor":15.0,"key":"SMITH"},{"floor":23,"key":"REST"},{"data":"Noxious Fumes","floor":25,"key":"SMITH"},{"data":"Terror","floor":27,"key":"SMITH"},{"data":"Catalyst","floor":30,"key":"SMITH"},{"floor":32,"key":"REST"}],"neow_cost":"NONE","seed_source_timestamp":8279000252778,"circlet_count":0,"master_deck":["AscendersBane","Survivor","Neutralize","Footwork+1","Terror+1","Outmaneuver","Quick Slash","PiercingWail","Dagger Throw","Dagger Spray+1","Acrobatics","Blur","Endless Agony","Blur","Corpse Explosion+1","Leg Sweep","After Image","Noxious Fumes+1","Catalyst+1","Caltrops"],"special_seed":0,"relics":["Pandora\u0027s Box","Bronze Scales","Letter Opener","Bag of Preparation","Dodecahedron","Lantern","Shuriken"],"potions_floor_usage":[33,33],"damage_taken":[{"damage":8.0,"enemies":"2 Louse","floor":1.0,"turns":3.0},{"damage":0.0,"enemies":"Cultist","floor":2.0,"turns":3.0},{"damage":4.0,"enemies":"Jaw Worm","floor":4.0,"turns":3.0},{"damage":15.0,"enemies":"Exordium Thugs","floor":8.0,"turns":2.0},{"damage":0.0,"enemies":"3 Louse","floor":13.0,"turns":4.0},{"damage":10.0,"enemies":"Lagavulin","floor":14.0,"turns":5.0},{"damage":9.0,"enemies":"Slime Boss","floor":16.0,"turns":8.0},{"damage":8.0,"enemies":"Spheric Guardian","floor":18.0,"turns":6.0},{"damage":7,"enemies":"Shell Parasite","floor":20,"turns":5},{"damage":1,"enemies":"Centurion and Healer","floor":24,"turns":5},{"damage":13,"enemies":"Shelled Parasite and Fungi","floor":29,"turns":4},{"damage":26,"enemies":"Sentry and Sphere","floor":31,"turns":4},{"damage":36,"enemies":"Collector","floor":33,"turns":5}],"seed_played":"6334452527351861990","potions_obtained":[{"floor":13.0,"key":"Ancient Potion"},{"floor":14.0,"key":"LiquidBronze"},{"floor":16.0,"key":"LiquidBronze"}],"is_trial":false,"path_per_floor":["M","M","?","M","$","R","$","M","T","R","?","R","M","E","R","B",null,"M","?","M","T","$","R","M","R","T","R","$","M","R","M","R","B"],"character_chosen":"THE_SILENT","items_purchased":["Bronze Scales","Lantern","Catalyst"],"campfire_rested":3,"item_purchase_floors":[5,22,28],"current_hp_per_floor":[55,55,55,51,51,51,51,36,36,36,29,50,50,40,40,31,60,52,39,32,32,32,54,53,53,53,53,53,40,40,14,36,0],"gold":66,"neow_bonus":"BOSS_RELIC","is_prod":false,"is_daily":false,"chose_seed":false,"campfire_upgraded":6,"win_rate":0,"timestamp":1542291884,"path_taken":["M","M","?","?","?","R","$","M","T","R","?","R","M","E","R","BOSS","M","?","M","?","$","R","M","R","T","R","$","M","R","M","R","BOSS"],"build_version":"2018-11-08","purchased_purges":0,"victory":false,"max_hp_per_floor":[70,70,70,70,70,70,70,70,70,70,70,70,70,70,70,70,70,70,75,75,75,75,75,75,75,75,75,75,75,75,75,75,75],"card_choices":[{"not_picked":["Dodge and Roll","Dagger Spray"],"picked":"Blur","floor":1.0},{"not_picked":["Dodge and Roll","Backflip"],"picked":"Endless Agony","floor":2.0},{"not_picked":["Deadly Poison","Flying Knee","Outmaneuver"],"picked":"SKIP","floor":4.0},{"not_picked":["Dagger Throw","Dagger Spray"],"picked":"Blur","floor":8.0},{"not_picked":["Underhanded Strike","Bane"],"picked":"Corpse Explosion","floor":13.0},{"not_picked":["Blade Dance","Outmaneuver"],"picked":"Leg Sweep","floor":14.0},{"not_picked":["Night Terror","Malaise"],"picked":"After Image","floor":16.0},{"not_picked":["Concentrate","Masterful Stab"],"picked":"Noxious Fumes","floor":18.0},{"not_picked":["Slice","PiercingWail","Poisoned Stab"],"picked":"SKIP","floor":20},{"not_picked":["Blade Dance","Blur","Slice"],"picked":"SKIP","floor":24},{"not_picked":["Endless Agony","Dodge and Roll"],"picked":"Caltrops","floor":29},{"not_picked":["Distraction","PiercingWail","Bane"],"picked":"SKIP","floor":31}],"player_experience":513635,"relics_obtained":[{"floor":9.0,"key":"Letter Opener"},{"floor":14.0,"key":"Bag of Preparation"},{"floor":21,"key":"Dodecahedron"},{"floor":26,"key":"Shuriken"}],"event_choices":[{"cards_removed":["Outmaneuver"],"damage_healed":0.0,"max_hp_gain":0.0,"max_hp_loss":0.0,"gold_gain":0.0,"event_name":"Purifier","player_choice":"Purged","floor":3.0,"gold_loss":0.0,"damage_taken":0.0},{"cards_removed":["Bane"],"damage_healed":0.0,"max_hp_gain":0.0,"max_hp_loss":0.0,"gold_gain":0.0,"event_name":"Golden Wing","player_choice":"Card Removal","floor":11.0,"gold_loss":0.0,"damage_taken":7.0},{"damage_healed":0.0,"max_hp_gain":5.0,"max_hp_loss":0.0,"gold_gain":0.0,"event_name":"Forgotten Altar","player_choice":"Shed Blood","floor":19.0,"gold_loss":0.0,"damage_taken":18.0}],"is_beta":false,"boss_relics":[{"not_picked":["WristBlade","Snecko Eye","Busted Crown"]}],"items_purged_floors":[],"is_endless":false,"potions_floor_spawned":[13,14,16,18],"killed_by":"Collector","ascension_level":13}