{"gold_per_floor":[118,193,206,131,149,149,149,168,246,289,289,313],"floor_reached":12,"playtime":549,"items_purged":["Strike_R"],"score":80,"play_id":"1eec1109-9c4b-4ea7-bff2-c0ded634d227","local_time":"20190805222514","is_ascension_mode":false,"campfire_choices":[{"data":"Body Slam","floor":6,"key":"SMITH"},{"data":"Iron Wave","floor":11,"key":"SMITH"}],"neow_cost":"NONE","seed_source_timestamp":15188618808283,"circlet_count":0,"master_deck":["Strike_R","Strike_R","Strike_R","Strike_R","Defend_R","Defend_R","Defend_R","Defend_R","Bash","Body Slam+1","Iron Wave+1","Ghostly Armor"],"relics":["Burning Blood","Golden Idol","Frozen Egg 2","Ancient Tea Set"],"potions_floor_usage":[10],"damage_taken":[{"damage":5,"enemies":"Small Slimes","floor":1,"turns":3},{"damage":2,"enemies":"2 Louse","floor":3,"turns":4},{"damage":5,"enemies":"Cultist","floor":5,"turns":4},{"damage":19,"enemies":"Exordium Thugs","floor":8,"turns":7},{"damage":26,"enemies":"3 Sentries","floor":10,"turns":9},{"damage":3,"enemies":"Large Slime","floor":12,"turns":8}],"seed_played":"-8512977309034889939","potions_obtained":[{"floor":1,"key":"Poison Potion"},{"floor":3,"key":"EntropicBrew"},{"floor":12,"key":"Ancient Potion"}],"is_trial":false,"path_per_floor":["M","?","M","$","M","R","?","M","T","E","R","M"],"character_chosen":"IRONCLAD","items_purchased":[],"campfire_rested":0,"item_purchase_floors":[],"current_hp_per_floor":[88,77,81,81,82,82,60,47,47,27,27,30],"gold":313,"neow_bonus":"TEN_PERCENT_HP_BONUS","is_prod":false,"is_daily":false,"chose_seed":false,"campfire_upgraded":2,"win_rate":0,"timestamp":1565061914,"path_taken":["M","?","M","$","M","R","?","M","T","E","R","M"],"build_version":"2019-07-17","purchased_purges":1,"victory":false,"max_hp_per_floor":[88,88,88,88,88,88,88,88,88,88,88,88],"card_choices":[{"not_picked":["Pummel","Corruption","Headbutt"],"picked":"SKIP","floor":1},{"not_picked":["Pommel Strike","Pummel"],"picked":"Body Slam","floor":3},{"not_picked":["Metallicize","Headbutt"],"picked":"Iron Wave","floor":5},{"not_picked":["Cleave","Inflame","Battle Trance"],"picked":"SKIP","floor":8},{"not_picked":["Inflame+1","Combust+1","Double Tap"],"picked":"SKIP","floor":10},{"not_picked":["Pummel","Sword Boomerang"],"picked":"Ghostly Armor","floor":12}],"player_experience":633377,"relics_obtained":[{"floor":9,"key":"Frozen Egg 2"},{"floor":10,"key":"Ancient Tea Set"}],"event_choices":[{"damage_healed":0,"gold_gain":75,"player_choice":"Gather Gold","damage_taken":11,"max_hp_gain":0,"max_hp_loss":0,"event_name":"World of Goop","floor":2,"gold_loss":0},{"damage_healed":0,"gold_gain":0,"player_choice":"Take Damage","damage_taken":22,"relics_obtained":["Golden Idol"],"max_hp_gain":0,"max_hp_loss":0,"event_name":"Golden Idol","floor":7,"gold_loss":0}],"is_beta":false,"boss_relics":[],"items_purged_floors":[4],"is_endless":false,"potions_floor_spawned":[1,3,12],"killed_by":"Large Slime","ascension_level":0}