{"gold_per_floor":[115,115,115,33,53,82,92,92,92,108,127,127,158,174,174,276,276,295,308,308,583,595,595,622,51,51,13,32,32,42,75,75,75],"floor_reached":33,"playtime":1456,"items_purged":[],"score":312,"play_id":"976e9806-21ec-4b8d-b080-1b9529a04d29","local_time":"20190629214755","is_ascension_mode":true,"campfire_choices":[{"data":"Crippling Poison","floor":8.0,"key":"SMITH"},{"data":"Dash","floor":15.0,"key":"SMITH"},{"data":"Neutralize","floor":23,"key":"SMITH"},{"data":"Terror","floor":29,"key":"SMITH"},{"floor":32,"key":"REST"}],"neow_cost":"NONE","seed_source_timestamp":14769753109478,"circlet_count":0,"master_deck":["Defend_G","Defend_G","Defend_G","Defend_G","Defend_G","Strike_G","Strike_G","Strike_G","Strike_G","Survivor","Neutralize+1","Poisoned Stab","Skewer+1","Caltrops","Crippling Poison+1","Dash+1","Terror+1","PiercingWail","Tools of the Trade","Leg Sweep","Cloak And Dagger","PiercingWail+1","Regret","Backstab","Noxious Fumes","Caltrops+1","Dodge and Roll+1"],"special_seed":0,"relics":["Ring of the Snake","Gremlin Horn","Bottled Lightning","Calipers","Nunchaku","Orrery","Meat on the Bone","Mummified Hand","Bottled Tornado","Frozen Egg 2","Question Card"],"potions_floor_usage":[24],"damage_taken":[{"damage":0.0,"enemies":"2 Louse","floor":1.0,"turns":3.0},{"damage":0.0,"enemies":"Jaw Worm","floor":5.0,"turns":3.0},{"damage":18.0,"enemies":"3 Sentries","floor":6.0,"turns":7.0},{"damage":0.0,"enemies":"Cultist","floor":7.0,"turns":3.0},{"damage":4.0,"enemies":"2 Fungi Beasts","floor":10.0,"turns":2.0},{"damage":0.0,"enemies":"Red Slaver","floor":11.0,"turns":3.0},{"damage":16.0,"enemies":"Lagavulin","floor":13.0,"turns":6.0},{"damage":7.0,"enemies":"3 Louse","floor":14.0,"turns":2.0},{"damage":16.0,"enemies":"Slime Boss","floor":16.0,"turns":9.0},{"damage":0,"enemies":"3 Byrds","floor":18,"turns":4},{"damage":8,"enemies":"Chosen","floor":19,"turns":4},{"damage":22,"enemies":"Centurion and Healer","floor":22,"turns":9},{"damage":18,"enemies":"Book of Stabbing","floor":24,"turns":8},{"damage":6,"enemies":"Shelled Parasite and Fungi","floor":28,"turns":4},{"damage":4,"enemies":"Snake Plant","floor":30,"turns":3},{"damage":35,"enemies":"Gremlin Leader","floor":31,"turns":7},{"damage":43,"enemies":"Automaton","floor":33,"turns":6}],"seed_played":"1680542745026548308","potions_obtained":[{"floor":10.0,"key":"Regen Potion"},{"floor":11.0,"key":"Regen Potion"},{"floor":13.0,"key":"PowerPotion"},{"floor":16.0,"key":"GamblersBrew"},{"floor":19,"key":"Swift Potion"}],"is_trial":false,"path_per_floor":["M","?","?","$","M","E","M","R","T","M","M","?","E","M","R","B",null,"M","M","?","?","M","R","E","$","T","$","M","R","M","E","R","B"],"character_chosen":"THE_SILENT","items_purchased":["Caltrops","Mummified Hand","Bottled Tornado","Noxious Fumes","Caltrops+1"],"campfire_rested":1,"item_purchase_floors":[4,25,25,25,27],"current_hp_per_floor":[70,70,58,58,58,40,40,40,40,36,36,36,20,13,13,11,70,70,62,62,62,40,40,34,34,34,34,40,40,36,13,34,0],"gold":75,"neow_bonus":"TRANSFORM_CARD","is_prod":false,"is_daily":false,"chose_seed":false,"campfire_upgraded":4,"win_rate":0,"timestamp":1561834075,"path_taken":["M","?","?","?","?","E","M","R","T","M","M","?","E","M","R","BOSS","M","M","?","?","?","R","E","$","T","$","M","R","M","E","R","BOSS"],"build_version":"2019-01-23","purchased_purges":0,"victory":false,"max_hp_per_floor":[70,70,70,70,70,70,70,70,70,70,70,70,70,70,70,70,70,70,70,70,70,70,70,70,70,70,70,70,70,70,70,70,70],"card_choices":[{"not_picked":["Poisoned Stab","PiercingWail"],"picked":"Skewer","floor":1.0},{"not_picked":["Blur","Escape Plan"],"picked":"Crippling Poison","floor":5.0},{"not_picked":["Slice","Caltrops"],"picked":"Dash","floor":6.0},{"not_picked":["Prepared","Dash","Riddle With Holes"],"picked":"SKIP","floor":7.0},{"not_picked":["Finisher","Quick Slash","Backflip"],"picked":"SKIP","floor":10.0},{"not_picked":["Prepared","Acrobatics"],"picked":"Terror","floor":11.0},{"not_picked":["Underhanded Strike","Flying Knee"],"picked":"PiercingWail","floor":13.0},{"not_picked":["Eviscerate","Setup","Blade Dance"],"picked":"SKIP","floor":14.0},{"not_picked":["Storm of Steel","Wraith Form v2"],"picked":"Tools of the Trade","floor":16.0},{"not_picked":["Acrobatics","Reflex"],"picked":"Leg Sweep","floor":17},{"not_picked":["Prepared","Predator+1"],"picked":"Cloak And Dagger","floor":18},{"not_picked":["Slice+1","Masterful Stab"],"picked":"PiercingWail+1","floor":19},{"not_picked":["Dash","Glass Knife","Bane"],"picked":"SKIP","floor":22},{"not_picked":["Tactician+1","Deflect"],"picked":"Backstab","floor":24},{"not_picked":["Predator","Finisher+1"],"picked":"Dodge and Roll+1","floor":28},{"not_picked":["Dagger Throw+1","Blade Dance+1","Bouncing Flask"],"picked":"SKIP","floor":30},{"not_picked":["Accuracy+1","Cloak And Dagger","Prepared"],"picked":"SKIP","floor":31}],"player_experience":1023035,"relics_obtained":[{"floor":6.0,"key":"Bottled Lightning"},{"floor":12.0,"key":"Calipers"},{"floor":13.0,"key":"Nunchaku"},{"floor":24,"key":"Meat on the Bone"},{"floor":26,"key":"Frozen Egg 2"},{"floor":31,"key":"Question Card"}],"event_choices":[{"damage_healed":0.0,"max_hp_gain":0.0,"max_hp_loss":0.0,"gold_gain":0.0,"event_name":"Living Wall","player_choice":"Grow","floor":2.0,"gold_loss":0.0,"damage_taken":0.0,"cards_upgraded":["Skewer"]},{"damage_healed":0.0,"max_hp_gain":0.0,"max_hp_loss":0.0,"gold_gain":0.0,"event_name":"Scrap Ooze","player_choice":"Success","floor":3.0,"gold_loss":0.0,"damage_taken":12.0,"relics_obtained":["Gremlin Horn"]},{"damage_healed":0.0,"max_hp_gain":0.0,"max_hp_loss":0.0,"gold_gain":0.0,"event_name":"Wheel of Change","player_choice":"Relic","floor":12.0,"gold_loss":0.0,"damage_taken":0.0},{"damage_healed":0,"gold_gain":0,"player_choice":"Ignored","damage_taken":0,"max_hp_gain":0,"max_hp_loss":0,"event_name":"Ghosts","floor":20,"gold_loss":0},{"damage_healed":0,"gold_gain":275,"player_choice":"Desecrate","damage_taken":0,"max_hp_gain":0,"max_hp_loss":0,"event_name":"Golden Shrine","floor":21,"gold_loss":0,"cards_obtained":["Regret"]}],"is_beta":false,"boss_relics":[{"not_picked":["Coffee Dripper","Calling Bell"],"picked":"Orrery"}],"items_purged_floors":[],"is_endless":false,"potions_floor_spawned":[10,11,13,14,16,19,22],"killed_by":"Automaton","ascension_level":1}