{"gold_per_floor":[113,113,113,11,11,11,37,37,37,65,83,83,112,39,39,141,141,160,160,146,146,146,146,163,163,241,276,287,322,349,46,46,146,146,166,166,176,188,188,188,188,214,214,214,230,263,274,306,306,306,306,306,8,33,33],"floor_reached":55,"playtime":1634,"items_purged":["Regret","Strike_R"],"score":1293,"play_id":"f90982e0-17d1-40d4-9c1f-e426c01a9902","local_time":"20190621122234","is_ascension_mode":true,"campfire_choices":[{"data":"Demon Form","floor":6.0,"key":"SMITH"},{"data":"Bash","floor":8.0,"key":"SMITH"},{"data":"Metallicize","floor":15.0,"key":"SMITH"},{"data":"Limit Break","floor":23.0,"key":"SMITH"},{"floor":25.0,"key":"REST"},{"floor":32,"key":"REST"},{"data":"Metallicize","floor":41,"key":"SMITH"},{"data":"Shrug It Off","floor":44,"key":"SMITH"},{"floor":49,"key":"RECALL"},{"data":"Fiend Fire","floor":52,"key":"SMITH"}],"neow_cost":"NONE","seed_source_timestamp":8007314020714,"circlet_count":0,"master_deck":["AscendersBane","Strike_R","Strike_R","Strike_R","Defend_R+1","Defend_R","Defend_R","Defend_R","Bash+1","Demon Form+1","Thunderclap","Pommel Strike","Disarm+1","Clothesline","Metallicize+1","Metallicize+1","Corruption+1","Limit Break+1","Metallicize+1","Shrug It Off+1","Fiend Fire+1","Shockwave+1","Heavy Blade+1","Inflame+1","Mayhem+1","Evolve+1"],"special_seed":0,"relics":["Black Blood","Orichalcum","Art of War","War Paint","Sundial","Bronze Scales","Frozen Egg 2","Busted Crown","Potion Belt","Lantern","Turnip","Red Skull","PreservedInsect","Du-Vu Doll","Bag of Marbles","Kunai","Blue Candle","Anchor","Shuriken"],"potions_floor_usage":[29,29,40,46,46,50,55,55,55,55],"damage_taken":[{"damage":1.0,"enemies":"Cultist","floor":1.0,"turns":3.0},{"damage":22.0,"enemies":"3 Sentries","floor":7.0,"turns":5.0},{"damage":10.0,"enemies":"Gremlin Nob","floor":10.0,"turns":3.0},{"damage":0.0,"enemies":"Small Slimes","floor":11.0,"turns":3.0},{"damage":15.0,"enemies":"3 Sentries","floor":13.0,"turns":8.0},{"damage":16.0,"enemies":"Slime Boss","floor":16.0,"turns":6.0},{"damage":7.0,"enemies":"Spheric Guardian","floor":18.0,"turns":5.0},{"damage":22.0,"enemies":"2 Thieves","floor":20.0,"turns":4.0},{"damage":5.0,"enemies":"Snecko","floor":24.0,"turns":5.0},{"damage":30.0,"enemies":"Book of Stabbing","floor":27.0,"turns":6.0},{"damage":6.0,"enemies":"Snake Plant","floor":28.0,"turns":4.0},{"damage":33,"enemies":"Gremlin Leader","floor":29,"turns":9},{"damage":5,"enemies":"Champ","floor":33,"turns":7},{"damage":14,"enemies":"3 Shapes","floor":35,"turns":4},{"damage":4,"enemies":"Orb Walker","floor":37,"turns":5},{"damage":39,"enemies":"4 Shapes","floor":38,"turns":7},{"damage":0,"enemies":"Reptomancer","floor":40,"turns":3},{"damage":0,"enemies":"Giant Head","floor":42,"turns":5},{"damage":12,"enemies":"Sphere and 2 Shapes","floor":45,"turns":7},{"damage":54,"enemies":"Reptomancer","floor":46,"turns":7},{"damage":0,"enemies":"Maw","floor":47,"turns":6},{"damage":0,"enemies":"Giant Head","floor":48,"turns":6},{"damage":39,"enemies":"Donu and Deca","floor":50,"turns":7},{"damage":44,"enemies":"Shield and Spear","floor":54,"turns":4},{"damage":57,"enemies":"The Heart","floor":55,"turns":2}],"seed_played":"-1698699711942600484","potions_obtained":[{"floor":11.0,"key":"Weak Potion"},{"floor":13.0,"key":"Block Potion"},{"floor":16.0,"key":"SmokeBomb"},{"floor":20.0,"key":"SteroidPotion"},{"floor":27.0,"key":"Regen Potion"},{"floor":33,"key":"Swift Potion"},{"floor":37,"key":"LiquidBronze"},{"floor":45,"key":"Ancient Potion"},{"floor":46,"key":"Swift Potion"},{"floor":48,"key":"SpeedPotion"}],"is_trial":false,"path_per_floor":["M","$","?","$","?","R","E","R","T","E","M","?","E","$","R","B",null,"M","T","M","?","?","R","M","R","T","E","M","E","T","$","R","B",null,"M","?","M","M","?","E","R","E","T","R","M","E","M","E","R","B",null,"R","$","E","B"],"character_chosen":"IRONCLAD","items_purchased":["Pommel Strike","Corruption+1","Shrug It Off","PreservedInsect","Mayhem+1","PowerPotion","Evolve+1"],"campfire_rested":2,"item_purchase_floors":[4,14,31,31,53,53,53],"current_hp_per_floor":[77,77,77,77,74,74,58,58,58,54,60,60,51,51,51,41,70,69,69,53,38,38,38,39,64,64,40,40,22,22,22,47,48,76,72,72,78,49,49,59,59,69,69,69,67,23,33,43,43,14,64,64,64,30,0],"gold":33,"neow_bonus":"ONE_RANDOM_RARE_CARD","is_prod":false,"is_daily":false,"chose_seed":false,"campfire_upgraded":7,"win_rate":0,"timestamp":1561108954,"path_taken":["M","?","?","$","?","R","E","R","T","E","M","?","E","$","R","BOSS","M","?","M","?","?","R","?","R","T","E","M","E","?","$","R","BOSS","M","?","M","M","?","E","R","E","T","R","M","E","M","E","R","BOSS","R","$","E","BOSS"],"build_version":"2019-01-23","purchased_purges":2,"victory":false,"max_hp_per_floor":[80,80,80,80,80,80,80,80,80,80,80,80,80,80,80,80,80,80,80,80,85,85,85,85,85,85,85,85,85,85,85,85,85,85,85,81,81,81,81,81,81,81,81,81,81,81,81,81,81,81,81,81,81,81,81],"card_choices":[{"not_picked":["Havoc","Warcry"],"picked":"Thunderclap","floor":1.0},{"not_picked":["Armaments","Wild Strike"],"picked":"Disarm","floor":7.0},{"not_picked":["Pummel","Ghostly Armor"],"picked":"Clothesline","floor":10.0},{"not_picked":["Cleave","Rampage"],"picked":"Metallicize","floor":11.0},{"not_picked":["Fire Breathing","Body Slam","Bloodletting"],"picked":"SKIP","floor":13.0},{"not_picked":["Feed","Fiend Fire"],"picked":"Limit Break","floor":16.0},{"not_picked":["Flex"],"picked":"SKIP","floor":18.0},{"not_picked":["Evolve+1"],"picked":"SKIP","floor":20.0},{"not_picked":["Perfected Strike"],"picked":"SKIP","floor":24.0},{"not_picked":["Perfected Strike"],"picked":"SKIP","floor":27.0},{"not_picked":["Clothesline+1"],"picked":"SKIP","floor":28.0},{"not_picked":["Havoc+1"],"picked":"SKIP","floor":29},{"not_picked":[],"picked":"Fiend Fire","floor":33},{"not_picked":["Bloodletting+1"],"picked":"SKIP","floor":35},{"not_picked":[],"picked":"Shockwave+1","floor":37},{"not_picked":["Heavy Blade+1"],"picked":"SKIP","floor":38},{"not_picked":[],"picked":"Heavy Blade+1","floor":38},{"not_picked":["Headbutt+1"],"picked":"SKIP","floor":42},{"not_picked":["Searing Blow+1"],"picked":"SKIP","floor":45},{"not_picked":["Wild Strike+1"],"picked":"SKIP","floor":46},{"not_picked":["Spot Weakness"],"picked":"SKIP","floor":47},{"not_picked":["Inflame+1"],"picked":"SKIP","floor":48},{"not_picked":[],"picked":"Inflame+1","floor":48},{"not_picked":["Infernal Blade+1"],"picked":"SKIP","floor":54}],"player_experience":991173,"relics_obtained":[{"floor":7.0,"key":"War Paint"},{"floor":9.0,"key":"Sundial"},{"floor":10.0,"key":"Bronze Scales"},{"floor":13.0,"key":"Frozen Egg 2"},{"floor":19.0,"key":"Potion Belt"},{"floor":27.0,"key":"Lantern"},{"floor":29,"key":"Turnip"},{"floor":30,"key":"Red Skull"},{"floor":42,"key":"Bag of Marbles"},{"floor":43,"key":"Kunai"},{"floor":46,"key":"Blue Candle"},{"floor":48,"key":"Anchor"},{"floor":54,"key":"Shuriken"}],"event_choices":[{"damage_healed":0.0,"max_hp_gain":0.0,"max_hp_loss":0.0,"gold_gain":0.0,"event_name":"Big Fish","player_choice":"Box","floor":3.0,"gold_loss":0.0,"damage_taken":0.0,"relics_obtained":["Orichalcum"],"cards_obtained":["Regret"]},{"damage_healed":0.0,"max_hp_gain":0.0,"max_hp_loss":0.0,"gold_gain":0.0,"event_name":"Scrap Ooze","player_choice":"Success","floor":5.0,"gold_loss":0.0,"damage_taken":3.0,"relics_obtained":["Art of War"]},{"damage_healed":0.0,"max_hp_gain":0.0,"max_hp_loss":0.0,"gold_gain":0.0,"cards_transformed":["Strike_R"],"event_name":"Transmorgrifier","player_choice":"Transformed","floor":12.0,"gold_loss":0.0,"damage_taken":0.0,"cards_obtained":["Metallicize"]},{"damage_healed":0.0,"max_hp_gain":5.0,"max_hp_loss":0.0,"gold_gain":0.0,"event_name":"Forgotten Altar","player_choice":"Shed Blood","floor":21.0,"gold_loss":0.0,"damage_taken":20.0},{"damage_healed":0.0,"max_hp_gain":0.0,"max_hp_loss":0.0,"gold_gain":0.0,"event_name":"Duplicator","player_choice":"Copied","floor":22.0,"gold_loss":0.0,"damage_taken":0.0,"cards_obtained":["Metallicize"]},{"damage_healed":0,"gold_gain":0,"player_choice":"Max HP","damage_taken":0,"max_hp_gain":0,"max_hp_loss":4,"event_name":"Winding Halls","floor":36,"gold_loss":0},{"damage_healed":0,"gold_gain":0,"player_choice":"Gave Potion","damage_taken":0,"relics_obtained":["Du-Vu Doll"],"max_hp_gain":0,"max_hp_loss":0,"event_name":"WeMeetAgain","floor":39,"gold_loss":0}],"is_beta":false,"boss_relics":[{"not_picked":["Snecko Eye","Eternal Feather"],"picked":"Busted Crown"},{"not_picked":["Lizard Tail","White Beast Statue"],"picked":"Black Blood"}],"items_purged_floors":[4,31],"is_endless":false,"potions_floor_spawned":[11,13,16,20,27,28,33,37,38,45,46,48],"killed_by":"The Heart","ascension_level":10}