{"gold_per_floor":[112,112,126,141,153,153,153,153,153,153,153,171,194,230,230,323,323,347,262,74,63,63],"floor_reached":22,"playtime":671,"items_purged":["Strike_R"],"score":353,"play_id":"100392a3-7aa1-4140-adaa-e7b6322ba7c0","local_time":"20180916132846","is_ascension_mode":true,"campfire_choices":[{"data":"Flame Barrier","floor":6,"key":"SMITH"},{"data":"Flex","floor":8,"key":"SMITH"},{"data":"Shrug It Off","floor":10,"key":"SMITH"},{"data":"Uppercut","floor":15,"key":"SMITH"}],"neow_cost":"NONE","seed_source_timestamp":3106116301400,"circlet_count":0,"master_deck":["Strike_R","Strike_R","Strike_R","Defend_R","Defend_R","Defend_R","Defend_R","Bash+1","AscendersBane","Shrug It Off+1","Flex+1","Flame Barrier+1","Uppercut+1","Spot Weakness","Offering","Flex","Body Slam","Body Slam","Impervious"],"special_seed":0,"relics":["Burning Blood","The Courier","Golden Idol","Ancient Tea Set","Orrery","PreservedInsect"],"potions_floor_usage":[14,14,22],"damage_taken":[{"damage":14.0,"enemies":"Jaw Worm","floor":1.0,"turns":3.0},{"damage":1.0,"enemies":"Cultist","floor":3.0,"turns":3.0},{"damage":0,"enemies":"2 Louse","floor":4,"turns":3},{"damage":4,"enemies":"Large Slime","floor":5,"turns":6},{"damage":0,"enemies":"2 Fungi Beasts","floor":12,"turns":4},{"damage":6,"enemies":"3 Louse","floor":13,"turns":3},{"damage":10,"enemies":"Lagavulin","floor":14,"turns":6},{"damage":45,"enemies":"The Guardian","floor":16,"turns":10},{"damage":17,"enemies":"Chosen","floor":18,"turns":5},{"damage":28,"enemies":"2 Thieves","floor":21,"turns":4},{"damage":34,"enemies":"3 Cultists","floor":22,"turns":4}],"seed_played":"8712289406317678053","potions_obtained":[{"floor":1.0,"key":"Explosive Potion"},{"floor":12,"key":"Poison Potion"},{"floor":21,"key":"EssenceOfSteel"}],"is_trial":false,"path_per_floor":["M","?","M","M","M","R","?","R","T","R","?","M","M","E","R","B",null,"M","?","$","M"],"character_chosen":"IRONCLAD","items_purchased":["Impervious"],"campfire_rested":0,"item_purchase_floors":[20],"current_hp_per_floor":[67,67,72,78,80,80,73,73,73,73,73,74,74,70,70,31,63,52,52,52,30,0],"gold":63,"neow_bonus":"TEN_PERCENT_HP_BONUS","is_prod":false,"is_daily":false,"chose_seed":false,"campfire_upgraded":4,"win_rate":0,"timestamp":1537093726,"path_taken":["M","?","M","?","M","R","?","R","T","R","?","M","M","E","R","BOSS","M","?","$","M","M"],"build_version":"2018-09-06","purchased_purges":1,"victory":false,"max_hp_per_floor":[82,82,82,82,82,82,82,82,82,82,74,74,74,74,74,74,74,74,74,74,74,74],"card_choices":[{"not_picked":["Second Wind","Havoc"],"picked":"Shrug It Off","floor":1.0},{"not_picked":["Armaments","Clash","Dual Wield"],"picked":"SKIP","floor":3},{"not_picked":["Havoc","Burning Pact"],"picked":"Flex","floor":4},{"not_picked":["Havoc","Clothesline"],"picked":"Flame Barrier","floor":5},{"not_picked":["Wild Strike","Sword Boomerang"],"picked":"Uppercut","floor":12},{"not_picked":["Heavy Blade","Anger"],"picked":"Spot Weakness","floor":13},{"not_picked":["True Grit","Havoc","Anger"],"picked":"SKIP","floor":14},{"not_picked":["Berserk","Reaper"],"picked":"Offering","floor":16},{"not_picked":["Havoc","Dropkick"],"picked":"Flex","floor":17},{"not_picked":["Dropkick","Iron Wave"],"picked":"Body Slam","floor":17},{"not_picked":["Cleave","Thunderclap"],"picked":"Body Slam","floor":17},{"not_picked":["Cleave","Warcry","Iron Wave"],"picked":"SKIP","floor":18},{"not_picked":["Entrench","Ghostly Armor","Body Slam"],"picked":"SKIP","floor":21}],"player_experience":470644,"relics_obtained":[{"floor":9,"key":"The Courier"},{"floor":14,"key":"Ancient Tea Set"}],"event_choices":[{"event_name":"Upgrade Shrine","player_choice":"Upgraded","floor":2.0,"damage_taken":0.0},{"event_name":"Golden Wing","player_choice":"Card Removal","floor":7,"damage_taken":0},{"event_name":"Golden Idol","player_choice":"Lose Max HP","floor":11,"damage_taken":0},{"event_name":"Addict","player_choice":"Obtained Relic","floor":19,"damage_taken":0}],"is_beta":false,"boss_relics":[{"not_picked":["Runic Dome","Coffee Dripper"],"picked":"Orrery"}],"items_purged_floors":[20],"is_endless":false,"potions_floor_spawned":[1,12,21],"killed_by":"3 Cultists","ascension_level":18}