{"gold_per_floor":[109,121,29,48,48,77,77,95,122,122,180,32,44,71,71,174,174,192,192,88,100,111,111,143,68,95,95,109,122,132,148,148,148],"floor_reached":33,"playtime":2807,"items_purged":["Strike_G"],"score":408,"play_id":"4804e97b-8455-40f5-b261-cb533e479e4d","local_time":"20190729020948","is_ascension_mode":true,"campfire_choices":[{"data":"Backstab","floor":7,"key":"SMITH"},{"floor":10,"key":"REST"},{"data":"Slice","floor":15,"key":"SMITH"},{"data":"Noxious Fumes","floor":23,"key":"SMITH"},{"floor":27,"key":"REST"},{"floor":32,"key":"REST"}],"neow_cost":"NONE","seed_source_timestamp":15536661840446,"circlet_count":0,"master_deck":["Strike_G","Strike_G","Strike_G","Defend_G+1","Defend_G","Defend_G","Defend_G","Defend_G","Survivor","Neutralize+1","Cloak And Dagger+1","Dagger Throw","Dramatic Entrance","Backstab+1","Dodge and Roll+1","Slice+1","PiercingWail","A Thousand Cuts","Acrobatics+1","Noxious Fumes+1","Leg Sweep","Well Laid Plans","Caltrops","A Thousand Cuts","Backflip","Footwork"],"relics":["Ring of the Serpent","Bag of Preparation","Oddly Smooth Stone","Tiny Chest","Mango","Girya","War Paint"],"potions_floor_usage":[6,14,16,16,16,16,18,24,29,33],"damage_taken":[{"damage":0,"enemies":"Cultist","floor":1,"turns":4},{"damage":0,"enemies":"Jaw Worm","floor":2,"turns":5},{"damage":0,"enemies":"2 Louse","floor":4,"turns":2},{"damage":20,"enemies":"Lagavulin","floor":6,"turns":8},{"damage":0,"enemies":"Exordium Thugs","floor":8,"turns":3},{"damage":5,"enemies":"3 Sentries","floor":11,"turns":7},{"damage":0,"enemies":"Looter","floor":13,"turns":1},{"damage":0,"enemies":"Gremlin Nob","floor":14,"turns":2},{"damage":25,"enemies":"Hexaghost","floor":16,"turns":18},{"damage":0,"enemies":"Spheric Guardian","floor":18,"turns":4},{"damage":0,"enemies":"Shell Parasite","floor":21,"turns":8},{"damage":20,"enemies":"Sentry and Sphere","floor":22,"turns":8},{"damage":30,"enemies":"Slavers","floor":24,"turns":5},{"damage":12,"enemies":"Centurion and Healer","floor":28,"turns":8},{"damage":0,"enemies":"3 Cultists","floor":29,"turns":5},{"damage":2,"enemies":"Shelled Parasite and Fungi","floor":30,"turns":8},{"damage":13,"enemies":"Snecko","floor":31,"turns":8},{"damage":48,"enemies":"Champ","floor":33,"turns":13}],"seed_played":"469080608335468779","potions_obtained":[{"floor":4,"key":"SkillPotion"},{"floor":6,"key":"EntropicBrew"},{"floor":8,"key":"SteroidPotion"},{"floor":16,"key":"Block Potion"},{"floor":22,"key":"Explosive Potion"},{"floor":29,"key":"Strength Potion"}],"is_trial":false,"path_per_floor":["M","M","$","M","?","E","R","M","T","R","E","$","M","E","R","B",null,"M","?","$","M","M","R","E","?","T","R","M","M","M","M","R","B"],"character_chosen":"THE_SILENT","items_purchased":["Dramatic Entrance","GhostInAJar","Noxious Fumes","Leg Sweep"],"campfire_rested":3,"item_purchase_floors":[3,12,20,20],"current_hp_per_floor":[63,63,63,63,63,43,43,43,43,64,59,59,59,73,73,48,75,75,75,75,75,55,55,25,25,25,50,38,38,36,23,48,0],"gold":148,"neow_bonus":"UPGRADE_CARD","is_prod":false,"is_daily":false,"chose_seed":false,"campfire_upgraded":3,"win_rate":0,"timestamp":1564358988,"path_taken":["M","M","$","?","?","E","R","M","T","R","E","$","?","E","R","BOSS","M","?","?","M","M","R","E","?","T","R","M","M","?","M","R","BOSS"],"build_version":"2019-07-17","purchased_purges":1,"victory":false,"max_hp_per_floor":[70,70,70,70,70,70,70,70,70,70,70,70,70,84,84,84,84,84,84,84,84,84,84,84,84,84,84,84,84,84,84,84,84],"card_choices":[{"not_picked":["Poisoned Stab","Escape Plan"],"picked":"Cloak And Dagger","floor":1},{"not_picked":["PiercingWail","Blade Dance"],"picked":"Dagger Throw","floor":2},{"not_picked":["Dodge and Roll","Poisoned Stab"],"picked":"Backstab","floor":4},{"not_picked":["Dagger Throw","Eviscerate"],"picked":"Dodge and Roll","floor":6},{"not_picked":["Choke","Blade Dance"],"picked":"Slice","floor":8},{"not_picked":["Dodge and Roll","Grand Finale"],"picked":"PiercingWail","floor":11},{"not_picked":["Flechettes","Concentrate","Flying Knee"],"picked":"SKIP","floor":13},{"not_picked":["Bane","Prepared","Setup"],"picked":"SKIP","floor":14},{"not_picked":["Grand Finale","Corpse Explosion"],"picked":"A Thousand Cuts","floor":16},{"not_picked":["Bane+1","Prepared+1"],"picked":"Acrobatics+1","floor":18},{"not_picked":["Poisoned Stab","Tactician","Flechettes+1"],"picked":"SKIP","floor":21},{"not_picked":["Underhanded Strike","Bane"],"picked":"Well Laid Plans","floor":22},{"not_picked":["Acrobatics","Accuracy"],"picked":"Caltrops","floor":24},{"not_picked":["Poisoned Stab","Bouncing Flask+1","Leg Sweep"],"picked":"SKIP","floor":28},{"not_picked":["Outmaneuver","Infinite Blades"],"picked":"A Thousand Cuts","floor":29},{"not_picked":["Dodge and Roll","PiercingWail"],"picked":"Backflip","floor":30},{"not_picked":["Outmaneuver","Escape Plan"],"picked":"Footwork","floor":31}],"player_experience":639410,"relics_obtained":[{"floor":6,"key":"Bag of Preparation"},{"floor":9,"key":"Oddly Smooth Stone"},{"floor":11,"key":"Tiny Chest"},{"floor":14,"key":"Mango"},{"floor":24,"key":"Girya"},{"floor":26,"key":"War Paint"}],"event_choices":[{"damage_healed":0,"gold_gain":0,"player_choice":"Upgraded","damage_taken":0,"max_hp_gain":0,"max_hp_loss":0,"event_name":"Upgrade Shrine","floor":5,"gold_loss":0,"cards_upgraded":["Cloak And Dagger"]},{"damage_healed":0,"gold_gain":0,"player_choice":"Leave","damage_taken":0,"max_hp_gain":0,"max_hp_loss":0,"event_name":"FaceTrader","floor":19,"gold_loss":0},{"cards_removed":["Strike_G"],"damage_healed":0,"gold_gain":0,"player_choice":"Gave Gold","damage_taken":0,"max_hp_gain":0,"max_hp_loss":0,"event_name":"Beggar","floor":25,"gold_loss":75}],"is_beta":false,"boss_relics":[{"not_picked":["Runic Pyramid","Black Star"],"picked":"Ring of the Serpent"}],"items_purged_floors":[12],"is_endless":false,"potions_floor_spawned":[4,6,8,13,16,22,29],"killed_by":"Champ","ascension_level":6}