{"gold_per_floor":[214,214,43,54,1,1,28,47,121,147,147,166,183,208,208,279,279,296,296,307,100,100,125,125,150,150,168,83,114,131,156,156,228,228,246,246,297,238,238,238,272,221,274,274,302,322,322,354,354,354,354,354,354,40,75,75],"floor_reached":57,"playtime":4245,"items_purged":["Strike_G","Poisoned Stab"],"score":2889,"play_id":"739d5a42-28fa-4591-baac-48278e0e7db2","local_time":"20190805210407","is_ascension_mode":true,"campfire_choices":[{"data":"Deadly Poison","floor":6.0,"key":"SMITH"},{"data":"Well Laid Plans","floor":15.0,"key":"SMITH"},{"data":"Wraith Form v2","floor":24.0,"key":"SMITH"},{"data":"After Image","floor":32.0,"key":"SMITH"},{"floor":40.0,"key":"RECALL"},{"floor":44.0,"key":"REST"},{"data":"Cloak And Dagger","floor":49.0,"key":"SMITH"},{"data":"Neutralize","floor":53.0,"key":"SMITH"}],"neow_cost":"NONE","seed_source_timestamp":0,"circlet_count":0,"master_deck":["AscendersBane","Defend_G+1","Defend_G+1","Defend_G+1","Defend_G+1","Defend_G+1","Survivor","Neutralize+1","Crippling Poison","Well Laid Plans+1","PiercingWail","Poisoned Stab","Deadly Poison+1","Deadly Poison","Backstab+1","Cloak And Dagger+1","Malaise","Underhanded Strike+1","Noxious Fumes+1","Dodge and Roll+1","Backstab+1","Wraith Form v2+1","Backflip","Calculated Gamble","Cloak And Dagger+1","After Image+1","Corpse Explosion","Backflip","Backflip","Dodge and Roll","Adrenaline","PiercingWail","Noxious Fumes","Crippling Poison","Burst"],"special_seed":0,"relics":["Ring of the Snake","Oddly Smooth Stone","Molten Egg 2","Lantern","Blood Vial","Happy Flower","Nloth\u0027s Gift","Juzu Bracelet","Bottled Flame","Kunai","Regal Pillow","Bag of Marbles","Ninja Scroll","Black Star","Ice Cream","Bottled Lightning","Art of War","Shuriken","Pantograph","Paper Crane","Pen Nib","PreservedInsect","Boot","Snake Skull"],"potions_floor_usage":[56],"damage_taken":[{"damage":1.0,"enemies":"2 Louse","floor":1.0,"turns":4.0},{"damage":0.0,"enemies":"Cultist","floor":4.0,"turns":4.0},{"damage":24.0,"enemies":"Gremlin Nob","floor":7.0,"turns":4.0},{"damage":0.0,"enemies":"Jaw Worm","floor":8.0,"turns":4.0},{"damage":9.0,"enemies":"Lagavulin","floor":10.0,"turns":5.0},{"damage":1.0,"enemies":"Blue Slaver","floor":12.0,"turns":3.0},{"damage":7.0,"enemies":"Large Slime","floor":13.0,"turns":7.0},{"damage":1.0,"enemies":"Gremlin Nob","floor":14.0,"turns":3.0},{"damage":7.0,"enemies":"Hexaghost","floor":16.0,"turns":9.0},{"damage":3.0,"enemies":"Spheric Guardian","floor":18.0,"turns":5.0},{"damage":2.0,"enemies":"2 Thieves","floor":20.0,"turns":5.0},{"damage":0.0,"enemies":"Gremlin Leader","floor":23.0,"turns":7.0},{"damage":11.0,"enemies":"Book of Stabbing","floor":25.0,"turns":7.0},{"damage":4.0,"enemies":"Snake Plant","floor":27.0,"turns":5.0},{"damage":5.0,"enemies":"Gremlin Leader","floor":29.0,"turns":7.0},{"damage":0.0,"enemies":"Chosen and Byrds","floor":30.0,"turns":6.0},{"damage":14.0,"enemies":"Slavers","floor":31.0,"turns":7.0},{"damage":20.0,"enemies":"Collector","floor":33.0,"turns":9.0},{"damage":0.0,"enemies":"3 Darklings","floor":35.0,"turns":3.0},{"damage":0.0,"enemies":"2 Orb Walkers","floor":37.0,"turns":2.0},{"damage":28.0,"enemies":"Giant Head","floor":41.0,"turns":11.0},{"damage":5.0,"enemies":"Nemesis","floor":45.0,"turns":9.0},{"damage":0.0,"enemies":"3 Shapes","floor":46.0,"turns":2.0},{"damage":5.0,"enemies":"Reptomancer","floor":48.0,"turns":7.0},{"damage":5.0,"enemies":"Awakened One","floor":50.0,"turns":23.0},{"damage":5.0,"enemies":"Time Eater","floor":51.0,"turns":16.0},{"damage":14,"enemies":"Shield and Spear","floor":55,"turns":4},{"damage":36,"enemies":"The Heart","floor":56,"turns":14}],"seed_played":"-5733442562895743063","potions_obtained":[{"floor":8.0,"key":"Block Potion"},{"floor":13.0,"key":"Explosive Potion"},{"floor":16.0,"key":"Regen Potion"},{"floor":23.0,"key":"SteroidPotion"},{"floor":31.0,"key":"GamblersBrew"},{"floor":45.0,"key":"SpeedPotion"}],"is_trial":false,"path_per_floor":["M","?","$","M","$","R","E","M","T","E","?","M","M","E","R","B",null,"M","?","M","$","?","E","R","E","T","M","?","E","M","E","R","B",null,"M","?","?","$","T","R","E","$","T","R","E","M","?","E","R","B","B",null,"R","$","E","B",null],"character_chosen":"THE_SILENT","items_purchased":["Well Laid Plans","PiercingWail","Deadly Poison","Happy Flower","Backflip","Backflip","Dodge and Roll","PowerPotion","Noxious Fumes","Crippling Poison"],"campfire_rested":1,"item_purchase_floors":[3,3,5,21,21,38,42,54,54,54],"current_hp_per_floor":[58,58,58,58,58,58,34,34,34,25,25,24,17,16,16,11,52,51,51,51,51,51,66,66,55,55,53,53,50,52,40,40,22,55,57,57,59,59,59,59,33,33,33,63,58,60,60,57,57,58,58,62,62,62,49,27],"gold":75,"neow_bonus":"HUNDRED_GOLD","is_prod":false,"is_daily":false,"chose_seed":false,"campfire_upgraded":6,"win_rate":0,"timestamp":1565064247,"path_taken":["M","?","$","M","?","R","E","M","T","E","?","M","M","E","R","BOSS","M","?","M","$","?","E","R","E","T","M","?","E","M","E","R","BOSS","M","?","?","?","?","R","E","$","T","R","E","M","?","E","R","BOSS","BOSS","R","$","E","BOSS"],"build_version":"2019-07-17","purchased_purges":2,"victory":true,"max_hp_per_floor":[66,66,66,66,66,66,66,66,66,66,66,66,66,66,66,66,66,66,66,66,66,66,66,66,66,66,66,66,66,66,66,66,66,66,66,63,63,63,63,63,63,63,63,63,63,63,63,63,63,63,63,63,63,63,63,63],"card_choices":[{"not_picked":["Endless Agony","Flying Knee"],"picked":"Poisoned Stab","floor":1.0},{"not_picked":["Calculated Gamble","PiercingWail"],"picked":"Poisoned Stab","floor":4.0},{"not_picked":["Tactician","Flying Knee"],"picked":"Deadly Poison","floor":7.0},{"not_picked":["Deadly Poison","Underhanded Strike","Blade Dance"],"picked":"SKIP","floor":8.0},{"not_picked":["PiercingWail","Acrobatics"],"picked":"Backstab+1","floor":10.0},{"not_picked":["Deflect","Poisoned Stab+1","Calculated Gamble"],"picked":"SKIP","floor":12.0},{"not_picked":["Deflect","Poisoned Stab+1","Calculated Gamble"],"picked":"SKIP","floor":12.0},{"not_picked":["Blade Dance","Finisher+1","Bullet Time"],"picked":"SKIP","floor":13.0},{"not_picked":["Bane+1","Deflect"],"picked":"Cloak And Dagger","floor":14.0},{"not_picked":["Burst","Glass Knife+1"],"picked":"Malaise","floor":16.0},{"not_picked":["Leg Sweep","Underhanded Strike+1"],"picked":"Backstab+1","floor":18.0},{"not_picked":["Outmaneuver","Quick Slash+1"],"picked":"Wraith Form v2","floor":20.0},{"not_picked":["Backstab+1","Finisher+1","Leg Sweep"],"picked":"SKIP","floor":23.0},{"not_picked":["Bouncing Flask","Prepared"],"picked":"Calculated Gamble","floor":25.0},{"not_picked":["Outmaneuver","Accuracy"],"picked":"Cloak And Dagger+1","floor":27.0},{"not_picked":["Slice+1","Setup","Malaise"],"picked":"SKIP","floor":29.0},{"not_picked":["Bouncing Flask","Outmaneuver","Dagger Throw+1"],"picked":"SKIP","floor":30.0},{"not_picked":["Bane+1","Flechettes+1"],"picked":"After Image","floor":31.0},{"not_picked":["Tools of the Trade","Phantasmal Killer"],"picked":"Corpse Explosion","floor":33.0},{"not_picked":["Prepared","Deflect","Flying Knee+1"],"picked":"SKIP","floor":35.0},{"not_picked":["A Thousand Cuts","Tools of the Trade"],"picked":"Backflip","floor":41.0},{"not_picked":["Distraction","Accuracy"],"picked":"Adrenaline","floor":45.0},{"not_picked":["Bouncing Flask","Deflect+1"],"picked":"PiercingWail","floor":46.0},{"not_picked":["Setup+1","Prepared","Concentrate"],"picked":"SKIP","floor":48.0},{"not_picked":["Corpse Explosion","Underhanded Strike+1"],"picked":"Burst","floor":55}],"player_experience":863659,"relics_obtained":[{"floor":7.0,"key":"Oddly Smooth Stone"},{"floor":9.0,"key":"Molten Egg 2"},{"floor":10.0,"key":"Lantern"},{"floor":14.0,"key":"Blood Vial"},{"floor":23.0,"key":"Juzu Bracelet"},{"floor":25.0,"key":"Bottled Flame"},{"floor":26.0,"key":"Kunai"},{"floor":29.0,"key":"Bag of Marbles"},{"floor":31.0,"key":"Ninja Scroll"},{"floor":37.0,"key":"Ice Cream"},{"floor":39.0,"key":"Bottled Lightning"},{"floor":41.0,"key":"Art of War"},{"floor":41.0,"key":"Shuriken"},{"floor":45.0,"key":"Pantograph"},{"floor":45.0,"key":"Paper Crane"},{"floor":48.0,"key":"Pen Nib"},{"floor":48.0,"key":"PreservedInsect"},{"floor":55,"key":"Boot"},{"floor":55,"key":"Snake Skull"}],"event_choices":[{"damage_healed":0.0,"max_hp_gain":0.0,"max_hp_loss":0.0,"gold_gain":0.0,"cards_transformed":["Strike_G"],"event_name":"Transmorgrifier","player_choice":"Transformed","floor":2.0,"gold_loss":0.0,"damage_taken":0.0,"cards_obtained":["Crippling Poison"]},{"damage_healed":0.0,"max_hp_gain":0.0,"max_hp_loss":0.0,"gold_gain":0.0,"event_name":"Shining Light","player_choice":"Ignored","floor":11.0,"gold_loss":0.0,"damage_taken":0.0},{"damage_healed":0.0,"max_hp_gain":0.0,"max_hp_loss":0.0,"gold_gain":0.0,"event_name":"Back to Basics","player_choice":"Simplicity","floor":19.0,"gold_loss":0.0,"damage_taken":0.0,"cards_upgraded":["Defend_G","Defend_G","Defend_G","Defend_G","Defend_G"]},{"damage_healed":0.0,"max_hp_gain":0.0,"max_hp_loss":0.0,"gold_gain":0.0,"event_name":"N\u0027loth","player_choice":"Traded Relic","floor":22.0,"relics_lost":["Astrolabe"],"gold_loss":0.0,"damage_taken":0.0,"relics_obtained":["Nloth\u0027s Gift"]},{"damage_healed":0.0,"max_hp_gain":0.0,"max_hp_loss":0.0,"gold_gain":0.0,"event_name":"Addict","player_choice":"Obtained Relic","floor":28.0,"gold_loss":85.0,"damage_taken":0.0,"relics_obtained":["Regal Pillow"]},{"damage_healed":0.0,"max_hp_gain":0.0,"max_hp_loss":3.0,"gold_gain":0.0,"event_name":"Winding Halls","player_choice":"Max HP","floor":36.0,"gold_loss":0.0,"damage_taken":0.0},{"damage_healed":0.0,"max_hp_gain":0.0,"max_hp_loss":0.0,"gold_gain":0.0,"event_name":"Mysterious Sphere","player_choice":"Fight","floor":37.0,"gold_loss":0.0,"damage_taken":0.0},{"damage_healed":0.0,"max_hp_gain":0.0,"max_hp_loss":0.0,"gold_gain":0.0,"event_name":"Tomb of Lord Red Mask","player_choice":"Ignored","floor":47.0,"gold_loss":0.0,"damage_taken":0.0}],"is_beta":false,"boss_relics":[{"not_picked":["Tiny House","HoveringKite"],"picked":"Astrolabe"},{"not_picked":["Orrery","Snecko Eye"],"picked":"Black Star"}],"items_purged_floors":[3,54],"is_endless":false,"potions_floor_spawned":[8,13,16,18,20,23,31,33,45,46],"ascension_level":20}