{"gold_per_floor":[109,14,24,35,35,35,62,62,137,153,153,169,169,198,198,293,293,303,303,323,343,268,268],"floor_reached":23,"playtime":695,"items_purged":[],"score":251,"play_id":"a87ac494-350b-4c59-b70d-6c1e5ebbc9bf","local_time":"20190804175327","is_ascension_mode":true,"campfire_choices":[{"data":"Bash","floor":6.0,"key":"SMITH"},{"data":"Metallicize","floor":8.0,"key":"SMITH"},{"floor":11.0,"key":"REST"},{"data":"Iron Wave","floor":15.0,"key":"SMITH"}],"neow_cost":"NONE","seed_source_timestamp":33422203486671,"circlet_count":0,"master_deck":["Strike_R","Strike_R","Strike_R","Defend_R","Defend_R","Defend_R+1","Defend_R","Bash+1","Cleave+1","Metallicize+1","Warcry","Iron Wave+1","Shrug It Off","Flex+1","Double Tap+1","Shrug It Off+1","Demon Form","Metallicize","Barricade","Inflame+1","Body Slam+1"],"special_seed":0,"relics":["Burning Blood","Ancient Tea Set","Pen Nib","Toxic Egg 2","Lantern","Molten Egg 2","Fusion Hammer"],"potions_floor_usage":[16],"damage_taken":[{"damage":6.0,"enemies":"Cultist","floor":1.0,"turns":3.0},{"damage":7.0,"enemies":"Jaw Worm","floor":3.0,"turns":3.0},{"damage":8.0,"enemies":"2 Louse","floor":4.0,"turns":2.0},{"damage":50.0,"enemies":"Lagavulin","floor":7.0,"turns":9.0},{"damage":11.0,"enemies":"Large Slime","floor":10.0,"turns":4.0},{"damage":0.0,"enemies":"Blue Slaver","floor":12.0,"turns":3.0},{"damage":8.0,"enemies":"3 Sentries","floor":14.0,"turns":3.0},{"damage":19,"enemies":"Slime Boss","floor":16,"turns":14},{"damage":18,"enemies":"Spheric Guardian","floor":18,"turns":4},{"damage":5,"enemies":"Chosen","floor":20,"turns":3},{"damage":7,"enemies":"Sentry and Sphere","floor":21,"turns":6},{"damage":61,"enemies":"Gremlin Leader","floor":23,"turns":5}],"seed_played":"-3314169415953170700","potions_obtained":[{"floor":7.0,"key":"PowerPotion"},{"floor":10.0,"key":"Fire Potion"},{"floor":14.0,"key":"GamblersBrew"},{"floor":18,"key":"SteroidPotion"}],"is_trial":false,"path_per_floor":["M","$","M","M","?","R","E","R","T","M","R","M","?","E","R","B",null,"M","?","M","M","?","E"],"character_chosen":"IRONCLAD","items_purchased":["Metallicize","Warcry"],"campfire_rested":1,"item_purchase_floors":[2,2],"current_hp_per_floor":[80,80,79,77,61,61,17,17,17,12,36,42,39,37,37,24,66,54,54,55,54,54,0],"gold":268,"neow_bonus":"RANDOM_COMMON_RELIC","is_prod":false,"is_daily":false,"chose_seed":false,"campfire_upgraded":3,"win_rate":0,"timestamp":1564930407,"path_taken":["M","$","?","?","?","R","E","R","T","M","R","M","?","E","R","BOSS","M","?","M","?","?","E"],"build_version":"2019-07-17","purchased_purges":0,"victory":false,"max_hp_per_floor":[80,80,80,80,80,80,80,80,80,80,80,80,80,80,80,80,80,80,80,80,80,80,80],"card_choices":[{"not_picked":["Seeing Red","Thunderclap"],"picked":"Cleave","floor":1.0},{"not_picked":["Reckless Charge","Clash","Sever Soul"],"picked":"SKIP","floor":3.0},{"not_picked":["Perfected Strike","Heavy Blade"],"picked":"Iron Wave","floor":4.0},{"not_picked":["Pommel Strike","Sentinel"],"picked":"Shrug It Off","floor":7.0},{"not_picked":["Warcry+1","Sever Soul"],"picked":"Flex+1","floor":10.0},{"not_picked":["Warcry+1","Dropkick"],"picked":"Double Tap+1","floor":12.0},{"not_picked":["Infernal Blade+1","Rage+1"],"picked":"Shrug It Off+1","floor":14.0},{"not_picked":["Bludgeon+1","Barricade"],"picked":"Demon Form","floor":16},{"not_picked":["Second Wind+1","Shrug It Off+1"],"picked":"Metallicize","floor":18},{"not_picked":["Carnage+1","Warcry+1"],"picked":"Inflame+1","floor":20},{"not_picked":["Blood for Blood+1","Flex+1"],"picked":"Body Slam+1","floor":21}],"player_experience":1121186,"relics_obtained":[{"floor":7.0,"key":"Pen Nib"},{"floor":9.0,"key":"Toxic Egg 2"},{"floor":14.0,"key":"Molten Egg 2"}],"event_choices":[{"damage_healed":0.0,"max_hp_gain":0.0,"max_hp_loss":0.0,"gold_gain":0.0,"event_name":"Shining Light","player_choice":"Entered Light","floor":5.0,"gold_loss":0.0,"damage_taken":16.0,"cards_upgraded":["Cleave","Defend_R"]},{"damage_healed":0.0,"max_hp_gain":0.0,"max_hp_loss":0.0,"gold_gain":0.0,"event_name":"Scrap Ooze","player_choice":"Success","floor":13.0,"gold_loss":0.0,"damage_taken":3.0,"relics_obtained":["Lantern"]},{"cards_removed":["Strike_R"],"damage_healed":0,"gold_gain":0,"player_choice":"Took Card","damage_taken":0,"max_hp_gain":0,"max_hp_loss":0,"event_name":"NoteForYourself","floor":19,"gold_loss":0,"cards_obtained":["Barricade"]},{"cards_removed":["Strike_R"],"damage_healed":0,"gold_gain":0,"player_choice":"Gave Gold","damage_taken":0,"max_hp_gain":0,"max_hp_loss":0,"event_name":"Beggar","floor":22,"gold_loss":75}],"is_beta":false,"boss_relics":[{"not_picked":["Runic Cube","Orrery"],"picked":"Fusion Hammer"}],"items_purged_floors":[],"is_endless":false,"potions_floor_spawned":[7,10,14,18],"killed_by":"Gremlin Leader","ascension_level":5}