{"gold_per_floor":[111,124,143,143,143,143,143,143,143,175,57,132,151,162,162,264,264,281,281,281,281,291,291,303,303,303,329,428,144,144,160,160,256,256,271,271,271,271,281,281,308,308,308,338,338,54,14,14,14,14],"floor_reached":51,"playtime":1996,"items_purged":["Purity+1"],"score":975,"play_id":"7feabb82-18e0-4787-8487-18cfb8d0d3f2","local_time":"20190112035958","is_ascension_mode":true,"campfire_choices":[{"data":"Sweeping Beam","floor":6.0,"key":"SMITH"},{"floor":8.0,"key":"REST"},{"floor":15.0,"key":"REST"},{"data":"Conserve Battery","floor":23.0,"key":"SMITH"},{"data":"Loop","floor":25.0,"key":"SMITH"},{"data":"Cold Snap","floor":30.0,"key":"SMITH"},{"data":"Undo","floor":32.0,"key":"SMITH"},{"data":"Dualcast","floor":40,"key":"SMITH"},{"floor":42,"key":"REST"},{"floor":45,"key":"REST"},{"floor":49,"key":"REST"}],"neow_cost":"NONE","seed_source_timestamp":143378021213295,"circlet_count":0,"master_deck":["Defend_B+1","Defend_B+1","Defend_B+1","Defend_B+1","Zap+1","Dualcast+1","Loop+1","Cold Snap+1","Sweeping Beam+1","Doom and Gloom+1","Conserve Battery+1","Melter+1","All For One+1","Bite+1","Bite+1","Bite+1","Bite+1","Bite+1","FTL+1","Steam+1","Undo+1","Echo Form+1","Barrage+1","Capacitor","Conserve Battery"],"special_seed":0,"relics":["Cracked Core","Molten Egg 2","Bottled Lightning","Anchor","Nuclear Battery","Bag of Preparation","WingedGreaves","Runic Capacitor","Busted Crown","Whetstone","Dead Branch","Dodecahedron","Juzu Bracelet","Frozen Egg 2"],"potions_floor_usage":[44,50,50],"damage_taken":[{"damage":1.0,"enemies":"Cultist","floor":1.0,"turns":3.0},{"damage":10.0,"enemies":"Small Slimes","floor":2.0,"turns":3.0},{"damage":4.0,"enemies":"2 Louse","floor":3.0,"turns":3.0},{"damage":41.0,"enemies":"Lagavulin","floor":10.0,"turns":7.0},{"damage":1.0,"enemies":"Blue Slaver","floor":13.0,"turns":3.0},{"damage":3.0,"enemies":"3 Louse","floor":14.0,"turns":3.0},{"damage":6.0,"enemies":"The Guardian","floor":16.0,"turns":9.0},{"damage":19.0,"enemies":"Shell Parasite","floor":18.0,"turns":4.0},{"damage":34.0,"enemies":"Colosseum Slavers","floor":20.0,"turns":4.0},{"damage":5.0,"enemies":"2 Thieves","floor":22.0,"turns":3.0},{"damage":5.0,"enemies":"Centurion and Healer","floor":24.0,"turns":6.0},{"damage":35.0,"enemies":"Book of Stabbing","floor":27.0,"turns":5.0},{"damage":0.0,"enemies":"Cultist and Chosen","floor":31.0,"turns":4.0},{"damage":63.0,"enemies":"Collector","floor":33.0,"turns":10.0},{"damage":6,"enemies":"3 Darklings","floor":35,"turns":6},{"damage":9,"enemies":"Orb Walker","floor":39,"turns":4},{"damage":33,"enemies":"Reptomancer","floor":41,"turns":7},{"damage":65,"enemies":"Nemesis","floor":44,"turns":9},{"damage":46,"enemies":"Awakened One","floor":50,"turns":18}],"seed_played":"-3151757953792408751","potions_obtained":[{"floor":1.0,"key":"Weak Potion"},{"floor":3.0,"key":"Energy Potion"},{"floor":10.0,"key":"SteroidPotion"},{"floor":33.0,"key":"FearPotion"},{"floor":47,"key":"SkillPotion"}],"is_trial":false,"path_per_floor":["M","M","M","?","?","R","T","R","T","E","$","?","M","M","R","B",null,"M","?","?","?","M","R","M","R","T","E","?","$","R","M","R","B",null,"M","?","?","$","M","R","E","R","T","E","R","$","?","T","R","B",null],"character_chosen":"DEFECT","items_purchased":["Conserve Battery","Melter+1","Runic Capacitor","Dexterity Potion","Capacitor","Conserve Battery","Juzu Bracelet"],"campfire_rested":5,"item_purchase_floors":[11,11,29,46,46,46,46],"current_hp_per_floor":[67,57,53,58,42,42,42,66,66,25,25,14,13,10,34,28,67,48,48,26,26,33,33,55,55,55,35,35,35,35,50,50,20,47,56,56,56,56,48,48,47,56,56,12,28,28,28,28,44,56],"gold":14,"neow_bonus":"RANDOM_COLORLESS","is_prod":false,"is_daily":false,"chose_seed":false,"campfire_upgraded":6,"win_rate":0,"timestamp":1547254798,"path_taken":["M","?","M","?","?","R","?","R","T","E","$","?","M","M","R","BOSS","M","?","?","?","M","R","M","R","T","E","?","$","R","M","R","BOSS","M","?","?","$","M","R","E","R","T","E","R","$","?","?","R","BOSS"],"build_version":"2019-01-10","purchased_purges":1,"victory":true,"max_hp_per_floor":[75,75,75,80,80,80,80,80,80,80,80,80,80,80,80,80,80,80,56,56,56,56,56,56,56,56,56,56,56,56,56,56,56,56,56,56,56,56,56,56,56,56,56,56,56,56,56,56,56,56],"card_choices":[{"not_picked":["Hologram","Skim"],"picked":"Loop","floor":1.0},{"not_picked":["Rebound","Compile Driver"],"picked":"Cold Snap","floor":2.0},{"not_picked":["Cold Snap","Beam Cell"],"picked":"Sweeping Beam","floor":3.0},{"not_picked":["Barrage+1","Reinforced Body"],"picked":"Doom and Gloom+1","floor":10.0},{"not_picked":["Sunder+1","Hologram","Sweeping Beam+1"],"picked":"SKIP","floor":13.0},{"not_picked":["Tempest","Hello World","Genetic Algorithm"],"picked":"SKIP","floor":14.0},{"not_picked":["Thunder Strike+1","Seek"],"picked":"All For One+1","floor":16.0},{"not_picked":["Darkness+1","Storm","Streamline+1"],"picked":"SKIP","floor":18.0},{"not_picked":["Redo","Beam Cell+1","Melter+1"],"picked":"SKIP","floor":22.0},{"not_picked":["Lockon+1","Barrage+1"],"picked":"FTL+1","floor":24.0},{"not_picked":["Stack","Tempest"],"picked":"Steam+1","floor":27.0},{"not_picked":["Rebound+1","Scrape+1"],"picked":"Undo","floor":31.0},{"not_picked":["Reboot","Hyperbeam+1"],"picked":"Echo Form","floor":33.0},{"not_picked":["Redo"],"picked":"SKIP","floor":35},{"not_picked":["Sweeping Beam+1"],"picked":"SKIP","floor":39},{"not_picked":[],"picked":"Barrage+1","floor":41},{"not_picked":["FTL+1"],"picked":"SKIP","floor":44}],"player_experience":679045,"relics_obtained":[{"floor":7.0,"key":"Molten Egg 2"},{"floor":9.0,"key":"Bottled Lightning"},{"floor":10.0,"key":"Anchor"},{"floor":26.0,"key":"Bag of Preparation"},{"floor":27.0,"key":"WingedGreaves"},{"floor":41,"key":"Whetstone"},{"floor":43,"key":"Dead Branch"},{"floor":44,"key":"Dodecahedron"},{"floor":48,"key":"Frozen Egg 2"}],"event_choices":[{"damage_healed":0.0,"max_hp_gain":5.0,"max_hp_loss":0.0,"gold_gain":0.0,"event_name":"Big Fish","player_choice":"Donut","floor":4.0,"gold_loss":0.0,"damage_taken":0.0},{"damage_healed":0.0,"max_hp_gain":0.0,"max_hp_loss":0.0,"gold_gain":0.0,"event_name":"Shining Light","player_choice":"Entered Light","floor":5.0,"gold_loss":0.0,"damage_taken":16.0,"cards_upgraded":["Purity","Zap"]},{"damage_healed":0.0,"max_hp_gain":0.0,"max_hp_loss":0.0,"gold_gain":75.0,"event_name":"World of Goop","player_choice":"Gather Gold","floor":12.0,"gold_loss":0.0,"damage_taken":11.0},{"damage_healed":0.0,"max_hp_gain":0.0,"max_hp_loss":24.0,"gold_gain":0.0,"event_name":"Vampires","player_choice":"Became a vampire","floor":19.0,"gold_loss":0.0,"damage_taken":0.0,"cards_obtained":["Bite","Bite","Bite","Bite","Bite"]},{"damage_healed":0.0,"max_hp_gain":0.0,"max_hp_loss":0.0,"gold_gain":0.0,"event_name":"Colosseum","player_choice":"Fight","floor":20.0,"gold_loss":0.0,"damage_taken":0.0},{"damage_healed":0.0,"max_hp_gain":0.0,"max_hp_loss":0.0,"gold_gain":0.0,"event_name":"Colosseum","player_choice":"Fled From Nobs","floor":20.0,"gold_loss":0.0,"damage_taken":0.0},{"damage_healed":0.0,"max_hp_gain":0.0,"max_hp_loss":0.0,"gold_gain":0.0,"event_name":"Back to Basics","player_choice":"Simplicity","floor":21.0,"gold_loss":0.0,"damage_taken":0.0,"cards_upgraded":["Defend_B","Defend_B","Defend_B","Defend_B"]},{"damage_healed":0.0,"max_hp_gain":0.0,"max_hp_loss":0.0,"gold_gain":99.0,"event_name":"Nest","player_choice":"Stole From Cult","floor":28.0,"gold_loss":0.0,"damage_taken":0.0},{"damage_healed":0,"gold_gain":0,"player_choice":"Ignored","damage_taken":0,"max_hp_gain":0,"max_hp_loss":0,"event_name":"Tomb of Lord Red Mask","floor":36,"gold_loss":0},{"damage_healed":0,"gold_gain":0,"player_choice":"Forge","damage_taken":0,"max_hp_gain":0,"max_hp_loss":0,"event_name":"Accursed Blacksmith","floor":37,"gold_loss":0,"cards_upgraded":["Echo Form"]},{"damage_healed":0,"gold_gain":0,"player_choice":"Bought 3 Potions","damage_taken":0,"max_hp_gain":0,"max_hp_loss":0,"event_name":"The Woman in Blue","floor":47,"gold_loss":0}],"is_beta":false,"boss_relics":[{"not_picked":["Orrery","Runic Pyramid"],"picked":"Nuclear Battery"},{"not_picked":["Calling Bell","Tiny House"],"picked":"Busted Crown"}],"items_purged_floors":[29],"is_endless":false,"potions_floor_spawned":[1,3,10,24,31,33,35,41],"ascension_level":7}