{"gold_per_floor":[366,39,56,30,47,47,67,92,92,124,124,140,140,140,140,212,212,231,249,2,2,2,27,27,77,77,77,90,90,121,21,21,98,98,109,109,1,1,13,13,48,48,74,86,0,17,117,117,117,117],"floor_reached":51,"playtime":4662,"items_purged":["Doubt","Underhanded Strike","Tools of the Trade"],"score":1221,"play_id":"198546eb-001f-4a55-8fab-6bcbeaa616cf","local_time":"20190807195615","is_ascension_mode":true,"campfire_choices":[{"data":"Predator","floor":6,"key":"SMITH"},{"data":"Poisoned Stab","floor":11,"key":"SMITH"},{"data":"Blade Dance","floor":13,"key":"SMITH"},{"data":"Dagger Spray","floor":15,"key":"SMITH"},{"floor":24,"key":"REST"},{"data":"A Thousand Cuts","floor":27,"key":"SMITH"},{"data":"Cloak And Dagger","floor":29,"key":"SMITH"},{"floor":32,"key":"REST"},{"data":"Finisher","floor":40,"key":"SMITH"},{"floor":42,"key":"REST"},{"floor":49,"key":"REST"}],"neow_cost":"CURSE","seed_source_timestamp":35055511854832,"circlet_count":0,"master_deck":["AscendersBane","Survivor","Neutralize","Sucker Punch","Poisoned Stab+1","Predator+1","Dagger Spray+1","Dagger Throw","Cloak And Dagger+1","Leg Sweep+1","Blade Dance+1","A Thousand Cuts+1","Infinite Blades","Bane","Dagger Spray","Dash","Sucker Punch","Burst","Escape Plan","Bouncing Flask","Slice","Finisher+1","Backflip","Cloak And Dagger+1","Dodge and Roll+1","PiercingWail+1","Dodge and Roll","Bullet Time","Dodge and Roll","Deflect","Predator","Regret","Pain","Well Laid Plans+1","Blur+1","Mayhem"],"relics":["Ring of the Snake","Happy Flower","The Courier","Meat on the Bone","Kunai","Pandora\u0027s Box","Singing Bowl","Gremlin Horn","War Paint","Cursed Key","Pear","Art of War","Bag of Marbles","Red Mask","Thread and Needle"],"potions_floor_usage":[10,16,23,33,41,50,50],"damage_taken":[{"damage":10,"enemies":"Jaw Worm","floor":1,"turns":6},{"damage":0,"enemies":"Small Slimes","floor":3,"turns":4},{"damage":0,"enemies":"2 Louse","floor":5,"turns":2},{"damage":9,"enemies":"Exordium Wildlife","floor":7,"turns":4},{"damage":19,"enemies":"3 Sentries","floor":8,"turns":7},{"damage":2,"enemies":"Gremlin Nob","floor":10,"turns":3},{"damage":0,"enemies":"2 Fungi Beasts","floor":12,"turns":2},{"damage":30,"enemies":"Slime Boss","floor":16,"turns":11},{"damage":31,"enemies":"Shell Parasite","floor":18,"turns":6},{"damage":17,"enemies":"Spheric Guardian","floor":19,"turns":4},{"damage":29,"enemies":"Gremlin Leader","floor":23,"turns":6},{"damage":4,"enemies":"Centurion and Healer","floor":28,"turns":4},{"damage":41,"enemies":"Slavers","floor":30,"turns":5},{"damage":19,"enemies":"Champ","floor":33,"turns":18},{"damage":14,"enemies":"Orb Walker","floor":35,"turns":4},{"damage":32,"enemies":"3 Darklings","floor":39,"turns":4},{"damage":36,"enemies":"Reptomancer","floor":41,"turns":7},{"damage":0,"enemies":"Sphere and 2 Shapes","floor":44,"turns":3},{"damage":29,"enemies":"Transient","floor":46,"turns":5},{"damage":2,"enemies":"Mind Bloom Boss Battle","floor":47,"turns":6},{"damage":18,"enemies":"Awakened One","floor":50,"turns":15}],"seed_played":"-2560080530901116963","potions_obtained":[{"floor":1,"key":"FearPotion"},{"floor":18,"key":"SteroidPotion"},{"floor":28,"key":"Ancient Potion"},{"floor":30,"key":"GamblersBrew"},{"floor":39,"key":"AttackPotion"},{"floor":41,"key":"Energy Potion"},{"floor":47,"key":"GhostInAJar"}],"is_trial":false,"path_per_floor":["M","$","M","$","M","R","M","E","T","E","R","M","R","?","R","B",null,"M","M","$","?","?","E","R","?","T","R","M","R","E","$","R","B",null,"M","?","$","T","M","R","E","R","T","M","?","M","?","?","R","B",null],"character_chosen":"THE_SILENT","items_purchased":["Happy Flower","Poisoned Stab","AttackPotion","Dagger Spray","Backflip","Cloak And Dagger","Dodge and Roll","Dexterity Potion","Dodge and Roll","Deflect","Predator"],"campfire_rested":4,"item_purchase_floors":[2,2,2,4,20,20,20,20,37,37,37],"current_hp_per_floor":[49,49,49,49,49,49,40,21,21,31,31,43,43,43,43,25,56,37,32,32,32,32,15,34,34,34,34,44,44,15,15,35,28,58,46,46,46,56,38,38,16,41,41,53,53,38,48,48,73,55],"gold":117,"neow_bonus":"TWO_FIFTY_GOLD","is_prod":false,"is_daily":false,"chose_seed":false,"campfire_upgraded":7,"win_rate":0,"timestamp":1565200575,"path_taken":["M","$","M","$","M","R","M","E","T","E","R","M","R","?","R","BOSS","M","M","$","?","?","E","R","?","T","R","?","R","E","$","R","BOSS","M","?","$","?","M","R","E","R","T","M","?","?","?","?","R","BOSS"],"build_version":"2019-07-17","purchased_purges":3,"victory":true,"max_hp_per_floor":[66,66,66,66,66,66,66,66,66,66,66,66,66,66,66,66,66,66,66,66,66,66,66,66,66,66,66,68,68,68,68,68,68,68,70,70,70,80,82,82,84,84,84,84,84,86,86,86,86,86],"card_choices":[{"not_picked":["Noxious Fumes","Dash"],"picked":"Sucker Punch","floor":1},{"not_picked":["Endless Agony","Outmaneuver"],"picked":"Predator","floor":3},{"not_picked":["Infinite Blades","Calculated Gamble"],"picked":"Dagger Throw","floor":5},{"not_picked":["Quick Slash","Skewer"],"picked":"Cloak And Dagger","floor":7},{"not_picked":["Burst","Bouncing Flask","Acrobatics"],"picked":"SKIP","floor":8},{"not_picked":["Dagger Spray","Storm of Steel"],"picked":"Leg Sweep","floor":10},{"not_picked":["Bane","Infinite Blades"],"picked":"Blade Dance","floor":12},{"not_picked":["Unload","Bullet Time"],"picked":"A Thousand Cuts","floor":16},{"not_picked":["Sucker Punch","Reflex"],"picked":"Slice","floor":18},{"not_picked":["All Out Attack","Dagger Spray"],"picked":"Finisher","floor":19},{"not_picked":["Bane","Dagger Throw"],"picked":"PiercingWail+1","floor":23},{"not_picked":["Dagger Spray","Phantasmal Killer","Terror"],"picked":"Singing Bowl","floor":28},{"not_picked":["Acrobatics","Endless Agony"],"picked":"Dodge and Roll","floor":30},{"not_picked":["Malaise","Night Terror"],"picked":"Bullet Time","floor":33},{"not_picked":["Tactician","Predator","Catalyst"],"picked":"Singing Bowl","floor":35},{"not_picked":["Finisher","Deadly Poison+1","Dagger Spray+1"],"picked":"Singing Bowl","floor":39},{"not_picked":["Bouncing Flask+1","Dagger Throw","Prepared"],"picked":"Singing Bowl","floor":41},{"not_picked":["Setup+1","Finisher"],"picked":"Well Laid Plans+1","floor":44},{"not_picked":["Acrobatics","Backflip","Terror"],"picked":"Singing Bowl","floor":46},{"not_picked":["Eviscerate","Sucker Punch"],"picked":"Blur+1","floor":47},{"not_picked":["Mind Blast","Madness"],"picked":"Mayhem","floor":48}],"player_experience":753900,"relics_obtained":[{"floor":8,"key":"The Courier"},{"floor":9,"key":"Meat on the Bone"},{"floor":10,"key":"Kunai"},{"floor":23,"key":"Singing Bowl"},{"floor":26,"key":"Gremlin Horn"},{"floor":30,"key":"War Paint"},{"floor":38,"key":"Pear"},{"floor":41,"key":"Art of War"},{"floor":43,"key":"Bag of Marbles"},{"floor":47,"key":"Thread and Needle"}],"event_choices":[{"damage_healed":0,"gold_gain":0,"player_choice":"Grow","damage_taken":0,"max_hp_gain":0,"max_hp_loss":0,"event_name":"Living Wall","floor":14,"gold_loss":0,"cards_upgraded":["Cloak And Dagger"]},{"damage_healed":0,"gold_gain":0,"player_choice":"Ignored","damage_taken":0,"max_hp_gain":0,"max_hp_loss":0,"event_name":"Vampires","floor":21,"gold_loss":0},{"damage_healed":0,"gold_gain":0,"player_choice":"Ignored","damage_taken":0,"max_hp_gain":0,"max_hp_loss":0,"event_name":"Ghosts","floor":22,"gold_loss":0},{"damage_healed":0,"gold_gain":50,"player_choice":"Stole From Cult","damage_taken":0,"max_hp_gain":0,"max_hp_loss":0,"event_name":"Nest","floor":25,"gold_loss":0},{"damage_healed":0,"gold_gain":0,"player_choice":"Ignored","damage_taken":0,"max_hp_gain":0,"max_hp_loss":0,"event_name":"SecretPortal","floor":36,"gold_loss":0},{"damage_healed":0,"gold_gain":0,"player_choice":"Paid","damage_taken":0,"relics_obtained":["Red Mask"],"max_hp_gain":0,"max_hp_loss":0,"event_name":"Tomb of Lord Red Mask","floor":45,"gold_loss":86},{"damage_healed":0,"gold_gain":0,"player_choice":"Fight","damage_taken":0,"max_hp_gain":0,"max_hp_loss":0,"event_name":"MindBloom","floor":47,"gold_loss":0},{"damage_healed":0,"gold_gain":0,"player_choice":"Memory 1","damage_taken":0,"max_hp_gain":0,"max_hp_loss":0,"event_name":"SensoryStone","floor":48,"gold_loss":0}],"is_beta":false,"boss_relics":[{"not_picked":["Lizard Tail","HoveringKite"],"picked":"Pandora\u0027s Box"},{"not_picked":["Snecko Eye","Eternal Feather"],"picked":"Cursed Key"}],"items_purged_floors":[2,20,31],"is_endless":false,"potions_floor_spawned":[1,5,8,18,28,30,39,41,44,47],"ascension_level":15}