{"gold_per_floor":[112,112,112,112,6,6,39,39,339,351,364,364,374,61,61,165,165,178,189,114,114,130,130,130,160,232,232,266,266,278,303,303,398,398,415,415,434,450,473,500,512,512,512,512,547,547,101,129,129,129,129,129,4,33,33],"floor_reached":56,"playtime":1561,"items_purged":["Strike_R","Strike_R","Strike_R"],"score":1416,"play_id":"68c62c92-2407-4c43-aa6d-7ff8066a458b","local_time":"20190718184058","is_ascension_mode":true,"campfire_choices":[{"data":"Uppercut","floor":6.0,"key":"SMITH"},{"data":"Armaments","floor":8.0,"key":"SMITH"},{"data":"Whirlwind","floor":12.0,"key":"SMITH"},{"data":"Bash","floor":15.0,"key":"SMITH"},{"data":"Demon Form","floor":23.0,"key":"SMITH"},{"data":"Shrug It Off","floor":29.0,"key":"SMITH"},{"floor":32.0,"key":"RECALL"},{"floor":42,"key":"REST"},{"floor":46,"key":"REST"},{"floor":49,"key":"REST"},{"floor":52,"key":"REST"}],"neow_cost":"NONE","seed_source_timestamp":2861310072770,"circlet_count":0,"master_deck":["Strike_R","Strike_R","Defend_R+1","Defend_R","Defend_R+1","Defend_R+1","Bash+1","Shrug It Off+1","Uppercut+1","Armaments+1","Cleave","Whirlwind+1","Flame Barrier+1","Demon Form+1","Clothesline+1","Demon Form+1","Bludgeon","Shockwave+1","Demon Form+1"],"special_seed":0,"relics":["Burning Blood","Self Forming Clay","Sundial","Old Coin","Incense Burner","Snecko Eye","Art of War","Kunai","Singing Bowl","War Paint","Happy Flower","Fusion Hammer","Mummified Hand","Toxic Egg 2","Thread and Needle","DollysMirror","Pen Nib","Omamori","Oddly Smooth Stone"],"potions_floor_usage":[55,55,55],"damage_taken":[{"damage":6.0,"enemies":"Cultist","floor":1.0,"turns":3.0},{"damage":23.0,"enemies":"3 Sentries","floor":7.0,"turns":9.0},{"damage":5.0,"enemies":"Jaw Worm","floor":10.0,"turns":3.0},{"damage":2.0,"enemies":"2 Louse","floor":11.0,"turns":3.0},{"damage":6.0,"enemies":"Red Slaver","floor":13.0,"turns":4.0},{"damage":22.0,"enemies":"Slime Boss","floor":16.0,"turns":11.0},{"damage":5.0,"enemies":"Spheric Guardian","floor":18.0,"turns":4.0},{"damage":5.0,"enemies":"Chosen","floor":19.0,"turns":4.0},{"damage":1.0,"enemies":"Centurion and Healer","floor":22.0,"turns":3.0},{"damage":9.0,"enemies":"Book of Stabbing","floor":25.0,"turns":4.0},{"damage":17.0,"enemies":"Gremlin Leader","floor":28.0,"turns":5.0},{"damage":0.0,"enemies":"Snake Plant","floor":30.0,"turns":3.0},{"damage":32.0,"enemies":"Slavers","floor":31.0,"turns":3.0},{"damage":0.0,"enemies":"Collector","floor":33.0,"turns":5.0},{"damage":3,"enemies":"Orb Walker","floor":35,"turns":2},{"damage":21,"enemies":"3 Shapes","floor":37,"turns":3},{"damage":0,"enemies":"Transient","floor":38,"turns":5},{"damage":9,"enemies":"Reptomancer","floor":40,"turns":4},{"damage":8,"enemies":"Jaw Worm Horde","floor":41,"turns":3},{"damage":3,"enemies":"Giant Head","floor":45,"turns":6},{"damage":25,"enemies":"Nemesis","floor":48,"turns":5},{"damage":7,"enemies":"Donu and Deca","floor":50,"turns":5},{"damage":17,"enemies":"Shield and Spear","floor":54,"turns":4},{"damage":23,"enemies":"The Heart","floor":55,"turns":6}],"seed_played":"7350848978946880940","potions_obtained":[{"floor":11.0,"key":"EssenceOfSteel"},{"floor":16.0,"key":"PowerPotion"},{"floor":18.0,"key":"SmokeBomb"},{"floor":19.0,"key":"PowerPotion"},{"floor":33.0,"key":"Fire Potion"},{"floor":35,"key":"PowerPotion"},{"floor":48,"key":"Block Potion"}],"is_trial":false,"path_per_floor":["M","$","?","T","$","R","E","R","T","M","M","R","M","$","R","B",null,"M","M","$","?","M","R","T","E","T","?","E","R","M","E","R","B",null,"M","?","M","M","T","E","M","R","T","?","E","R","$","E","R","B",null,"R","$","E","B",null],"character_chosen":"IRONCLAD","items_purchased":["Uppercut","Armaments","Incense Burner","DollysMirror","Pen Nib"],"campfire_rested":4,"item_purchase_floors":[5,5,14,47,47],"current_hp_per_floor":[88,88,70,70,70,70,53,53,53,54,58,58,58,58,58,42,88,88,88,88,88,88,88,88,85,85,85,76,76,84,60,60,66,94,96,91,78,84,84,83,83,97,97,93,98,105,105,88,107,106,107,107,107,98,81],"gold":33,"neow_bonus":"TEN_PERCENT_HP_BONUS","is_prod":false,"is_daily":false,"chose_seed":false,"campfire_upgraded":6,"win_rate":0,"timestamp":1563464458,"path_taken":["M","?","?","?","$","R","E","R","T","M","M","R","M","$","R","BOSS","M","M","$","?","M","R","?","E","T","?","E","R","?","E","R","BOSS","M","?","M","M","?","E","M","R","T","?","E","R","$","E","R","BOSS","R","$","E","BOSS"],"build_version":"2019-07-17","purchased_purges":3,"victory":true,"max_hp_per_floor":[88,88,88,88,88,88,88,88,88,88,88,88,88,88,88,88,88,88,88,88,88,88,88,88,88,88,88,90,90,92,94,94,94,94,96,91,93,93,93,95,97,97,97,103,105,105,105,107,107,107,107,107,107,109,109],"card_choices":[{"not_picked":["Cleave","Sword Boomerang"],"picked":"Shrug It Off","floor":1.0},{"not_picked":["Perfected Strike","Fire Breathing","Armaments"],"picked":"SKIP","floor":7.0},{"not_picked":["Clothesline","Cleave","Heavy Blade"],"picked":"SKIP","floor":10.0},{"not_picked":["Clothesline","Heavy Blade"],"picked":"Cleave","floor":10.0},{"not_picked":["Armaments","Havoc"],"picked":"Whirlwind","floor":11.0},{"not_picked":["Shrug It Off","Disarm"],"picked":"Flame Barrier","floor":13.0},{"not_picked":["Reaper","Brutality"],"picked":"Demon Form","floor":16.0},{"not_picked":["Searing Blow","Infernal Blade","Clash+1"],"picked":"SKIP","floor":18.0},{"not_picked":["Searing Blow","Infernal Blade","Clash+1"],"picked":"SKIP","floor":18.0},{"not_picked":["Clash","Warcry","Thunderclap"],"picked":"SKIP","floor":19.0},{"not_picked":["Rupture","Pommel Strike","Flex+1"],"picked":"SKIP","floor":22.0},{"not_picked":["Carnage","Corruption"],"picked":"Clothesline+1","floor":25.0},{"not_picked":["Havoc+1","Pommel Strike","Flex"],"picked":"Singing Bowl","floor":28.0},{"not_picked":["Shrug It Off","Sword Boomerang","Warcry+1"],"picked":"Singing Bowl","floor":30.0},{"not_picked":["Clash","Thunderclap+1","Battle Trance"],"picked":"Singing Bowl","floor":31.0},{"not_picked":["Feed","Reaper"],"picked":"Bludgeon","floor":33.0},{"not_picked":["Twin Strike+1","Searing Blow","Armaments"],"picked":"Singing Bowl","floor":35},{"not_picked":["Clothesline","Body Slam+1","Second Wind+1"],"picked":"Singing Bowl","floor":37},{"not_picked":["Iron Wave+1","Reckless Charge+1"],"picked":"Shockwave+1","floor":38},{"not_picked":["Infernal Blade","Wild Strike+1","Pommel Strike+1"],"picked":"Singing Bowl","floor":40},{"not_picked":["Warcry+1","Clothesline","Body Slam"],"picked":"Singing Bowl","floor":41},{"not_picked":["Deep Breath+1","Madness+1","Secret Weapon+1"],"picked":"Singing Bowl","floor":44},{"not_picked":["Dark Shackles+1","Good Instincts+1","Blind+1"],"picked":"Singing Bowl","floor":44},{"not_picked":["Chrysalis+1","Sadistic Nature","Bandage Up+1"],"picked":"Singing Bowl","floor":44},{"not_picked":["True Grit+1","Sever Soul+1","Feel No Pain+1"],"picked":"Singing Bowl","floor":45},{"not_picked":["Clash","Heavy Blade+1","Havoc+1"],"picked":"Singing Bowl","floor":48},{"not_picked":["Fire Breathing+1","Pommel Strike+1","Havoc+1"],"picked":"Singing Bowl","floor":54}],"player_experience":1073674,"relics_obtained":[{"floor":4.0,"key":"Self Forming Clay"},{"floor":7.0,"key":"Sundial"},{"floor":9.0,"key":"Old Coin"},{"floor":24.0,"key":"Art of War"},{"floor":25.0,"key":"Kunai"},{"floor":26.0,"key":"Singing Bowl"},{"floor":28.0,"key":"War Paint"},{"floor":31.0,"key":"Happy Flower"},{"floor":40,"key":"Mummified Hand"},{"floor":43,"key":"Toxic Egg 2"},{"floor":45,"key":"Thread and Needle"},{"floor":48,"key":"Omamori"},{"floor":54,"key":"Oddly Smooth Stone"}],"event_choices":[{"damage_healed":0.0,"max_hp_gain":0.0,"max_hp_loss":0.0,"gold_gain":0.0,"event_name":"Shining Light","player_choice":"Entered Light","floor":3.0,"gold_loss":0.0,"damage_taken":18.0,"cards_upgraded":["Defend_R","Defend_R"]},{"damage_healed":0.0,"max_hp_gain":0.0,"max_hp_loss":0.0,"gold_gain":0.0,"event_name":"Vampires","player_choice":"Ignored","floor":21.0,"gold_loss":0.0,"damage_taken":0.0},{"damage_healed":0.0,"max_hp_gain":0.0,"max_hp_loss":0.0,"gold_gain":0.0,"event_name":"Duplicator","player_choice":"Copied","floor":27.0,"gold_loss":0.0,"damage_taken":0.0,"cards_obtained":["Demon Form"]},{"damage_healed":0,"gold_gain":0,"player_choice":"Max HP","damage_taken":0,"max_hp_gain":0,"max_hp_loss":5,"event_name":"Winding Halls","floor":36,"gold_loss":0},{"damage_healed":0,"gold_gain":0,"player_choice":"Memory 3","damage_taken":10,"max_hp_gain":0,"max_hp_loss":0,"event_name":"SensoryStone","floor":44,"gold_loss":0}],"is_beta":false,"boss_relics":[{"not_picked":["White Beast Statue","Philosopher\u0027s Stone"],"picked":"Snecko Eye"},{"not_picked":["Runic Dome","Calling Bell"],"picked":"Fusion Hammer"}],"items_purged_floors":[20,47,53],"is_endless":false,"potions_floor_spawned":[11,16,18,19,33,35,40,45,48],"ascension_level":1}