{"gold_per_floor":[119,137,9,22,22,22,54,54,54,82,82,144,160,171,171,270,270,288,288,299,316,333,333,333],"floor_reached":24,"playtime":2034,"items_purged":["Strike_R"],"score":233,"play_id":"35047da2-7c09-482b-8fff-5786650a9e51","local_time":"20190720122653","is_ascension_mode":false,"campfire_choices":[{"data":"True Grit","floor":6,"key":"SMITH"},{"data":"Clothesline","floor":8,"key":"SMITH"},{"data":"Metallicize","floor":11,"key":"SMITH"},{"data":"Rampage","floor":15,"key":"SMITH"},{"data":"Intimidate","floor":23,"key":"SMITH"}],"neow_cost":"NONE","seed_source_timestamp":324799641722068,"circlet_count":0,"master_deck":["Strike_R","Strike_R","Strike_R","Defend_R","Defend_R","Defend_R","Defend_R","Bash+1","Clothesline+1","True Grit+1","Thunderclap","Metallicize+1","Cleave","Combust+1","Rampage+1","Corruption+1","Intimidate+1","Demon Form+1","Iron Wave","Berserk+1"],"relics":["Burning Blood","Question Card","Mercury Hourglass","Frozen Egg 2","Mango","Coffee Dripper"],"potions_floor_usage":[16],"damage_taken":[{"damage":2,"enemies":"Small Slimes","floor":1,"turns":4},{"damage":8,"enemies":"Jaw Worm","floor":2,"turns":4},{"damage":1,"enemies":"Cultist","floor":4,"turns":3},{"damage":13,"enemies":"Lagavulin","floor":7,"turns":9},{"damage":8,"enemies":"3 Sentries","floor":10,"turns":6},{"damage":11,"enemies":"3 Sentries","floor":12,"turns":4},{"damage":5,"enemies":"3 Louse","floor":13,"turns":2},{"damage":5,"enemies":"2 Fungi Beasts","floor":14,"turns":2},{"damage":41,"enemies":"Hexaghost","floor":16,"turns":9},{"damage":19,"enemies":"Spheric Guardian","floor":18,"turns":4},{"damage":14,"enemies":"Shell Parasite","floor":20,"turns":5},{"damage":12,"enemies":"Snecko","floor":21,"turns":5},{"damage":11,"enemies":"Centurion and Healer","floor":22,"turns":6},{"damage":43,"enemies":"Slavers","floor":24,"turns":3}],"seed_played":"-1645107203340979406","potions_obtained":[{"floor":12,"key":"Poison Potion"},{"floor":13,"key":"GamblersBrew"},{"floor":14,"key":"Swift Potion"},{"floor":16,"key":"Fire Potion"},{"floor":18,"key":"Ancient Potion"}],"is_trial":false,"path_per_floor":["M","M","$","M","?","R","E","R","T","E","R","?","M","M","R","B",null,"M","?","M","M","M","R","E"],"character_chosen":"IRONCLAD","items_purchased":["Thunderclap"],"campfire_rested":0,"item_purchase_floors":[3],"current_hp_per_floor":[80,78,78,80,73,73,66,66,66,64,64,73,74,75,75,40,94,81,62,54,48,43,43,0],"gold":333,"neow_bonus":"UPGRADE_CARD","is_prod":false,"is_daily":false,"chose_seed":false,"campfire_upgraded":5,"win_rate":0.0,"timestamp":1563640013,"path_taken":["M","M","$","M","?","R","E","R","T","E","R","?","M","M","R","BOSS","M","?","M","M","M","R","E"],"build_version":"2019-07-17","purchased_purges":1,"victory":false,"max_hp_per_floor":[80,80,80,80,80,80,80,80,80,80,80,94,94,94,94,94,94,94,99,99,99,99,99,99],"card_choices":[{"not_picked":["Twin Strike","Rage"],"picked":"Clothesline","floor":1},{"not_picked":["Perfected Strike","Dual Wield"],"picked":"True Grit","floor":2},{"not_picked":["Disarm","Fire Breathing"],"picked":"Metallicize","floor":4},{"not_picked":["Impervious","Metallicize"],"picked":"Cleave","floor":7},{"not_picked":["Spot Weakness","Sword Boomerang","Disarm"],"picked":"Combust","floor":10},{"not_picked":["Pommel Strike","Rupture+1","Anger"],"picked":"Rampage","floor":12},{"not_picked":["Blood for Blood","Rage","Reckless Charge"],"picked":"Corruption+1","floor":13},{"not_picked":["True Grit","Pommel Strike","Wild Strike"],"picked":"Intimidate","floor":14},{"not_picked":["Impervious","Reaper","Fiend Fire"],"picked":"Demon Form+1","floor":16},{"not_picked":["Anger","Wild Strike","Whirlwind"],"picked":"Iron Wave","floor":18},{"not_picked":["Cleave","Body Slam","Carnage","Headbutt"],"picked":"SKIP","floor":20},{"not_picked":["Evolve+1","Body Slam","Carnage","Warcry"],"picked":"SKIP","floor":21},{"not_picked":["Headbutt","Reckless Charge+1","Metallicize+1"],"picked":"Berserk+1","floor":22}],"player_experience":63125,"relics_obtained":[{"floor":7,"key":"Question Card"},{"floor":9,"key":"Mercury Hourglass"},{"floor":10,"key":"Frozen Egg 2"},{"floor":12,"key":"Mango"}],"event_choices":[{"cards_removed":["Strike_R"],"damage_healed":0,"gold_gain":0,"player_choice":"Card Removal","damage_taken":7,"max_hp_gain":0,"max_hp_loss":0,"event_name":"Golden Wing","floor":5,"gold_loss":0},{"damage_healed":0,"gold_gain":0,"player_choice":"Searched \u00271\u0027 times","damage_taken":0,"max_hp_gain":0,"max_hp_loss":0,"event_name":"Dead Adventurer","floor":12,"gold_loss":0},{"damage_healed":0,"gold_gain":0,"player_choice":"Shed Blood","damage_taken":24,"max_hp_gain":5,"max_hp_loss":0,"event_name":"Forgotten Altar","floor":19,"gold_loss":0}],"is_beta":false,"boss_relics":[{"not_picked":["Orrery","Astrolabe"],"picked":"Coffee Dripper"}],"items_purged_floors":[3],"is_endless":false,"potions_floor_spawned":[12,13,14,16,18],"killed_by":"Slavers","ascension_level":0}