{"gold_per_floor":[115,126,126,86,105,105,105,105,185,214,226,243,262,279,279,279],"floor_reached":16,"playtime":796,"items_purged":[],"score":156,"play_id":"6befdb32-19e5-40e8-89ac-3b067ecfa39f","local_time":"20181122055105","is_ascension_mode":true,"campfire_choices":[{"floor":6.0,"key":"RECALL"},{"floor":8.0,"key":"REST"},{"floor":15,"key":"REST"}],"neow_cost":"NONE","seed_source_timestamp":16551280150186,"circlet_count":0,"master_deck":["AscendersBane","Strike_B","Strike_B","Strike_B","Defend_B","Defend_B","Defend_B","Defend_B","Zap","Dualcast","Genetic Algorithm","Hologram+1","Scrape","Leap","Beam Cell","Capacitor","Steam","Chill"],"special_seed":0,"relics":["Fusion Hammer","Oddly Smooth Stone"],"potions_floor_usage":[16],"damage_taken":[{"damage":7.0,"enemies":"Small Slimes","floor":1.0,"turns":4.0},{"damage":12.0,"enemies":"Jaw Worm","floor":2.0,"turns":3.0},{"damage":0.0,"enemies":"Cultist","floor":5.0,"turns":3.0},{"damage":15.0,"enemies":"3 Sentries","floor":10.0,"turns":5.0},{"damage":9.0,"enemies":"2 Fungi Beasts","floor":11.0,"turns":5.0},{"damage":4.0,"enemies":"Gremlin Gang","floor":12.0,"turns":6.0},{"damage":0.0,"enemies":"3 Louse","floor":13.0,"turns":4.0},{"damage":18,"enemies":"Exordium Thugs","floor":14,"turns":6},{"damage":54,"enemies":"Slime Boss","floor":16,"turns":11}],"seed_played":"-6216989741297869070","potions_obtained":[{"floor":1.0,"key":"AttackPotion"},{"floor":4.0,"key":"AttackPotion"},{"floor":4.0,"key":"PowerPotion"},{"floor":4.0,"key":"SneckoOil"},{"floor":5.0,"key":"Explosive Potion"},{"floor":10.0,"key":"Weak Potion"}],"is_trial":false,"path_per_floor":["M","M","?","?","M","R","?","R","T","E","M","M","M","M","R","B"],"character_chosen":"DEFECT","items_purchased":[],"campfire_rested":2,"item_purchase_floors":[],"current_hp_per_floor":[61,49,49,49,49,49,49,71,71,56,47,43,43,25,47,0],"gold":279,"neow_bonus":"BOSS_RELIC","is_prod":false,"is_daily":false,"chose_seed":false,"campfire_upgraded":0,"win_rate":0,"timestamp":1542894665,"path_taken":["M","M","?","?","?","R","?","R","T","E","M","?","M","M","R","BOSS"],"build_version":"2018-11-15","purchased_purges":0,"victory":false,"max_hp_per_floor":[75,75,75,75,75,75,75,75,75,75,75,75,75,75,75,75],"card_choices":[{"not_picked":["Melter","Heatsinks"],"picked":"Genetic Algorithm","floor":1.0},{"not_picked":["Steam","Compile Driver"],"picked":"Hologram","floor":2.0},{"not_picked":["Darkness","Beam Cell"],"picked":"Scrape","floor":5.0},{"not_picked":["Barrage","Coolheaded"],"picked":"Leap","floor":10.0},{"not_picked":["Coolheaded","Steam"],"picked":"Beam Cell","floor":11.0},{"not_picked":["Barrage","Beam Cell"],"picked":"Capacitor","floor":12.0},{"not_picked":["Streamline","Auto Shields"],"picked":"Steam","floor":13.0},{"not_picked":["Streamline","Barrage"],"picked":"Chill","floor":14}],"player_experience":467177,"relics_obtained":[{"floor":10.0,"key":"Oddly Smooth Stone"}],"event_choices":[{"damage_healed":0.0,"max_hp_gain":0.0,"max_hp_loss":0.0,"gold_gain":0.0,"event_name":"Living Wall","player_choice":"Grow","floor":3.0,"gold_loss":0.0,"damage_taken":0.0,"cards_upgraded":["Hologram"]},{"damage_healed":0.0,"max_hp_gain":0.0,"max_hp_loss":0.0,"gold_gain":0.0,"event_name":"The Woman in Blue","player_choice":"Bought 3 Potions","floor":4.0,"gold_loss":0.0,"damage_taken":0.0},{"cards_removed":["Strike_B"],"damage_healed":0.0,"max_hp_gain":0.0,"max_hp_loss":0.0,"gold_gain":0.0,"event_name":"Purifier","player_choice":"Purged","floor":7.0,"gold_loss":0.0,"damage_taken":0.0}],"is_beta":false,"boss_relics":[],"items_purged_floors":[],"is_endless":false,"potions_floor_spawned":[1,5,10],"killed_by":"Slime Boss","ascension_level":10}