{"gold_per_floor":[116,130,130,150,168,195,195,206,233,233,264,280,280,296,296,373,373,340,126,41,41,41,41,71,71,95,95,95,105,105,125,125,199,199,215,228,228,228,228,228,228,228,228,239,252,265,265,285,285,285],"floor_reached":50,"playtime":1683,"items_purged":["Strike_G"],"score":845,"play_id":"12d764b3-2c4b-45e7-a6b7-2f192116b589","local_time":"20190110125645","is_ascension_mode":true,"campfire_choices":[{"floor":7.0,"key":"REST"},{"floor":10.0,"key":"REST"},{"floor":13.0,"key":"REST"},{"data":"Noxious Fumes","floor":15.0,"key":"SMITH"},{"data":"Catalyst","floor":23.0,"key":"SMITH"},{"floor":25.0,"key":"REST"},{"floor":30,"key":"REST"},{"floor":32,"key":"REST"},{"floor":40,"key":"REST"},{"data":"Dash","floor":42,"key":"SMITH"},{"floor":49,"key":"REST"}],"neow_cost":"NONE","seed_source_timestamp":3072168475522,"circlet_count":0,"master_deck":["AscendersBane","Defend_G+1","Defend_G+1","Defend_G+1","Strike_G+1","Strike_G+1","Survivor","Neutralize","Envenom","Deadly Poison","Dagger Spray","Caltrops","Dash+1","Noxious Fumes+1","Noxious Fumes","Catalyst+1","PiercingWail","Bullet Time","Noxious Fumes","Noxious Fumes","Tactician","Backflip","After Image","Prepared","Sucker Punch","Backflip+1","Terror"],"special_seed":0,"relics":["Ring of the Snake","Potion Belt","Bag of Marbles","Blood Vial","Busted Crown","Juzu Bracelet","Prayer Wheel","Smiling Mask","Orichalcum","Lizard Tail","Question Card"],"potions_floor_usage":[29,33,44,45,46,46],"damage_taken":[{"damage":0.0,"enemies":"2 Louse","floor":1.0,"turns":6.0},{"damage":7.0,"enemies":"Jaw Worm","floor":2.0,"turns":4.0},{"damage":2.0,"enemies":"Cultist","floor":4.0,"turns":4.0},{"damage":17.0,"enemies":"Large Slime","floor":5.0,"turns":9.0},{"damage":25.0,"enemies":"Lagavulin","floor":6.0,"turns":8.0},{"damage":0.0,"enemies":"Blue Slaver","floor":8.0,"turns":4.0},{"damage":21.0,"enemies":"Gremlin Nob","floor":11.0,"turns":5.0},{"damage":9.0,"enemies":"3 Louse","floor":12.0,"turns":4.0},{"damage":3.0,"enemies":"2 Fungi Beasts","floor":14.0,"turns":3.0},{"damage":24.0,"enemies":"Hexaghost","floor":16.0,"turns":8.0},{"damage":19.0,"enemies":"2 Thieves","floor":18.0,"turns":5.0},{"damage":29.0,"enemies":"Slavers","floor":24.0,"turns":6.0},{"damage":15.0,"enemies":"Colosseum Slavers","floor":27.0,"turns":5.0},{"damage":11,"enemies":"Chosen","floor":29,"turns":5},{"damage":13,"enemies":"Snecko","floor":31,"turns":6},{"damage":16,"enemies":"Champ","floor":33,"turns":8},{"damage":24,"enemies":"Orb Walker","floor":35,"turns":6},{"damage":16,"enemies":"3 Darklings","floor":36,"turns":5},{"damage":25,"enemies":"Sphere and 2 Shapes","floor":44,"turns":5},{"damage":15,"enemies":"4 Shapes","floor":45,"turns":7},{"damage":6,"enemies":"Spire Growth","floor":46,"turns":6},{"damage":24,"enemies":"Maw","floor":48,"turns":7},{"damage":61,"enemies":"Awakened One","floor":50,"turns":4}],"seed_played":"3562912075590416861","potions_obtained":[{"floor":6.0,"key":"FearPotion"},{"floor":8.0,"key":"Swift Potion"},{"floor":14.0,"key":"EssenceOfSteel"},{"floor":16.0,"key":"Strength Potion"},{"floor":31,"key":"Explosive Potion"},{"floor":33,"key":"Block Potion"},{"floor":36,"key":"Fruit Juice"},{"floor":44,"key":"Block Potion"},{"floor":48,"key":"SmokeBomb"}],"is_trial":false,"path_per_floor":["M","M","?","M","M","E","R","M","T","R","E","M","R","M","R","B",null,"M","$","?","?","T","R","E","R","T","?","?","M","R","M","R","B",null,"M","M","?","?","?","R","?","R","T","M","M","M","?","M","R","B"],"character_chosen":"THE_SILENT","items_purchased":["GhostInAJar","Noxious Fumes"],"campfire_rested":8,"item_purchase_floors":[19,19],"current_hp_per_floor":[63,56,56,54,37,12,33,33,33,54,33,26,47,46,46,24,59,42,42,42,42,42,42,15,36,36,23,23,14,35,24,45,31,60,38,24,24,24,24,45,45,45,45,27,14,10,10,37,59,0],"gold":285,"neow_bonus":"ONE_RANDOM_RARE_CARD","is_prod":false,"is_daily":false,"chose_seed":false,"campfire_upgraded":3,"win_rate":0,"timestamp":1547114205,"path_taken":["M","M","?","M","M","E","R","M","T","R","E","M","R","M","R","BOSS","M","$","?","?","?","R","E","R","T","?","?","M","R","M","R","BOSS","M","M","?","?","?","R","?","R","T","M","M","M","?","M","R","BOSS"],"build_version":"2019-01-03v4","purchased_purges":1,"victory":false,"max_hp_per_floor":[70,70,70,70,70,70,70,70,70,70,70,70,70,70,70,70,70,70,70,70,70,70,70,70,70,70,70,70,70,70,70,70,70,70,70,70,70,70,70,70,70,70,70,75,75,75,75,75,75,75],"card_choices":[{"not_picked":["Bane","Backflip"],"picked":"Deadly Poison","floor":1.0},{"not_picked":["Caltrops","Outmaneuver"],"picked":"Dagger Spray","floor":2.0},{"not_picked":["Underhanded Strike","Backflip"],"picked":"Caltrops","floor":4.0},{"not_picked":["Dodge and Roll","Deflect"],"picked":"Dash","floor":5.0},{"not_picked":["Expertise","Choke"],"picked":"Noxious Fumes","floor":6.0},{"not_picked":["Terror","Flechettes"],"picked":"Sucker Punch","floor":8.0},{"not_picked":["Calculated Gamble","Deflect"],"picked":"Noxious Fumes","floor":11.0},{"not_picked":["Dagger Spray","Flechettes"],"picked":"Catalyst","floor":12.0},{"not_picked":["Noxious Fumes","Cloak And Dagger"],"picked":"PiercingWail","floor":14.0},{"not_picked":["Burst","Wraith Form v2"],"picked":"Bullet Time","floor":16.0},{"not_picked":["Outmaneuver"],"picked":"SKIP","floor":18.0},{"not_picked":[],"picked":"Backflip","floor":24.0},{"not_picked":["Flying Knee"],"picked":"SKIP","floor":29},{"not_picked":["PiercingWail"],"picked":"SKIP","floor":29},{"not_picked":["Bane"],"picked":"SKIP","floor":31},{"not_picked":["Riddle With Holes"],"picked":"SKIP","floor":31},{"not_picked":[],"picked":"After Image","floor":33},{"not_picked":["Underhanded Strike"],"picked":"SKIP","floor":35},{"not_picked":["Prepared"],"picked":"SKIP","floor":35},{"not_picked":[],"picked":"Prepared","floor":35},{"not_picked":["Underhanded Strike"],"picked":"SKIP","floor":35},{"not_picked":["Underhanded Strike"],"picked":"SKIP","floor":36},{"not_picked":["Setup"],"picked":"SKIP","floor":36},{"not_picked":["Reflex"],"picked":"Backflip+1","floor":44},{"not_picked":["PiercingWail+1","Dagger Spray"],"picked":"SKIP","floor":44},{"not_picked":["Concentrate+1","Acrobatics+1"],"picked":"SKIP","floor":45},{"not_picked":["Underhanded Strike","Deadly Poison"],"picked":"SKIP","floor":45},{"not_picked":["Bane","Setup"],"picked":"SKIP","floor":46},{"not_picked":["Flechettes","Slice"],"picked":"SKIP","floor":46},{"not_picked":["Blade Dance"],"picked":"Terror","floor":48},{"not_picked":["Storm of Steel","Acrobatics"],"picked":"SKIP","floor":48}],"player_experience":670690,"relics_obtained":[{"floor":6.0,"key":"Potion Belt"},{"floor":9.0,"key":"Bag of Marbles"},{"floor":11.0,"key":"Blood Vial"},{"floor":22.0,"key":"Prayer Wheel"},{"floor":24.0,"key":"Smiling Mask"},{"floor":26.0,"key":"Orichalcum"},{"floor":43,"key":"Question Card"}],"event_choices":[{"damage_healed":0.0,"max_hp_gain":0.0,"max_hp_loss":0.0,"gold_gain":0.0,"event_name":"Golden Idol","player_choice":"Ignored","floor":3.0,"gold_loss":0.0,"damage_taken":0.0},{"damage_healed":0.0,"max_hp_gain":0.0,"max_hp_loss":0.0,"gold_gain":0.0,"event_name":"Addict","player_choice":"Obtained Relic","floor":20.0,"gold_loss":85.0,"damage_taken":0.0,"relics_obtained":["Juzu Bracelet"]},{"damage_healed":0.0,"max_hp_gain":0.0,"max_hp_loss":0.0,"gold_gain":0.0,"cards_transformed":["Strike_G","Strike_G"],"event_name":"Drug Dealer","player_choice":"Became Test Subject","floor":21.0,"gold_loss":0.0,"damage_taken":0.0,"cards_obtained":["Noxious Fumes","Tactician"]},{"damage_healed":0.0,"max_hp_gain":0.0,"max_hp_loss":0.0,"gold_gain":0.0,"event_name":"Colosseum","player_choice":"Fight","floor":27.0,"gold_loss":0.0,"damage_taken":0.0},{"damage_healed":0.0,"max_hp_gain":0.0,"max_hp_loss":0.0,"gold_gain":0.0,"event_name":"Colosseum","player_choice":"Fled From Nobs","floor":27.0,"gold_loss":0.0,"damage_taken":0.0},{"damage_healed":0.0,"max_hp_gain":0.0,"max_hp_loss":0.0,"gold_gain":0.0,"event_name":"Back to Basics","player_choice":"Simplicity","floor":28.0,"gold_loss":0.0,"damage_taken":0.0,"cards_upgraded":["Defend_G","Defend_G","Defend_G","Defend_G","Defend_G","Strike_G","Strike_G"]},{"cards_removed":["Sucker Punch"],"damage_healed":0,"gold_gain":0,"player_choice":"Removed Attack","damage_taken":0,"max_hp_gain":0,"max_hp_loss":0,"event_name":"Falling","floor":37,"gold_loss":0},{"damage_healed":0,"gold_gain":0,"player_choice":"Ignored","damage_taken":0,"max_hp_gain":0,"max_hp_loss":0,"event_name":"Mysterious Sphere","floor":38,"gold_loss":0},{"damage_healed":0,"gold_gain":0,"cards_transformed":["Defend_G"],"player_choice":"Transformed","damage_taken":0,"max_hp_gain":0,"max_hp_loss":0,"event_name":"Transmorgrifier","floor":39,"gold_loss":0,"cards_obtained":["Sucker Punch"]},{"damage_healed":0,"gold_gain":0,"player_choice":"Ignored","damage_taken":0,"max_hp_gain":0,"max_hp_loss":0,"event_name":"Tomb of Lord Red Mask","floor":41,"gold_loss":0},{"cards_removed":["Defend_G"],"damage_healed":0,"gold_gain":0,"player_choice":"Purged","damage_taken":0,"max_hp_gain":0,"max_hp_loss":0,"event_name":"Purifier","floor":47,"gold_loss":0}],"is_beta":false,"boss_relics":[{"not_picked":["Velvet Choker","Empty Cage"],"picked":"Busted Crown"},{"not_picked":["Snecko Eye","Cursed Key"],"picked":"Lizard Tail"}],"items_purged_floors":[19],"is_endless":false,"potions_floor_spawned":[6,8,14,16,27,31,33,36,44,48],"killed_by":"Awakened One","ascension_level":13}