{"gold_per_floor":[110,128,128,140,155,182,182,182,182,240,240,270,285,313,313,409,409,423,442,266,266,266,293,1,26,49,77,77,77,96,108,108,206,206,225,237,292,310,60,60,91,107,107,133,133,30,30,46,46,46,46,46,23,53,53],"floor_reached":55,"playtime":5773,"items_purged":["Strike_G","Strike_G","Strike_G","Strike_G"],"score":1139,"play_id":"33c0de47-9be2-42e3-bd3e-6babe650aece","local_time":"20190729221338","is_ascension_mode":true,"campfire_choices":[{"data":"Dagger Spray","floor":8,"key":"SMITH"},{"floor":11,"key":"REST"},{"floor":15,"key":"REST"},{"data":"Noxious Fumes","floor":29,"key":"SMITH"},{"data":"Ghostly","floor":32,"key":"SMITH"},{"data":"Ghostly","floor":40,"key":"SMITH"},{"data":"Ghostly","floor":47,"key":"SMITH"},{"floor":49,"key":"RECALL"},{"data":"Noxious Fumes","floor":52,"key":"SMITH"}],"neow_cost":"NONE","seed_source_timestamp":1214115167365400,"circlet_count":0,"master_deck":["Strike_G","Defend_G","Defend_G","Defend_G","Defend_G","Defend_G","Survivor","Neutralize","Deadly Poison","Sucker Punch+1","Dagger Spray+1","Bane","Deadly Poison","Bullet Time","Noxious Fumes+1","Quick Slash","Poisoned Stab","Wraith Form v2","Dagger Spray+1","Poisoned Stab","Dash","Ghostly+1","Ghostly+1","Ghostly","Ghostly+1","Ghostly","Bouncing Flask+1","Cloak And Dagger","Calculated Gamble","Backflip","Deadly Poison","Adrenaline","Flying Knee+1","Flying Knee+1","Dodge and Roll","Dagger Throw","Blind","Quick Slash","Noxious Fumes+1","Catalyst+1","Dagger Throw","Cloak And Dagger","PiercingWail+1"],"relics":["Ring of the Snake","Ninja Scroll","Ornamental Fan","Paper Crane","Tiny Chest","Oddly Smooth Stone","Smiling Mask","Coffee Dripper","Bird Faced Urn","Sling","Vajra","Letter Opener","Kunai","Eternal Feather","Nunchaku","Sundial","Shuriken","Meat on the Bone","Lantern"],"potions_floor_usage":[14,16,23,33,41,50,50,55,55],"damage_taken":[{"damage":3,"enemies":"2 Louse","floor":1,"turns":3},{"damage":0,"enemies":"Cultist","floor":2,"turns":4},{"damage":0,"enemies":"Jaw Worm","floor":4,"turns":5},{"damage":11,"enemies":"2 Fungi Beasts","floor":5,"turns":3},{"damage":20,"enemies":"Gremlin Nob","floor":6,"turns":4},{"damage":14,"enemies":"Lagavulin","floor":10,"turns":5},{"damage":3,"enemies":"3 Sentries","floor":12,"turns":6},{"damage":14,"enemies":"Large Slime","floor":13,"turns":3},{"damage":14,"enemies":"Lagavulin","floor":14,"turns":4},{"damage":32,"enemies":"Slime Boss","floor":16,"turns":8},{"damage":1,"enemies":"Shell Parasite","floor":18,"turns":3},{"damage":18,"enemies":"Spheric Guardian","floor":19,"turns":4},{"damage":8,"enemies":"Gremlin Leader","floor":23,"turns":6},{"damage":0,"enemies":"Slavers","floor":25,"turns":5},{"damage":0,"enemies":"Gremlin Leader","floor":27,"turns":4},{"damage":1,"enemies":"Centurion and Healer","floor":30,"turns":4},{"damage":3,"enemies":"Shelled Parasite and Fungi","floor":31,"turns":4},{"damage":3,"enemies":"Champ","floor":33,"turns":11},{"damage":2,"enemies":"3 Shapes","floor":35,"turns":4},{"damage":0,"enemies":"Orb Walker","floor":36,"turns":3},{"damage":9,"enemies":"2 Orb Walkers","floor":37,"turns":6},{"damage":0,"enemies":"Jaw Worm Horde","floor":38,"turns":5},{"damage":9,"enemies":"Nemesis","floor":41,"turns":9},{"damage":3,"enemies":"Maw","floor":42,"turns":7},{"damage":20,"enemies":"Reptomancer","floor":44,"turns":5},{"damage":0,"enemies":"Transient","floor":48,"turns":5},{"damage":32,"enemies":"Awakened One","floor":50,"turns":15},{"damage":2,"enemies":"Shield and Spear","floor":54,"turns":7},{"damage":76,"enemies":"The Heart","floor":55,"turns":5}],"seed_played":"6530651236986129568","potions_obtained":[{"floor":1,"key":"Swift Potion"},{"floor":5,"key":"FearPotion"},{"floor":10,"key":"Strength Potion"},{"floor":12,"key":"Poison Potion"},{"floor":19,"key":"Fruit Juice"},{"floor":23,"key":"AttackPotion"},{"floor":36,"key":"Block Potion"},{"floor":48,"key":"Energy Potion"},{"floor":54,"key":"LiquidBronze"}],"is_trial":false,"path_per_floor":["M","M","?","M","M","E","?","R","T","E","R","E","M","E","R","B",null,"M","M","$","?","?","E","$","E","T","E","T","R","M","M","R","B",null,"M","M","?","M","$","R","E","M","T","E","?","$","R","M","R","B",null,"R","$","E","B"],"character_chosen":"THE_SILENT","items_purchased":["Dash","Energy Potion","Sling","Cloak And Dagger","Dagger Throw","Blind","Quick Slash","Dagger Throw","Cloak And Dagger"],"campfire_rested":2,"item_purchase_floors":[20,20,24,24,39,39,39,46,53],"current_hp_per_floor":[67,67,67,67,56,36,36,36,36,22,45,42,28,14,37,5,59,58,40,40,40,38,35,35,37,37,37,37,37,38,37,37,36,41,41,41,34,38,38,43,34,37,37,21,21,21,43,43,43,27,39,43,43,42,0],"gold":53,"neow_bonus":"TEN_PERCENT_HP_BONUS","is_prod":false,"is_daily":false,"chose_seed":false,"campfire_upgraded":6,"win_rate":0,"timestamp":1564452818,"path_taken":["M","M","?","M","?","E","?","R","T","E","R","E","M","E","R","BOSS","M","M","$","?","?","E","$","E","T","E","?","R","M","M","R","BOSS","M","M","?","M","$","R","E","M","T","E","?","$","R","M","R","BOSS","R","$","E","BOSS"],"build_version":"2019-07-17","purchased_purges":4,"victory":false,"max_hp_per_floor":[77,77,77,77,77,77,77,77,77,77,77,77,77,77,77,77,77,77,77,77,77,38,43,43,43,43,43,43,43,43,43,43,43,43,43,43,43,43,43,43,43,43,43,43,43,43,43,43,43,43,43,43,43,43,43],"card_choices":[{"not_picked":["Distraction","Terror"],"picked":"Deadly Poison","floor":1},{"not_picked":["Tactician","Endless Agony"],"picked":"Sucker Punch","floor":2},{"not_picked":["Blade Dance","Quick Slash"],"picked":"Dagger Spray","floor":4},{"not_picked":["Choke","Outmaneuver"],"picked":"Bane","floor":5},{"not_picked":["Deflect","Eviscerate"],"picked":"Deadly Poison","floor":6},{"not_picked":["Footwork","Deflect"],"picked":"Bullet Time","floor":10},{"not_picked":["Dagger Spray","Distraction"],"picked":"Noxious Fumes","floor":12},{"not_picked":["Sucker Punch","Finisher"],"picked":"Quick Slash","floor":13},{"not_picked":["Deadly Poison","Dagger Spray"],"picked":"Poisoned Stab","floor":14},{"not_picked":["Grand Finale","Storm of Steel"],"picked":"Wraith Form v2","floor":16},{"not_picked":["Deflect+1","Tactician+1"],"picked":"Dagger Spray+1","floor":18},{"not_picked":["Quick Slash","Underhanded Strike"],"picked":"Poisoned Stab","floor":19},{"not_picked":["Endless Agony","Flying Knee"],"picked":"Bouncing Flask+1","floor":23},{"not_picked":["A Thousand Cuts","Infinite Blades"],"picked":"Calculated Gamble","floor":25},{"not_picked":["Quick Slash","Underhanded Strike"],"picked":"Backflip","floor":27},{"not_picked":["Distraction","Blur"],"picked":"Deadly Poison","floor":30},{"not_picked":["Outmaneuver","Dagger Throw","Blade Dance"],"picked":"SKIP","floor":31},{"not_picked":["After Image","A Thousand Cuts"],"picked":"Adrenaline","floor":33},{"not_picked":["Acrobatics","Outmaneuver+1"],"picked":"Flying Knee+1","floor":35},{"not_picked":["Reflex","Accuracy+1"],"picked":"Flying Knee+1","floor":36},{"not_picked":["Acrobatics","Deadly Poison"],"picked":"Dodge and Roll","floor":37},{"not_picked":["Phantasmal Killer","Dodge and Roll","Blade Dance"],"picked":"SKIP","floor":38},{"not_picked":["Prepared","Poisoned Stab"],"picked":"Noxious Fumes","floor":41},{"not_picked":["Reflex","Outmaneuver+1"],"picked":"Catalyst+1","floor":42},{"not_picked":["Dagger Spray+1","Sucker Punch","Skewer"],"picked":"SKIP","floor":44},{"not_picked":["Deflect+1","Concentrate+1","Dodge and Roll+1"],"picked":"SKIP","floor":48},{"not_picked":["Choke","Terror"],"picked":"PiercingWail+1","floor":54}],"player_experience":505327,"relics_obtained":[{"floor":6,"key":"Ninja Scroll"},{"floor":9,"key":"Paper Crane"},{"floor":10,"key":"Tiny Chest"},{"floor":12,"key":"Oddly Smooth Stone"},{"floor":14,"key":"Smiling Mask"},{"floor":23,"key":"Bird Faced Urn"},{"floor":25,"key":"Vajra"},{"floor":27,"key":"Letter Opener"},{"floor":28,"key":"Kunai"},{"floor":37,"key":"Nunchaku"},{"floor":41,"key":"Sundial"},{"floor":43,"key":"Shuriken"},{"floor":44,"key":"Meat on the Bone"},{"floor":54,"key":"Lantern"}],"event_choices":[{"damage_healed":0,"gold_gain":0,"player_choice":"Forge","damage_taken":0,"max_hp_gain":0,"max_hp_loss":0,"event_name":"Accursed Blacksmith","floor":3,"gold_loss":0,"cards_upgraded":["Sucker Punch"]},{"damage_healed":0,"gold_gain":0,"player_choice":"Searched \u00271\u0027 times","damage_taken":0,"relics_obtained":["Ornamental Fan"],"max_hp_gain":0,"max_hp_loss":0,"event_name":"Dead Adventurer","floor":7,"gold_loss":0},{"damage_healed":0,"gold_gain":0,"player_choice":"Ignored","damage_taken":0,"max_hp_gain":0,"max_hp_loss":0,"event_name":"Vampires","floor":21,"gold_loss":0},{"damage_healed":0,"gold_gain":0,"player_choice":"Became a Ghost","damage_taken":0,"max_hp_gain":0,"max_hp_loss":39,"event_name":"Ghosts","floor":22,"gold_loss":0,"cards_obtained":["Ghostly","Ghostly","Ghostly","Ghostly","Ghostly"]},{"damage_healed":0,"gold_gain":0,"player_choice":"Fight","damage_taken":0,"max_hp_gain":0,"max_hp_loss":0,"event_name":"Mysterious Sphere","floor":37,"gold_loss":0},{"damage_healed":0,"gold_gain":0,"player_choice":"Ignored","damage_taken":0,"max_hp_gain":0,"max_hp_loss":0,"event_name":"The Moai Head","floor":45,"gold_loss":0}],"is_beta":false,"boss_relics":[{"not_picked":["White Beast Statue","Fusion Hammer"],"picked":"Coffee Dripper"},{"not_picked":["Tiny House","HoveringKite"],"picked":"Eternal Feather"}],"items_purged_floors":[20,24,39,46],"is_endless":false,"potions_floor_spawned":[1,5,10,12,19,23,31,36,37,38,48,54],"killed_by":"The Heart","ascension_level":6}