{"gold_per_floor":[115,115,33,33,33,33,59,59,114,114,443,443,21,41,41,118,118,133,149,123,123,134,134,134,153,199,219,219,239,239,94,94,168,168,188,29,29,29,44,44,61,61,61,61,61,61,61],"floor_reached":47,"playtime":1474,"items_purged":["Parasite"],"score":860,"play_id":"9349bb14-7157-4d7d-b21f-66c681465955","local_time":"20180829210506","is_ascension_mode":true,"campfire_choices":[{"floor":6.0,"key":"REST"},{"data":"Pommel Strike","floor":8.0,"key":"SMITH"},{"data":"Metallicize","floor":12.0,"key":"SMITH"},{"data":"Armaments","floor":15.0,"key":"SMITH"},{"floor":23.0,"key":"REST"},{"floor":28.0,"key":"REST"},{"floor":32.0,"key":"REST"},{"floor":40,"key":"REST"},{"floor":42,"key":"REST"},{"data":"Barricade","floor":44,"key":"SMITH"}],"neow_cost":"NONE","seed_source_timestamp":19460939350036,"circlet_count":0,"master_deck":["Bash+1","AscendersBane","Pommel Strike+1","Metallicize+1","Inflame","Armaments+1","Offering","Battle Trance","Body Slam","Wild Strike","Blood for Blood+1","Intimidate","Twin Strike","Perfected Strike+1","Dual Wield+1","Shrug It Off","Whirlwind","Metallicize+1","Barricade+1","Flame Barrier+1","Limit Break","Madness","Madness","Flex","Impatience"],"special_seed":0,"relics":["Burning Blood","NeowsBlessing","Paper Frog","Bottled Tornado","Dream Catcher","Old Coin","Ornamental Fan","Pandora\u0027s Box","Bag of Preparation","Whetstone","Sozu","Torii"],"potions_floor_usage":[],"damage_taken":[{"damage":0.0,"enemies":"Jaw Worm","floor":1.0,"turns":1.0},{"damage":0.0,"enemies":"3 Sentries","floor":7.0,"turns":2.0},{"damage":0.0,"enemies":"Gremlin Nob","floor":11.0,"turns":1.0},{"damage":2.0,"enemies":"Cultist","floor":14.0,"turns":3.0},{"damage":62.0,"enemies":"Hexaghost","floor":16.0,"turns":12.0},{"damage":11.0,"enemies":"Shell Parasite","floor":18.0,"turns":4.0},{"damage":15.0,"enemies":"3 Byrds","floor":19.0,"turns":5.0},{"damage":10.0,"enemies":"Snecko","floor":22.0,"turns":3.0},{"damage":29.0,"enemies":"Sentry and Sphere","floor":25.0,"turns":6.0},{"damage":20.0,"enemies":"Shelled Parasite and Fungi","floor":27.0,"turns":4.0},{"damage":6.0,"enemies":"Centurion and Healer","floor":29.0,"turns":7.0},{"damage":56.0,"enemies":"Champ","floor":33.0,"turns":15.0},{"damage":14.0,"enemies":"Orb Walker","floor":35.0,"turns":5.0},{"damage":31,"enemies":"3 Darklings","floor":39,"turns":5},{"damage":10,"enemies":"4 Shapes","floor":41,"turns":9},{"damage":59,"enemies":"2 Orb Walkers","floor":47,"turns":3}],"seed_played":"2388553119245091789","potions_obtained":[{"floor":1.0,"key":"Swift Potion"},{"floor":7.0,"key":"Block Potion"},{"floor":29.0,"key":"Weak Potion"}],"is_trial":false,"path_per_floor":["M","?","$","?","?","R","E","R","T","?","E","R","$","M","R","B",null,"M","M","$","?","M","R","?","M","T","M","R","M","?","$","R","B",null,"M","$","?","?","M","R","M","R","T","R","?","?"],"character_chosen":"IRONCLAD","items_purchased":["Metallicize","Inflame","Ornamental Fan","Armaments","Shrug It Off","Whetstone","Limit Break"],"campfire_rested":6,"item_purchase_floors":[3,13,13,13,20,31,36],"current_hp_per_floor":[74,74,74,56,33,55,61,61,61,75,75,75,72,72,72,16,58,53,44,44,44,40,61,57,34,34,20,41,41,41,41,62,12,57,49,49,36,36,11,32,28,49,49,49,49,49,0],"gold":61,"neow_bonus":"THREE_ENEMY_KILL","is_prod":false,"is_daily":false,"chose_seed":false,"campfire_upgraded":4,"win_rate":0,"timestamp":1535565906,"path_taken":["M","?","?","?","?","R","E","R","T","?","E","R","$","M","R","BOSS","M","?","$","?","M","R","?","M","T","M","R","M","?","?","R","BOSS","M","$","?","?","M","R","?","R","T","R","?","?","E"],"build_version":"2018-08-23v2","purchased_purges":1,"victory":false,"max_hp_per_floor":[75,75,75,75,75,75,75,75,75,75,75,75,72,72,72,72,72,72,72,72,72,72,72,72,72,72,72,72,72,72,72,72,72,72,72,72,72,72,72,72,72,72,72,72,72,72,72],"card_choices":[{"not_picked":["Seeing Red","Headbutt"],"picked":"Pommel Strike","floor":1.0},{"not_picked":["Armaments","Headbutt","Heavy Blade"],"picked":"SKIP","floor":7.0},{"not_picked":["Blood for Blood","Perfected Strike","Havoc"],"picked":"SKIP","floor":11.0},{"not_picked":["Armaments","Entrench","Iron Wave"],"picked":"SKIP","floor":14.0},{"not_picked":["Dark Embrace","Fiend Fire"],"picked":"Offering","floor":16.0},{"not_picked":["Pommel Strike","Cleave"],"picked":"Dual Wield","floor":18.0},{"not_picked":["Pommel Strike","Armaments"],"picked":"Shrug It Off","floor":19.0},{"not_picked":["Power Through","Burning Pact","Reckless Charge"],"picked":"SKIP","floor":22.0},{"not_picked":["Disarm","Pommel Strike","Body Slam"],"picked":"SKIP","floor":25.0},{"not_picked":["Anger","Inflame"],"picked":"Whirlwind","floor":27.0},{"not_picked":["Dual Wield","Twin Strike","Pummel"],"picked":"SKIP","floor":29.0},{"not_picked":["Juggernaut","Berserk"],"picked":"Barricade","floor":33.0},{"not_picked":["Perfected Strike","Iron Wave"],"picked":"Flame Barrier+1","floor":35.0},{"not_picked":["Iron Wave","Wild Strike","Metallicize"],"picked":"SKIP","floor":39},{"not_picked":["Anger","Ghostly Armor+1"],"picked":"Flex","floor":40},{"not_picked":["Body Slam","Anger","Evolve"],"picked":"SKIP","floor":41},{"not_picked":["Jack Of All Trades","Transmutation"],"picked":"Impatience","floor":45}],"player_experience":447361,"relics_obtained":[{"floor":7.0,"key":"Bottled Tornado"},{"floor":9.0,"key":"Dream Catcher"},{"floor":11.0,"key":"Old Coin"},{"floor":26.0,"key":"Bag of Preparation"},{"floor":43,"key":"Torii"}],"event_choices":[{"event_name":"Wheel of Change","player_choice":"Card Removal","floor":2.0,"damage_taken":0.0},{"event_name":"Scrap Ooze","player_choice":"success","floor":4.0,"damage_taken":18.0},{"event_name":"Shining Light","player_choice":"Entered Light","floor":5.0,"damage_taken":0.0},{"event_name":"Mushrooms","player_choice":"Healed and dodged fight","floor":10.0,"damage_taken":0.0},{"event_name":"Back to Basics","player_choice":"Elegance","floor":21.0,"damage_taken":0.0},{"event_name":"The Woman in Blue","player_choice":"Bought 0 Potions","floor":24.0,"damage_taken":0.0},{"event_name":"Duplicator","player_choice":"One dupe","floor":30.0,"damage_taken":0.0},{"event_name":"Winding Halls","player_choice":"Embrace Madness","floor":37.0,"damage_taken":0.0},{"event_name":"Accursed Blacksmith","player_choice":"Forge","floor":38,"damage_taken":0},{"event_name":"SensoryStone","player_choice":"Memory 1","floor":45,"damage_taken":0},{"event_name":"Falling","player_choice":"Removed Skill","floor":46,"damage_taken":0}],"is_beta":false,"boss_relics":[{"not_picked":["Busted Crown","Black Star"],"picked":"Pandora\u0027s Box"},{"not_picked":["Fusion Hammer","Calling Bell"],"picked":"Sozu"}],"items_purged_floors":[13],"is_endless":false,"potions_floor_spawned":[1,7,14,18,25,29,41],"killed_by":"2 Orb Walkers","ascension_level":15}