{"gold_per_floor":[112,112,187,207,128,163,177,177,247,247,260,274,301,312,312,312],"floor_reached":16,"playtime":683,"items_purged":[],"score":118,"play_id":"06a42f09-63b9-4c6f-86bf-09d898a8f18b","local_time":"20180818004038","is_ascension_mode":true,"campfire_choices":[{"floor":8,"key":"REST"},{"floor":15,"key":"REST"}],"neow_cost":"","seed_source_timestamp":19445414707528,"circlet_count":0,"master_deck":["Strike_B","Strike_B","Strike_B","Defend_B","Defend_B","Defend_B","Defend_B","Zap","Dualcast","Leap","Gash","Self Repair","Cold Snap","Redo","Fusion","BootSequence","Sunder","Force Field"],"relics":["Cracked Core","Blood Vial","Omamori","Question Card","Centennial Puzzle"],"potions_floor_usage":[16,16],"damage_taken":[{"damage":11,"enemies":"Jaw Worm","floor":1,"turns":3},{"damage":1,"enemies":"2 Louse","floor":4,"turns":3},{"damage":35,"enemies":"3 Sentries","floor":6,"turns":8},{"damage":2,"enemies":"Cultist","floor":7,"turns":4},{"damage":10,"enemies":"3 Louse","floor":11,"turns":3},{"damage":11,"enemies":"Red Slaver","floor":12,"turns":5},{"damage":39,"enemies":"Lagavulin","floor":13,"turns":7},{"damage":10,"enemies":"Looter","floor":14,"turns":4},{"damage":56,"enemies":"The Guardian","floor":16,"turns":8}],"seed_played":"-5161581452535679244","potions_obtained":[{"floor":4,"key":"SneckoOil"},{"floor":11,"key":"Explosive Potion"},{"floor":14,"key":"Regen Potion"}],"is_trial":false,"path_per_floor":["M","?","?","M","$","E","M","R","T","?","M","M","E","M","R"],"character_chosen":"DEFECT","items_purchased":["Self Repair"],"campfire_rested":2,"item_purchase_floors":[5],"current_hp_per_floor":[64,57,46,47,47,21,28,50,50,43,42,40,10,9,31,0],"gold":312,"neow_bonus":"","is_prod":false,"is_daily":false,"chose_seed":false,"campfire_upgraded":0,"win_rate":0,"timestamp":1534549238,"path_taken":["M","?","?","?","$","E","M","R","T","?","M","?","E","M","R","BOSS"],"build_version":"2018-08-16","purchased_purges":0,"victory":false,"max_hp_per_floor":[75,75,75,75,75,75,75,75,75,75,75,75,75,75,75,75],"card_choices":[{"not_picked":["Rebound","Compile Driver"],"picked":"Leap","floor":1},{"not_picked":["Barrage","Hologram"],"picked":"Gash","floor":4},{"not_picked":["Stack","Barrage"],"picked":"Cold Snap","floor":6},{"not_picked":["Rebound","Sweeping Beam"],"picked":"Redo","floor":7},{"not_picked":["Compile Driver","Buffer","Doom and Gloom"],"picked":"Fusion","floor":11},{"not_picked":["Barrage","Streamline","Hologram"],"picked":"BootSequence","floor":12},{"not_picked":["Rebound","Hologram","Machine Learning"],"picked":"Sunder","floor":13},{"not_picked":["Stack","Leap","Hologram"],"picked":"Force Field","floor":14}],"player_experience":109412,"relics_obtained":[{"floor":6,"key":"Omamori"},{"floor":9,"key":"Question Card"},{"floor":13,"key":"Centennial Puzzle"}],"event_choices":[{"event_name":"Scrap Ooze","player_choice":"success","floor":2,"damage_taken":7},{"event_name":"World of Goop","player_choice":"Gather Gold","floor":3,"damage_taken":0},{"event_name":"Golden Wing","player_choice":"Card Removal","floor":10,"damage_taken":0}],"is_beta":false,"boss_relics":[],"items_purged_floors":[],"is_endless":false,"potions_floor_spawned":[4,11,14],"killed_by":"The Guardian","ascension_level":1}