{"gold_per_floor":[110,130,144,164,177,177,208,208,231,231,243,99,125,125,125,125],"floor_reached":16,"playtime":1503,"items_purged":["Strike_R"],"score":112,"play_id":"f15e8e95-9291-4e8f-b61f-ba0f25153ea4","local_time":"20190602230748","is_ascension_mode":false,"campfire_choices":[{"data":"Bash","floor":6,"key":"SMITH"},{"floor":8,"key":"REST"},{"data":"True Grit","floor":10,"key":"SMITH"},{"data":"Armaments","floor":15,"key":"SMITH"}],"neow_cost":"NONE","seed_source_timestamp":34418472054222,"circlet_count":0,"master_deck":["Strike_R","Strike_R","Strike_R","Defend_R","Defend_R","Defend_R","Defend_R","Bash+1","Headbutt","Ghostly Armor","Armaments+1","True Grit+1","Pommel Strike","Twin Strike","Uppercut","Pummel"],"relics":["Burning Blood","Strawberry","Incense Burner","Dream Catcher","Omamori"],"potions_floor_usage":[13],"damage_taken":[{"damage":7,"enemies":"2 Louse","floor":1,"turns":2},{"damage":5,"enemies":"Cultist","floor":2,"turns":4},{"damage":1,"enemies":"Jaw Worm","floor":3,"turns":4},{"damage":17,"enemies":"Large Slime","floor":4,"turns":8},{"damage":16,"enemies":"Lots of Slimes","floor":5,"turns":6},{"damage":36,"enemies":"3 Sentries","floor":7,"turns":18},{"damage":23,"enemies":"Gremlin Gang","floor":11,"turns":8},{"damage":12,"enemies":"Lagavulin","floor":13,"turns":9},{"damage":40,"enemies":"Slime Boss","floor":16,"turns":10}],"seed_played":"-6507920276734538945","potions_obtained":[{"floor":1,"key":"Dexterity Potion"},{"floor":5,"key":"Weak Potion"}],"is_trial":false,"path_per_floor":["M","M","M","M","M","R","E","R","T","R","M","$","E","?","R","B"],"character_chosen":"IRONCLAD","items_purchased":["Uppercut"],"campfire_rested":1,"item_purchase_floors":[12],"current_hp_per_floor":[86,87,87,76,66,66,36,62,62,62,45,45,39,39,39,0],"gold":125,"neow_bonus":"RANDOM_COMMON_RELIC","is_prod":false,"is_daily":false,"chose_seed":false,"campfire_upgraded":3,"win_rate":0,"timestamp":1559509668,"path_taken":["M","M","M","M","M","R","E","R","T","R","M","$","E","?","R","BOSS"],"build_version":"2019-01-23","purchased_purges":1,"victory":false,"max_hp_per_floor":[87,87,87,87,87,87,87,87,87,87,87,87,87,87,87,87],"card_choices":[{"not_picked":["Bloodletting","Pommel Strike"],"picked":"Headbutt","floor":1},{"not_picked":["Wild Strike","Cleave"],"picked":"Ghostly Armor","floor":2},{"not_picked":["Iron Wave","True Grit"],"picked":"Armaments","floor":3},{"not_picked":["Heavy Blade","Armaments"],"picked":"True Grit","floor":4},{"not_picked":["Limit Break","Bloodletting","Body Slam"],"picked":"SKIP","floor":5},{"not_picked":["Dropkick","Heavy Blade"],"picked":"Pommel Strike","floor":7},{"not_picked":["Havoc","True Grit"],"picked":"Twin Strike","floor":11},{"not_picked":["Brutality","Pommel Strike","Iron Wave"],"picked":"SKIP","floor":13}],"player_experience":385327,"relics_obtained":[{"floor":7,"key":"Incense Burner"},{"floor":9,"key":"Dream Catcher"},{"floor":13,"key":"Omamori"}],"event_choices":[{"damage_healed":0,"gold_gain":0,"cards_transformed":["Strike_R"],"player_choice":"Transformed","damage_taken":0,"max_hp_gain":0,"max_hp_loss":0,"event_name":"Transmorgrifier","floor":14,"gold_loss":0,"cards_obtained":["Pummel"]}],"is_beta":false,"boss_relics":[],"items_purged_floors":[12],"is_endless":false,"potions_floor_spawned":[1,5],"killed_by":"Slime Boss","ascension_level":0}