{"gold_per_floor":[117,117,117,117,117,117,90,114,114,114,133,133,164,177,177,177],"floor_reached":16,"playtime":390,"items_purged":[],"score":98,"play_id":"1d9cf139-827f-416e-a4c8-00698c3219e5","local_time":"20180828171207","is_ascension_mode":false,"campfire_choices":[{"data":"Double Tap","floor":6,"key":"SMITH"},{"data":"Infernal Blade","floor":10,"key":"SMITH"},{"data":"Pummel","floor":12,"key":"SMITH"},{"floor":15,"key":"REST"}],"neow_cost":"TEN_PERCENT_HP_LOSS","seed_source_timestamp":37053900733958,"circlet_count":0,"master_deck":["Strike_R","Strike_R","Strike_R","Strike_R","Strike_R","Defend_R","Defend_R","Defend_R","Bash","Double Tap+1","Intimidate","Infernal Blade+1","Pummel+1"],"relics":["Burning Blood","The Courier","Golden Idol","Question Card","Thread and Needle","Regal Pillow"],"potions_floor_usage":[16,16,16],"damage_taken":[{"damage":18,"enemies":"2 Louse","floor":1,"turns":3},{"damage":7,"enemies":"Small Slimes","floor":8,"turns":2},{"damage":0,"enemies":"Cultist","floor":11,"turns":2},{"damage":32,"enemies":"3 Sentries","floor":13,"turns":10},{"damage":3,"enemies":"Looter","floor":14,"turns":2},{"damage":76,"enemies":"Slime Boss","floor":16,"turns":10}],"seed_played":"-6160817083155714214","potions_obtained":[{"floor":1,"key":"Dexterity Potion"},{"floor":11,"key":"Swift Potion"},{"floor":14,"key":"Regen Potion"}],"is_trial":false,"path_per_floor":["M","?","?","?","T","R","$","M","T","R","M","R","E","M","R"],"character_chosen":"IRONCLAD","items_purchased":["Infernal Blade"],"campfire_rested":1,"item_purchase_floors":[7],"current_hp_per_floor":[60,60,42,42,42,42,42,41,41,41,47,47,21,24,59,0],"gold":177,"neow_bonus":"THREE_RARE_CARDS","is_prod":false,"is_daily":false,"chose_seed":false,"campfire_upgraded":3,"win_rate":0,"timestamp":1535501527,"path_taken":["M","?","?","?","?","R","$","?","T","R","M","R","E","M","R","BOSS"],"build_version":"2018-08-23v2","purchased_purges":0,"victory":false,"max_hp_per_floor":[72,72,72,67,67,67,67,67,67,67,67,67,67,67,67,67],"card_choices":[{"not_picked":["Bludgeon","Brutality"],"picked":"Double Tap","floor":0},{"not_picked":["Intimidate","Shrug It Off","Perfected Strike"],"picked":"SKIP","floor":1},{"not_picked":["Disarm","Anger","True Grit","Wild Strike"],"picked":"SKIP","floor":8},{"not_picked":["Sword Boomerang","Disarm","Thunderclap"],"picked":"Pummel","floor":11},{"not_picked":["Battle Trance","Thunderclap","Burning Pact","Wild Strike"],"picked":"SKIP","floor":13},{"not_picked":["Wild Strike","Sever Soul","Warcry","Clothesline"],"picked":"SKIP","floor":14}],"player_experience":218552,"relics_obtained":[{"floor":5,"key":"Question Card"},{"floor":9,"key":"Thread and Needle"},{"floor":13,"key":"Regal Pillow"}],"event_choices":[{"event_name":"Living Wall","player_choice":"Change","floor":2,"damage_taken":0},{"event_name":"Scrap Ooze","player_choice":"success","floor":3,"damage_taken":18},{"event_name":"Golden Idol","player_choice":"Lose Max HP","floor":4,"damage_taken":0}],"is_beta":false,"boss_relics":[],"items_purged_floors":[],"is_endless":false,"potions_floor_spawned":[1,11,14],"killed_by":"Slime Boss","ascension_level":0}