{"gold_per_floor":[109,109,86,86,10,45,62,62,62,62],"floor_reached":10,"playtime":336,"items_purged":[],"score":89,"play_id":"f68090f2-69cc-4571-b422-9d035c6fbf4e","local_time":"20190805213341","is_ascension_mode":false,"campfire_choices":[],"neow_cost":"NONE","seed_source_timestamp":471565325640118,"circlet_count":0,"master_deck":["Strike_G","Strike_G+1","Strike_G","Strike_G","Strike_G+1","Defend_G","Defend_G","Defend_G","Defend_G","Defend_G","Survivor","Neutralize","Prepared","Backflip","Escape Plan","Escape Plan","Expertise"],"relics":["Ring of the Snake","NeowsBlessing","PreservedInsect","Bottled Lightning","Orichalcum"],"potions_floor_usage":[],"damage_taken":[{"damage":0,"enemies":"Small Slimes","floor":1,"turns":1},{"damage":0,"enemies":"Lagavulin","floor":6,"turns":1},{"damage":0,"enemies":"2 Louse","floor":7,"turns":1},{"damage":83,"enemies":"Gremlin Nob","floor":10,"turns":5}],"seed_played":"3355816358524895732","potions_obtained":[{"floor":1,"key":"SpeedPotion"}],"is_trial":false,"path_per_floor":["M","?","$","?","$","E","M","T","T","E"],"character_chosen":"THE_SILENT","items_purchased":["Backflip","Escape Plan"],"campfire_rested":0,"item_purchase_floors":[3,5],"current_hp_per_floor":[70,70,70,56,56,56,56,56,56,0],"gold":62,"neow_bonus":"THREE_ENEMY_KILL","is_prod":false,"is_daily":false,"chose_seed":false,"campfire_upgraded":0,"win_rate":0.0,"timestamp":1565055221,"path_taken":["M","?","$","?","$","E","M","?","T","E"],"build_version":"2019-07-17","purchased_purges":0,"victory":false,"max_hp_per_floor":[70,70,70,70,70,70,70,70,70,70],"card_choices":[{"not_picked":["Riddle With Holes","Blade Dance"],"picked":"Dagger Throw","floor":1},{"not_picked":["Deadly Poison","Dagger Throw"],"picked":"Escape Plan","floor":6},{"not_picked":["Quick Slash","Outmaneuver"],"picked":"Expertise","floor":7}],"player_experience":16943,"relics_obtained":[{"floor":6,"key":"PreservedInsect"},{"floor":8,"key":"Bottled Lightning"},{"floor":9,"key":"Orichalcum"}],"event_choices":[{"damage_healed":0,"gold_gain":0,"cards_transformed":["Dagger Throw"],"player_choice":"Change","damage_taken":0,"max_hp_gain":0,"max_hp_loss":0,"event_name":"Living Wall","floor":2,"gold_loss":0,"cards_obtained":["Prepared"]},{"damage_healed":0,"gold_gain":0,"player_choice":"Entered Light","damage_taken":14,"max_hp_gain":0,"max_hp_loss":0,"event_name":"Shining Light","floor":4,"gold_loss":0,"cards_upgraded":["Strike_G","Strike_G"]}],"is_beta":false,"boss_relics":[],"items_purged_floors":[],"is_endless":false,"potions_floor_spawned":[1],"killed_by":"Gremlin Nob","ascension_level":0}