{"gold_per_floor":[110,122,136,148,210,243,243,300,327,327,327,345,374,388,388,484,484,501,501,514,529,549,577,577,591,591,591,131,144,244,270,270,375,375,390,402,412,412,160,192,204,236,248,272,309,321,333,445,457,469,481,493,62,90,90],"floor_reached":55,"playtime":1704,"items_purged":["Strike_R","Strike_R"],"score":842,"play_id":"f0ef03b6-729b-4b31-8a21-a831d6126a35","local_time":"20190715230927","is_ascension_mode":true,"campfire_choices":[{"data":"Carnage","floor":7.0,"key":"SMITH"},{"data":"Fiend Fire","floor":11.0,"key":"SMITH"},{"data":"Bash","floor":15.0,"key":"SMITH"},{"data":"Bludgeon","floor":24.0,"key":"SMITH"},{"data":"Shrug It Off","floor":27.0,"key":"SMITH"},{"floor":32.0,"key":"REST"},{"data":"Limit Break","floor":41.0,"key":"SMITH"},{"floor":47.0,"key":"REST"},{"floor":49.0,"key":"RECALL"},{"data":"Metallicize","floor":52.0,"key":"SMITH"}],"neow_cost":"NONE","seed_source_timestamp":51377475673700,"circlet_count":0,"master_deck":["Strike_R","Strike_R","Strike_R","Defend_R","Defend_R+1","Defend_R","Defend_R","Bash+1","Twin Strike","Carnage+1","Fiend Fire+1","Bludgeon+1","Spot Weakness+1","Shrug It Off+1","Limit Break+1","Metallicize+1","Spot Weakness","Limit Break+1","Shrug It Off"],"special_seed":0,"relics":["Burning Blood","NeowsBlessing","Regal Pillow","Pen Nib","Blood Vial","Juzu Bracelet","Velvet Choker","Paper Frog","Omamori","Bag of Preparation","Singing Bowl","Champion Belt","Blue Candle","Meat on the Bone","Busted Crown","WarpedTongs","MawBank","Centennial Puzzle","Ginger","Self Forming Clay","War Paint","FossilizedHelix"],"potions_floor_usage":[55,55,55],"damage_taken":[{"damage":0.0,"enemies":"Cultist","floor":1.0,"turns":1.0},{"damage":0.0,"enemies":"Jaw Worm","floor":2.0,"turns":1.0},{"damage":0.0,"enemies":"2 Louse","floor":3.0,"turns":1.0},{"damage":25.0,"enemies":"Large Slime","floor":4.0,"turns":6.0},{"damage":36.0,"enemies":"3 Sentries","floor":6.0,"turns":7.0},{"damage":13.0,"enemies":"3 Sentries","floor":8.0,"turns":4.0},{"damage":9.0,"enemies":"Blue Slaver","floor":12.0,"turns":3.0},{"damage":21.0,"enemies":"Lagavulin","floor":13.0,"turns":5.0},{"damage":5.0,"enemies":"Looter","floor":14.0,"turns":2.0},{"damage":40.0,"enemies":"Hexaghost","floor":16.0,"turns":8.0},{"damage":5.0,"enemies":"Spheric Guardian","floor":18.0,"turns":3.0},{"damage":15.0,"enemies":"Shell Parasite","floor":20.0,"turns":3.0},{"damage":10.0,"enemies":"Cultist and Chosen","floor":21.0,"turns":3.0},{"damage":15.0,"enemies":"Centurion and Healer","floor":22.0,"turns":4.0},{"damage":34.0,"enemies":"Book of Stabbing","floor":23.0,"turns":4.0},{"damage":0.0,"enemies":"Snecko","floor":25.0,"turns":2.0},{"damage":5.0,"enemies":"Snake Plant","floor":29.0,"turns":2.0},{"damage":12.0,"enemies":"Colosseum Slavers","floor":30.0,"turns":2.0},{"damage":14.0,"enemies":"Colosseum Nobs","floor":30.0,"turns":3.0},{"damage":23.0,"enemies":"Slavers","floor":31.0,"turns":7.0},{"damage":80.0,"enemies":"Automaton","floor":33.0,"turns":12.0},{"damage":0.0,"enemies":"3 Shapes","floor":35.0,"turns":3.0},{"damage":8.0,"enemies":"3 Darklings","floor":36.0,"turns":5.0},{"damage":28.0,"enemies":"Writhing Mass","floor":37.0,"turns":5.0},{"damage":37.0,"enemies":"Giant Head","floor":40.0,"turns":6.0},{"damage":4.0,"enemies":"4 Shapes","floor":42.0,"turns":6.0},{"damage":21.0,"enemies":"3 Darklings","floor":44.0,"turns":4.0},{"damage":59.0,"enemies":"Nemesis","floor":45.0,"turns":5.0},{"damage":9.0,"enemies":"Mind Bloom Boss Battle","floor":48.0,"turns":5.0},{"damage":70.0,"enemies":"Donu and Deca","floor":50.0,"turns":7.0},{"damage":36.0,"enemies":"Shield and Spear","floor":54.0,"turns":5.0},{"damage":81,"enemies":"The Heart","floor":55,"turns":8}],"seed_played":"7056532514550275187","potions_obtained":[{"floor":4.0,"key":"LiquidBronze"},{"floor":6.0,"key":"SkillPotion"},{"floor":12.0,"key":"FearPotion"},{"floor":13.0,"key":"BloodPotion"},{"floor":18.0,"key":"BloodPotion"},{"floor":33.0,"key":"Strength Potion"},{"floor":45.0,"key":"PowerPotion"}],"is_trial":false,"path_per_floor":["M","M","M","M","?","E","R","?","T","?","R","M","E","M","R","B",null,"M","?","M","M","M","E","R","M","T","R","$","M","?","E","R","B",null,"M","M","M","?","$","E","R","M","T","M","E","?","R","?","R","B",null,"R","$","E","B"],"character_chosen":"IRONCLAD","items_purchased":["Bag of Preparation","Singing Bowl","Metallicize","Spot Weakness","Self Forming Clay","War Paint","Shrug It Off"],"campfire_rested":2,"item_purchase_floors":[28,28,39,39,53,53,53],"current_hp_per_floor":[80,80,80,61,61,31,31,24,24,29,29,28,15,18,18,7,85,85,85,76,74,67,41,41,49,49,49,49,54,46,33,75,37,91,93,93,75,75,75,60,60,66,66,67,30,30,76,77,77,27,107,107,107,79,0],"gold":90,"neow_bonus":"THREE_ENEMY_KILL","is_prod":false,"is_daily":false,"chose_seed":false,"campfire_upgraded":7,"win_rate":0,"timestamp":1563221367,"path_taken":["M","M","?","?","?","E","R","?","T","?","R","M","E","M","R","BOSS","M","?","M","M","M","E","R","M","T","R","$","M","?","E","R","BOSS","M","M","M","?","$","E","R","M","T","M","E","?","R","?","R","BOSS","R","$","E","BOSS"],"build_version":"2019-07-05","purchased_purges":2,"victory":false,"max_hp_per_floor":[80,80,80,80,80,80,80,80,80,85,85,85,85,85,85,85,85,85,85,85,85,85,85,85,85,85,85,85,87,89,91,91,91,91,93,95,97,97,97,99,99,101,101,103,105,105,105,107,107,107,107,107,107,109,109],"card_choices":[{"not_picked":["Armaments","Warcry"],"picked":"Twin Strike","floor":1.0},{"not_picked":["Flex","Infernal Blade"],"picked":"Carnage","floor":2.0},{"not_picked":["Clash","Blood for Blood","Perfected Strike"],"picked":"SKIP","floor":3.0},{"not_picked":["Clothesline","Thunderclap","Body Slam"],"picked":"SKIP","floor":4.0},{"not_picked":["Body Slam","Searing Blow"],"picked":"Fiend Fire","floor":6.0},{"not_picked":["Rage","Clothesline","Heavy Blade"],"picked":"SKIP","floor":12.0},{"not_picked":["Combust","Rampage","Fiend Fire"],"picked":"SKIP","floor":13.0},{"not_picked":["Pommel Strike","Clothesline","Headbutt"],"picked":"SKIP","floor":14.0},{"not_picked":["Brutality","Impervious"],"picked":"Bludgeon","floor":16.0},{"not_picked":["Intimidate","Clothesline","Sword Boomerang"],"picked":"SKIP","floor":18.0},{"not_picked":["Hemokinesis","Havoc","Armaments"],"picked":"SKIP","floor":20.0},{"not_picked":["Wild Strike","Perfected Strike","Blood for Blood+1"],"picked":"SKIP","floor":21.0},{"not_picked":["Ghostly Armor","Offering"],"picked":"Shrug It Off","floor":22.0},{"not_picked":["Iron Wave","Second Wind","Havoc+1"],"picked":"SKIP","floor":23.0},{"not_picked":["Havoc","Power Through+1","Second Wind"],"picked":"SKIP","floor":25.0},{"not_picked":["Headbutt+1","Sword Boomerang+1","True Grit"],"picked":"Singing Bowl","floor":29.0},{"not_picked":["Clash","Sever Soul+1","Headbutt+1"],"picked":"Singing Bowl","floor":30.0},{"not_picked":["Berserk","Perfected Strike+1","Twin Strike+1"],"picked":"Singing Bowl","floor":31.0},{"not_picked":["Brutality","Dark Embrace"],"picked":"Limit Break","floor":33.0},{"not_picked":["Second Wind"],"picked":"Singing Bowl","floor":35.0},{"not_picked":["Dual Wield"],"picked":"Singing Bowl","floor":36.0},{"not_picked":["Clash"],"picked":"Singing Bowl","floor":37.0},{"not_picked":["Armaments+1"],"picked":"Singing Bowl","floor":40.0},{"not_picked":["Wild Strike+1"],"picked":"Singing Bowl","floor":42.0},{"not_picked":["Flex"],"picked":"Singing Bowl","floor":44.0},{"not_picked":["Clothesline+1"],"picked":"Singing Bowl","floor":45.0},{"not_picked":["Sword Boomerang"],"picked":"Singing Bowl","floor":48.0},{"not_picked":["Twin Strike"],"picked":"Singing Bowl","floor":54.0}],"player_experience":1063708,"relics_obtained":[{"floor":6.0,"key":"Regal Pillow"},{"floor":8.0,"key":"Pen Nib"},{"floor":9.0,"key":"Blood Vial"},{"floor":13.0,"key":"Juzu Bracelet"},{"floor":23.0,"key":"Paper Frog"},{"floor":26.0,"key":"Omamori"},{"floor":30.0,"key":"Champion Belt"},{"floor":30.0,"key":"Blue Candle"},{"floor":31.0,"key":"Meat on the Bone"},{"floor":40.0,"key":"MawBank"},{"floor":45.0,"key":"Centennial Puzzle"},{"floor":48.0,"key":"Ginger"},{"floor":54.0,"key":"FossilizedHelix"}],"event_choices":[{"damage_healed":0.0,"max_hp_gain":0.0,"max_hp_loss":0.0,"gold_gain":62.0,"event_name":"Golden Wing","player_choice":"Gained Gold","floor":5.0,"gold_loss":0.0,"damage_taken":0.0},{"damage_healed":0.0,"max_hp_gain":0.0,"max_hp_loss":0.0,"gold_gain":0.0,"event_name":"Dead Adventurer","player_choice":"Searched \u00271\u0027 times","floor":8.0,"gold_loss":0.0,"damage_taken":0.0},{"damage_healed":0.0,"max_hp_gain":5.0,"max_hp_loss":0.0,"gold_gain":0.0,"event_name":"Big Fish","player_choice":"Donut","floor":10.0,"gold_loss":0.0,"damage_taken":0.0},{"damage_healed":0.0,"max_hp_gain":0.0,"max_hp_loss":0.0,"gold_gain":0.0,"event_name":"The Library","player_choice":"Read","floor":19.0,"gold_loss":0.0,"damage_taken":0.0,"cards_obtained":["Spot Weakness"]},{"damage_healed":0.0,"max_hp_gain":0.0,"max_hp_loss":0.0,"gold_gain":0.0,"event_name":"Colosseum","player_choice":"Fight","floor":30.0,"gold_loss":0.0,"damage_taken":0.0},{"damage_healed":0.0,"max_hp_gain":0.0,"max_hp_loss":0.0,"gold_gain":0.0,"event_name":"Colosseum","player_choice":"Fought Nobs","floor":30.0,"gold_loss":0.0,"damage_taken":0.0},{"damage_healed":0.0,"max_hp_gain":0.0,"max_hp_loss":0.0,"gold_gain":0.0,"event_name":"Accursed Blacksmith","player_choice":"Rummage","floor":38.0,"gold_loss":0.0,"damage_taken":0.0,"relics_obtained":["WarpedTongs"],"cards_obtained":["Pain"]},{"damage_healed":0.0,"max_hp_gain":0.0,"max_hp_loss":0.0,"gold_gain":0.0,"event_name":"Duplicator","player_choice":"Copied","floor":46.0,"gold_loss":0.0,"damage_taken":0.0,"cards_obtained":["Limit Break"]},{"damage_healed":0.0,"max_hp_gain":0.0,"max_hp_loss":0.0,"gold_gain":0.0,"event_name":"MindBloom","player_choice":"Fight","floor":48.0,"gold_loss":0.0,"damage_taken":0.0}],"is_beta":false,"boss_relics":[{"not_picked":["Black Blood","Mark of Pain"],"picked":"Velvet Choker"},{"not_picked":["Pandora\u0027s Box","Fusion Hammer"],"picked":"Busted Crown"}],"items_purged_floors":[28,39],"is_endless":false,"potions_floor_spawned":[4,6,12,13,14,18,23,25,30,33,35,37,45,54],"killed_by":"The Heart","ascension_level":1}