{"gold_per_floor":[116,116,133,18,36,36,36,36,36,36,51,126,145,145,145,145],"floor_reached":16,"playtime":527,"items_purged":["Writhe"],"score":130,"play_id":"1e1de663-7e01-46bc-b3e0-37ae73f66b5c","local_time":"20181102233527","is_ascension_mode":true,"campfire_choices":[{"data":"Backstab","floor":6.0,"key":"SMITH"},{"data":"All Out Attack","floor":8.0,"key":"SMITH"},{"data":"Neutralize","floor":10.0,"key":"SMITH"},{"floor":15,"key":"REST"}],"neow_cost":"NONE","seed_source_timestamp":40201953513689,"circlet_count":0,"master_deck":["Defend_G","Defend_G","Defend_G","Defend_G+1","Defend_G","Strike_G","Strike_G","Strike_G","Strike_G","Strike_G","Survivor","Neutralize+1","Injury","Dodge and Roll+1","PiercingWail","Backstab+1","All Out Attack+1","Leg Sweep"],"special_seed":0,"relics":["Calling Bell","Bag of Preparation","Question Card","Turnip","Spirit Poop","Nunchaku","War Paint"],"potions_floor_usage":[],"damage_taken":[{"damage":13.0,"enemies":"2 Louse","floor":1.0,"turns":5.0},{"damage":5.0,"enemies":"Small Slimes","floor":3.0,"turns":5.0},{"damage":0.0,"enemies":"Cultist","floor":5.0,"turns":4.0},{"damage":0.0,"enemies":"Large Slime","floor":11.0,"turns":4.0},{"damage":12,"enemies":"Gremlin Gang","floor":13,"turns":6},{"damage":62,"enemies":"The Guardian","floor":16,"turns":12}],"seed_played":"3148250463818779985","potions_obtained":[{"floor":11.0,"key":"Fire Potion"}],"is_trial":false,"path_per_floor":["M","?","M","$","M","R","?","R","T","R","M","?","M","?","R","B"],"character_chosen":"THE_SILENT","items_purchased":["Backstab"],"campfire_rested":1,"item_purchase_floors":[4],"current_hp_per_floor":[50,50,45,45,45,45,45,45,45,45,45,39,27,27,47,0],"gold":145,"neow_bonus":"BOSS_RELIC","is_prod":false,"is_daily":false,"chose_seed":false,"campfire_upgraded":3,"win_rate":0,"timestamp":1541190927,"path_taken":["M","?","M","$","M","R","?","R","T","R","?","?","?","?","R","BOSS"],"build_version":"2018-11-01","purchased_purges":1,"victory":false,"max_hp_per_floor":[70,70,70,70,70,70,67,67,67,67,67,67,67,67,67,67],"card_choices":[{"not_picked":["PiercingWail","Choke","Accuracy"],"picked":"Dodge and Roll","floor":1.0},{"not_picked":["Choke","Acrobatics","Slice"],"picked":"PiercingWail","floor":3.0},{"not_picked":["Quick Slash","Cloak And Dagger","Unload"],"picked":"All Out Attack","floor":5.0},{"not_picked":["Cloak And Dagger","Dodge and Roll","Dagger Throw"],"picked":"Leg Sweep","floor":11.0},{"not_picked":["Underhanded Strike","Skewer","Deflect","Accuracy"],"picked":"SKIP","floor":13}],"player_experience":494376,"relics_obtained":[{"floor":0.0,"key":"Bag of Preparation"},{"floor":0.0,"key":"Question Card"},{"floor":0.0,"key":"Turnip"},{"floor":9.0,"key":"Nunchaku"}],"event_choices":[{"damage_healed":0.0,"max_hp_gain":0.0,"max_hp_loss":0.0,"gold_gain":0.0,"event_name":"Liars Game","player_choice":"Ignored","floor":2.0,"gold_loss":0.0,"damage_taken":0.0},{"cards_removed":["Parasite"],"damage_healed":0.0,"max_hp_gain":0.0,"max_hp_loss":0.0,"gold_gain":0.0,"event_name":"Bonfire Elementals","player_choice":"Offered Curse","floor":7.0,"gold_loss":0.0,"damage_taken":0.0,"relics_obtained":["Spirit Poop"]},{"damage_healed":0,"gold_gain":75,"player_choice":"Touch","damage_taken":6,"max_hp_gain":0,"max_hp_loss":0,"event_name":"FaceTrader","floor":12,"gold_loss":0},{"damage_healed":0,"gold_gain":0,"player_choice":"Gave Potion","damage_taken":0,"relics_obtained":["War Paint"],"max_hp_gain":0,"max_hp_loss":0,"event_name":"WeMeetAgain","floor":14,"gold_loss":0}],"is_beta":false,"boss_relics":[],"items_purged_floors":[4],"is_endless":false,"potions_floor_spawned":[11],"killed_by":"The Guardian","ascension_level":9}