{"gold_per_floor":[115,115,115,33,33,33,33,63,63,83,83,83,105,133,145,258,270,264,276,288,314,337,349,372,403,441,480,492,524,563,606,618,726,738,762,790,802,828,840,852,834,846,884,1118,1156,90,120,138,138,138],"floor_reached":51,"playtime":1921,"items_purged":["Strike_G+1"],"score":1035,"play_id":"651a6021-ad56-4780-99e9-81eea2a19e53","local_time":"20180815084307","is_ascension_mode":true,"campfire_choices":[{"data":"Bouncing Flask","floor":6.0,"key":"SMITH"},{"data":"Deadly Poison","floor":11.0,"key":"SMITH"},{"data":"Neutralize","floor":15.0,"key":"SMITH"},{"floor":23.0,"key":"REST"},{"floor":28,"key":"REST"},{"floor":32,"key":"REST"},{"floor":40,"key":"REST"},{"data":"Catalyst","floor":42,"key":"SMITH"},{"floor":49,"key":"REST"}],"neow_cost":"NONE","seed_source_timestamp":58691791111629,"circlet_count":0,"master_deck":["Defend_G+1","Defend_G+1","Defend_G+1","Defend_G+1","Strike_G+1","Strike_G+1","Survivor","Neutralize+1","Dagger Throw","Bouncing Flask+1","Bane","Adrenaline","Deadly Poison+1","Dash","Envenom","Prepared","Outmaneuver","Backstab","Necronomicurse","Riddle With Holes+1","Catalyst+1","Dodge and Roll+1","Predator+1","Footwork","Corpse Explosion","Madness","Madness","Skewer+1","PiercingWail","Caltrops+1","Master of Strategy","Well Laid Plans+1","Footwork+1"],"special_seed":0,"relics":["Runic Dome","CultistMask","Potion Belt","Question Card","MawBank","Orrery","Necronomicon","Ancient Tea Set","Meat on the Bone","Mummified Hand","Red Mask","Empty Cage","Vajra","Oddly Smooth Stone","Bag of Preparation","Frozen Egg 2","ClockworkSouvenir","Peace Pipe"],"potions_floor_usage":[25,27,30,31,33,45,45,50,50,50],"damage_taken":[{"damage":0.0,"enemies":"Small Slimes","floor":1.0,"turns":3.0},{"damage":25.0,"enemies":"Lagavulin","floor":8.0,"turns":6.0},{"damage":0.0,"enemies":"Cultist","floor":10.0,"turns":2.0},{"damage":0.0,"enemies":"Jaw Worm","floor":13.0,"turns":2.0},{"damage":0.0,"enemies":"Looter","floor":14.0,"turns":2.0},{"damage":17.0,"enemies":"Hexaghost","floor":16.0,"turns":6.0},{"damage":18.0,"enemies":"2 Thieves","floor":18.0,"turns":4.0},{"damage":12.0,"enemies":"Chosen","floor":21.0,"turns":3.0},{"damage":7.0,"enemies":"Sentry and Sphere","floor":22.0,"turns":5.0},{"damage":13.0,"enemies":"Cultist and Chosen","floor":24.0,"turns":4.0},{"damage":16,"enemies":"Snake Plant","floor":25,"turns":3},{"damage":0,"enemies":"Gremlin Leader","floor":27,"turns":4},{"damage":18,"enemies":"Centurion and Healer","floor":29,"turns":6},{"damage":0,"enemies":"Slavers","floor":30,"turns":5},{"damage":19,"floor":31,"turns":4},{"damage":28,"enemies":"Automaton","floor":33,"turns":10},{"damage":22,"enemies":"3 Darklings","floor":35,"turns":5},{"damage":0,"enemies":"Flame Bruiser 1 Orb","floor":36,"turns":3},{"damage":11,"enemies":"Transient","floor":38,"turns":5},{"damage":40,"enemies":"Giant Head","floor":45,"turns":8},{"damage":20,"enemies":"Nemesis","floor":47,"turns":5},{"damage":0,"enemies":"Spire Growth","floor":48,"turns":4},{"damage":32,"enemies":"Donu and Deca","floor":50,"turns":5}],"seed_played":"-3646579672389636688","potions_obtained":[{"floor":10.0,"key":"Strength Potion"},{"floor":13.0,"key":"GamblersBrew"},{"floor":16.0,"key":"Ancient Potion"},{"floor":18.0,"key":"SpeedPotion"},{"floor":24.0,"key":"Swift Potion"},{"floor":29,"key":"Block Potion"},{"floor":30,"key":"Fruit Juice"},{"floor":33,"key":"SneckoOil"},{"floor":35,"key":"SkillPotion"},{"floor":41,"key":"Block Potion"},{"floor":41,"key":"Ancient Potion"},{"floor":45,"key":"SpeedPotion"}],"is_trial":false,"path_per_floor":["M","?","?","$","?","R","$","E","T","M","R","T","M","M","R","B",null,"M","?","?","M","M","R","M","M","T","E","R","M","E","?","R","B",null,"M","M","?","M","?","R","?","R","T","?","E","$","E","M","R","B"],"character_chosen":"THE_SILENT","items_purchased":["Bouncing Flask","Bane","Bag of Preparation","Frozen Egg 2","ClockworkSouvenir","PiercingWail","Caltrops+1","Energy Potion","Swift Potion","Master of Strategy"],"campfire_rested":5,"item_purchase_floors":[4,4,46,46,46,46,46,46,46,46],"current_hp_per_floor":[70,70,75,75,68,68,68,43,43,43,43,43,43,43,43,26,63,45,45,29,17,10,32,19,3,3,3,25,19,31,29,53,37,69,47,47,47,48,38,62,62,62,62,62,34,34,26,38,62,42],"gold":138,"neow_bonus":"BOSS_RELIC","is_prod":false,"is_daily":false,"chose_seed":false,"campfire_upgraded":4,"win_rate":0,"timestamp":1534311787,"path_taken":["M","?","?","$","?","R","$","E","T","M","R","?","M","M","R","BOSS","M","?","?","M","M","R","M","?","T","E","R","M","E","?","R","BOSS","M","M","?","M","?","R","?","R","T","?","E","$","E","M","R","BOSS"],"build_version":"2018-08-09","purchased_purges":1,"victory":true,"max_hp_per_floor":[70,70,75,75,75,75,75,75,75,75,75,75,75,75,75,75,75,75,75,75,75,75,75,75,75,75,75,75,75,75,80,80,80,80,80,80,80,80,80,80,80,80,80,80,80,80,80,80,80,80],"card_choices":[{"not_picked":["Poisoned Stab","Deflect"],"picked":"Dagger Throw","floor":1.0},{"not_picked":["Flying Knee","Eviscerate"],"picked":"Adrenaline","floor":8.0},{"not_picked":["Cloak And Dagger","Calculated Gamble","Poisoned Stab"],"picked":"Deadly Poison","floor":10.0},{"not_picked":["Flying Knee","Quick Slash","Finisher","Dagger Throw"],"picked":"SKIP","floor":13.0},{"not_picked":["Underhanded Strike","Adrenaline","Sucker Punch"],"picked":"Dash","floor":14.0},{"not_picked":["Storm of Steel","Tools of the Trade","A Thousand Cuts"],"picked":"Envenom","floor":16.0},{"not_picked":["Outmaneuver","Expertise","Reflex"],"picked":"Prepared","floor":17.0},{"not_picked":["Prepared","Reflex","Riddle With Holes"],"picked":"Escape Plan","floor":17.0},{"not_picked":["Flechettes","All Out Attack","Prepared"],"picked":"Outmaneuver","floor":17.0},{"not_picked":["Bouncing Flask","Accuracy","Prepared+1"],"picked":"Backstab","floor":18.0},{"not_picked":["Heel Hook","Infinite Blades","Caltrops+1"],"picked":"Riddle With Holes+1","floor":21.0},{"not_picked":["Storm of Steel","Well Laid Plans","Bane","Bouncing Flask+1"],"picked":"SKIP","floor":22.0},{"not_picked":["Sucker Punch","Expertise+1","Deflect+1"],"picked":"Catalyst","floor":24.0},{"not_picked":["Underhanded Strike","Sucker Punch","Deflect"],"picked":"Dodge and Roll+1","floor":25},{"not_picked":["Cloak And Dagger","Infinite Blades","Flying Knee","Flechettes"],"picked":"SKIP","floor":27},{"not_picked":["Tactician","Prepared","Deflect","Riddle With Holes"],"picked":"SKIP","floor":29},{"not_picked":["Grand Finale","Deflect","Deadly Poison"],"picked":"Predator+1","floor":30},{"not_picked":["Dagger Throw+1","Dodge and Roll+1","Prepared"],"picked":"Footwork","floor":31},{"not_picked":["Doppelganger","Adrenaline","A Thousand Cuts"],"picked":"Corpse Explosion","floor":33},{"not_picked":["Tactician","Underhanded Strike+1","Sucker Punch+1","Deadly Poison"],"picked":"SKIP","floor":35},{"not_picked":["Terror","Eviscerate+1","Poisoned Stab+1","Dodge and Roll+1"],"picked":"SKIP","floor":36},{"not_picked":["Dagger Throw+1","Backflip","Acrobatics+1","Outmaneuver+1"],"picked":"SKIP","floor":38},{"not_picked":["Dagger Spray","Blade Dance","Venomology"],"picked":"Skewer+1","floor":45},{"not_picked":["Sucker Punch+1","Deadly Poison+1","Concentrate+1"],"picked":"Well Laid Plans+1","floor":47},{"not_picked":["Skewer+1","Finisher","Sucker Punch+1"],"picked":"Footwork+1","floor":48}],"player_experience":425226,"relics_obtained":[{"floor":8.0,"key":"Potion Belt"},{"floor":9.0,"key":"Question Card"},{"floor":12.0,"key":"MawBank"},{"floor":20.0,"key":"Necronomicon"},{"floor":26,"key":"Ancient Tea Set"},{"floor":27,"key":"Meat on the Bone"},{"floor":30,"key":"Mummified Hand"},{"floor":31,"key":"Red Mask"},{"floor":43,"key":"Vajra"},{"floor":45,"key":"Oddly Smooth Stone"},{"floor":47,"key":"Peace Pipe"}],"event_choices":[{"event_name":"FaceTrader","player_choice":"Trade","floor":2.0,"damage_taken":0.0},{"event_name":"Big Fish","player_choice":"Donut","floor":3.0,"damage_taken":0.0},{"event_name":"Golden Wing","player_choice":"Card Removal","floor":5.0,"damage_taken":0.0},{"event_name":"Back to Basics","player_choice":"Simplicity","floor":19.0,"damage_taken":0.0},{"event_name":"Cursed Tome","player_choice":"Obtained Book","floor":20.0,"damage_taken":0.0},{"event_name":"Masked Bandits","player_choice":"Fought Bandits","floor":31,"damage_taken":0},{"event_name":"Falling","player_choice":"Removed Skill","floor":37,"damage_taken":0},{"event_name":"Winding Halls","player_choice":"Embrace Madness","floor":39,"damage_taken":0},{"event_name":"The Woman in Blue","player_choice":"Bought 2 Potions","floor":41,"damage_taken":0},{"event_name":"Tomb of Lord Red Mask","player_choice":"Wore Mask","floor":44,"damage_taken":0}],"is_beta":false,"boss_relics":[{"not_picked":["Velvet Choker","WristBlade"],"picked":"Orrery"},{"not_picked":["HoveringKite","Coffee Dripper"],"picked":"Empty Cage"}],"items_purged_floors":[46],"is_endless":false,"potions_floor_spawned":[10,13,16,18,24,29,30,33,35,45],"ascension_level":5}