{"gold_per_floor":[110,110,110,185,203,203,219,244,270,270,328,356,356,369,369,446,446,459,459,475,475,475,475,505,505,555,569,569],"floor_reached":28,"playtime":1906,"items_purged":[],"score":488,"play_id":"fe8eebb1-e858-47e4-92bb-a334b7ae186a","local_time":"20190729105218","is_ascension_mode":true,"campfire_choices":[{"data":"Bash","floor":6.0,"key":"SMITH"},{"floor":10.0,"key":"REST"},{"data":"Metallicize","floor":13,"key":"SMITH"},{"data":"Evolve","floor":15,"key":"SMITH"},{"floor":23,"key":"REST"}],"neow_cost":"NONE","seed_source_timestamp":918865391319404,"circlet_count":0,"master_deck":["AscendersBane","Strike_R+1","Strike_R+1","Strike_R+1","Strike_R+1","Strike_R+1","Defend_R+1","Defend_R+1","Defend_R+1","Defend_R+1","Bash+1","Fiend Fire+1","Pommel Strike","Power Through","Anger","Inflame","Metallicize+1","Evolve+1","Dark Embrace","Second Wind","Writhe","Armaments","Rupture","Feel No Pain"],"special_seed":0,"relics":["Burning Blood","Whetstone","Happy Flower","Self Forming Clay","Ginger","Fusion Hammer","Blue Candle","Enchiridion","Boot","Art of War","PreservedInsect"],"potions_floor_usage":[12,16,28,28],"damage_taken":[{"damage":5.0,"enemies":"2 Louse","floor":1.0,"turns":3.0},{"damage":0.0,"enemies":"Small Slimes","floor":5.0,"turns":3.0},{"damage":9.0,"enemies":"Jaw Worm","floor":7.0,"turns":4.0},{"damage":32.0,"enemies":"Gremlin Nob","floor":8.0,"turns":4.0},{"damage":15.0,"enemies":"3 Sentries","floor":11.0,"turns":6.0},{"damage":3,"enemies":"3 Sentries","floor":12,"turns":8},{"damage":0,"enemies":"Blue Slaver","floor":14,"turns":2},{"damage":35,"enemies":"The Guardian","floor":16,"turns":11},{"damage":5,"enemies":"3 Byrds","floor":18,"turns":6},{"damage":27,"enemies":"Spheric Guardian","floor":20,"turns":8},{"damage":37,"enemies":"Book of Stabbing","floor":24,"turns":8},{"damage":1,"enemies":"Cultist and Chosen","floor":27,"turns":5},{"damage":25,"enemies":"Gremlin Leader","floor":28,"turns":3}],"seed_played":"3071379877127393878","potions_obtained":[{"floor":7.0,"key":"EssenceOfSteel"},{"floor":8.0,"key":"Swift Potion"},{"floor":11.0,"key":"SteroidPotion"},{"floor":16,"key":"Fire Potion"},{"floor":24,"key":"Swift Potion"},{"floor":27,"key":"Swift Potion"}],"is_trial":false,"path_per_floor":["M","?","?","?","M","R","M","E","T","R","?","E","R","M","R","B",null,"M","?","M","?","?","R","E","?","T","M","E"],"character_chosen":"IRONCLAD","items_purchased":[],"campfire_rested":2,"item_purchase_floors":[],"current_hp_per_floor":[69,74,50,39,45,45,42,16,16,40,31,34,34,40,40,11,63,64,64,43,22,22,46,15,15,15,20,0],"gold":569,"neow_bonus":"ONE_RANDOM_RARE_CARD","is_prod":false,"is_daily":false,"chose_seed":false,"campfire_upgraded":3,"win_rate":0,"timestamp":1564411938,"path_taken":["M","?","?","?","M","R","M","E","T","R","?","E","R","M","R","BOSS","M","?","M","?","?","R","E","?","T","M","E"],"build_version":"2019-07-17","purchased_purges":0,"victory":false,"max_hp_per_floor":[75,80,80,80,80,80,80,80,80,80,80,80,80,80,80,80,80,80,80,80,80,80,80,80,80,80,80,80],"card_choices":[{"not_picked":["Second Wind","Combust"],"picked":"Pommel Strike","floor":1.0},{"not_picked":["Second Wind","Disarm"],"picked":"Power Through","floor":5.0},{"not_picked":["Havoc","Power Through"],"picked":"Anger","floor":7.0},{"not_picked":["Corruption","Sword Boomerang"],"picked":"Inflame","floor":8.0},{"not_picked":["Perfected Strike","Searing Blow"],"picked":"Metallicize","floor":12},{"not_picked":["Clash","Corruption"],"picked":"Evolve","floor":14},{"not_picked":["Impervious","Immolate"],"picked":"Dark Embrace","floor":16},{"not_picked":["Sever Soul","Iron Wave"],"picked":"Second Wind","floor":18},{"not_picked":["Metallicize+1","Cleave+1"],"picked":"Armaments","floor":20},{"not_picked":["Twin Strike","Heavy Blade"],"picked":"Rupture","floor":24},{"not_picked":["Second Wind","Bloodletting+1"],"picked":"Feel No Pain","floor":27}],"player_experience":2525108,"relics_obtained":[{"floor":8.0,"key":"Whetstone"},{"floor":9.0,"key":"Happy Flower"},{"floor":11.0,"key":"Self Forming Clay"},{"floor":12,"key":"Ginger"},{"floor":21,"key":"Enchiridion"},{"floor":24,"key":"Boot"},{"floor":26,"key":"PreservedInsect"}],"event_choices":[{"damage_healed":0.0,"max_hp_gain":5.0,"max_hp_loss":0.0,"gold_gain":0.0,"event_name":"Big Fish","player_choice":"Donut","floor":2.0,"gold_loss":0.0,"damage_taken":0.0},{"damage_healed":0.0,"max_hp_gain":0.0,"max_hp_loss":0.0,"gold_gain":0.0,"event_name":"Shining Light","player_choice":"Entered Light","floor":3.0,"gold_loss":0.0,"damage_taken":24.0,"cards_upgraded":["Defend_R","Strike_R"]},{"damage_healed":0.0,"max_hp_gain":0.0,"max_hp_loss":0.0,"gold_gain":75.0,"event_name":"World of Goop","player_choice":"Gather Gold","floor":4.0,"gold_loss":0.0,"damage_taken":11.0},{"damage_healed":0.0,"max_hp_gain":0.0,"max_hp_loss":0.0,"gold_gain":0.0,"event_name":"Dead Adventurer","player_choice":"Searched \u00272\u0027 times","floor":11.0,"gold_loss":0.0,"damage_taken":0.0},{"damage_healed":0,"gold_gain":0,"player_choice":"Opened","damage_taken":0,"relics_obtained":["Blue Candle"],"max_hp_gain":0,"max_hp_loss":0,"event_name":"The Mausoleum","floor":19,"gold_loss":0,"cards_obtained":["Writhe"]},{"damage_healed":0,"gold_gain":0,"player_choice":"Obtained Book","damage_taken":21,"max_hp_gain":0,"max_hp_loss":0,"event_name":"Cursed Tome","floor":21,"gold_loss":0},{"damage_healed":0,"gold_gain":0,"player_choice":"Simplicity","damage_taken":0,"max_hp_gain":0,"max_hp_loss":0,"event_name":"Back to Basics","floor":22,"gold_loss":0,"cards_upgraded":["Strike_R","Strike_R","Strike_R","Defend_R","Defend_R","Defend_R"]},{"damage_healed":0,"gold_gain":0,"player_choice":"Gave Potion","damage_taken":0,"relics_obtained":["Art of War"],"max_hp_gain":0,"max_hp_loss":0,"event_name":"WeMeetAgain","floor":25,"gold_loss":0}],"is_beta":false,"boss_relics":[{"not_picked":["Calling Bell","Busted Crown"],"picked":"Fusion Hammer"}],"items_purged_floors":[],"is_endless":false,"potions_floor_spawned":[7,8,11,16,24,27],"killed_by":"Gremlin Leader","ascension_level":20}