{"gold_per_floor":[116,166,54,68,81,109,109,143,167,184,184,197,197,211,211,211],"floor_reached":16,"playtime":624,"items_purged":["Strike_G"],"score":218,"play_id":"4901502b-7024-4eac-a476-ec68f85d05f9","local_time":"20190728001930","is_ascension_mode":true,"campfire_choices":[{"floor":7.0,"key":"REST"},{"floor":15,"key":"REST"}],"neow_cost":"NONE","seed_source_timestamp":6466927451880,"circlet_count":0,"master_deck":["AscendersBane","Strike_G","Strike_G","Strike_G","Defend_G","Defend_G","Defend_G","Defend_G","Defend_G","Survivor","Neutralize","Deadly Poison","Predator","Infinite Blades","PiercingWail","Acrobatics","Deflect","Bullet Time","Setup"],"special_seed":0,"relics":["Ring of the Snake","NeowsBlessing","Bag of Preparation","Bronze Scales","Smiling Mask"],"potions_floor_usage":[16,16],"damage_taken":[{"damage":0.0,"enemies":"2 Louse","floor":1.0,"turns":1.0},{"damage":0.0,"enemies":"Cultist","floor":4.0,"turns":1.0},{"damage":0.0,"enemies":"Small Slimes","floor":5.0,"turns":1.0},{"damage":42.0,"enemies":"Lagavulin","floor":6.0,"turns":6.0},{"damage":22.0,"enemies":"3 Sentries","floor":8.0,"turns":8.0},{"damage":6.0,"enemies":"Looter","floor":10.0,"turns":3.0},{"damage":1.0,"enemies":"3 Louse","floor":12.0,"turns":3.0},{"damage":0,"enemies":"2 Fungi Beasts","floor":14,"turns":5},{"damage":23,"enemies":"Slime Boss","floor":16,"turns":11}],"seed_played":"1329998253296299","potions_obtained":[{"floor":4.0,"key":"Explosive Potion"},{"floor":6.0,"key":"GhostInAJar"},{"floor":14,"key":"GhostInAJar"}],"is_trial":false,"path_per_floor":["M","?","$","M","M","E","R","E","T","M","?","M","?","M","R","B"],"character_chosen":"THE_SILENT","items_purchased":["Predator"],"campfire_rested":2,"item_purchase_floors":[3],"current_hp_per_floor":[59,53,53,53,53,11,30,8,8,2,2,1,1,1,20,0],"gold":211,"neow_bonus":"THREE_ENEMY_KILL","is_prod":false,"is_daily":false,"chose_seed":false,"campfire_upgraded":0,"win_rate":0,"timestamp":1564298370,"path_taken":["M","?","$","?","M","E","R","E","T","M","?","M","?","M","R","BOSS"],"build_version":"2019-07-17","purchased_purges":1,"victory":false,"max_hp_per_floor":[66,66,66,66,66,66,66,66,66,66,66,66,66,66,66,66],"card_choices":[{"not_picked":["Outmaneuver","Footwork"],"picked":"Deadly Poison","floor":1.0},{"not_picked":["Sucker Punch","Terror"],"picked":"Infinite Blades","floor":4.0},{"not_picked":["Outmaneuver","Dagger Spray"],"picked":"PiercingWail","floor":5.0},{"not_picked":["Dagger Spray","Footwork","Dagger Throw"],"picked":"SKIP","floor":6.0},{"not_picked":["Dagger Spray","Prepared"],"picked":"Acrobatics","floor":8.0},{"not_picked":["Deadly Poison","Dodge and Roll"],"picked":"Deflect","floor":10.0},{"not_picked":["Poisoned Stab","Slice"],"picked":"Bullet Time","floor":12.0},{"not_picked":["Poisoned Stab","Setup","Flying Knee"],"picked":"SKIP","floor":14},{"not_picked":["Poisoned Stab","Flying Knee"],"picked":"Setup","floor":14}],"player_experience":684775,"relics_obtained":[{"floor":6.0,"key":"Bag of Preparation"},{"floor":8.0,"key":"Bronze Scales"},{"floor":9.0,"key":"Smiling Mask"}],"event_choices":[{"damage_healed":0.0,"max_hp_gain":0.0,"max_hp_loss":0.0,"gold_gain":50.0,"event_name":"FaceTrader","player_choice":"Touch","floor":2.0,"gold_loss":0.0,"damage_taken":6.0},{"damage_healed":0.0,"max_hp_gain":0.0,"max_hp_loss":0.0,"gold_gain":0.0,"event_name":"Scrap Ooze","player_choice":"Fled","floor":11.0,"gold_loss":0.0,"damage_taken":0.0},{"cards_removed":["Strike_G"],"damage_healed":0,"gold_gain":0,"player_choice":"Forget","damage_taken":0,"max_hp_gain":0,"max_hp_loss":0,"event_name":"Living Wall","floor":13,"gold_loss":0}],"is_beta":false,"boss_relics":[],"items_purged_floors":[3],"is_endless":false,"potions_floor_spawned":[4,6,14],"killed_by":"Slime Boss","ascension_level":19}