{"gold_per_floor":[211,83,99,99,99,99,109,109,109,123,140,140,173,190,190,267,267,238,258,183,203,221,233,244,244,244,264,274,274,304,52,52,129,129,141,141,141],"floor_reached":37,"playtime":1578,"items_purged":["Strike_B","Defend_B"],"score":691,"play_id":"3cefdaa0-97b6-4a02-ab74-d58306cdf676","local_time":"20180813064022","is_ascension_mode":true,"campfire_choices":[{"floor":6.0,"key":"REST"},{"data":"Defragment","floor":8.0,"key":"SMITH"},{"data":"Glacier","floor":12.0,"key":"SMITH"},{"data":"Capacitor","floor":15.0,"key":"SMITH"},{"floor":25.0,"key":"REST"},{"data":"Barrage","floor":29.0,"key":"SMITH"},{"data":"Defragment","floor":32.0,"key":"SMITH"}],"neow_cost":"NONE","seed_source_timestamp":51036460389269,"circlet_count":0,"master_deck":["Strike_B+1","Strike_B+1","Strike_B","Defend_B","Defend_B","Defend_B","Zap+1","Dualcast","AscendersBane","Conserve Battery","Defragment+1","Steam","Self Repair","Glacier+1","Rip and Tear","Capacitor+1","Machine Learning","Self Repair","Coolheaded","Barrage+1","White Noise","Static Discharge","Defragment+1","Melter","Seek","Blizzard","Madness","Madness"],"special_seed":0,"relics":["Cracked Core","Pantograph","Bag of Marbles","Velvet Choker","Bottled Tornado","Darkstone Periapt","Eternal Feather"],"potions_floor_usage":[],"damage_taken":[{"damage":12.0,"enemies":"Jaw Worm","floor":1.0,"turns":3.0},{"damage":9.0,"enemies":"Small Slimes","floor":3.0,"turns":3.0},{"damage":7.0,"enemies":"2 Louse","floor":7.0,"turns":3.0},{"damage":6.0,"enemies":"Looter","floor":10.0,"turns":3.0},{"damage":0.0,"enemies":"Large Slime","floor":11.0,"turns":6.0},{"damage":10.0,"enemies":"3 Sentries","floor":13.0,"turns":9.0},{"damage":4.0,"enemies":"Red Slaver","floor":14.0,"turns":4.0},{"damage":28.0,"enemies":"Hexaghost","floor":16.0,"turns":13.0},{"damage":16.0,"enemies":"2 Thieves","floor":18.0,"turns":5.0},{"damage":6.0,"enemies":"Spheric Guardian","floor":19.0,"turns":6.0},{"damage":39.0,"enemies":"Snake Plant","floor":21.0,"turns":5.0},{"damage":11.0,"enemies":"Centurion and Healer","floor":22.0,"turns":10.0},{"damage":36.0,"enemies":"Cultist and Chosen","floor":23.0,"turns":9.0},{"damage":3.0,"enemies":"Snecko","floor":24.0,"turns":6.0},{"damage":21.0,"enemies":"Snake Plant","floor":27.0,"turns":6.0},{"damage":21.0,"enemies":"Sentry and Sphere","floor":28.0,"turns":6.0},{"damage":41.0,"enemies":"Slavers","floor":30.0,"turns":9.0},{"damage":14.0,"enemies":"Champ","floor":33.0,"turns":15.0},{"damage":40.0,"enemies":"3 Darklings","floor":35.0,"turns":5.0},{"damage":22,"enemies":"Flame Bruiser 1 Orb","floor":37,"turns":3}],"seed_played":"-676893207674276186","potions_obtained":[{"floor":1.0,"key":"Block Potion"},{"floor":11.0,"key":"SpeedPotion"},{"floor":19.0,"key":"Ancient Potion"},{"floor":30.0,"key":"Strength Potion"}],"is_trial":false,"path_per_floor":["M","$","M","?","?","R","M","R","T","M","M","R","E","M","R","B",null,"M","M","$","M","M","M","M","R","T","M","M","R","E","$","R","B",null,"M","?"],"character_chosen":"DEFECT","items_purchased":["Defragment","Steam","Defragment","Melter"],"campfire_rested":2,"item_purchase_floors":[2,2,31,31],"current_hp_per_floor":[52,52,43,22,22,43,43,43,43,44,51,51,48,51,51,50,66,57,65,65,40,43,21,32,53,53,46,53,53,26,26,26,51,66,33,20,0],"gold":141,"neow_bonus":"HUNDRED_GOLD","is_prod":false,"is_daily":false,"chose_seed":false,"campfire_upgraded":5,"win_rate":0,"timestamp":1534131622,"path_taken":["M","$","M","?","?","R","?","R","T","?","?","R","E","M","R","BOSS","M","M","$","M","M","M","M","R","T","?","M","R","E","$","R","BOSS","M","?","M"],"build_version":"2018-08-09","purchased_purges":2,"victory":false,"max_hp_per_floor":[71,71,71,71,71,71,71,71,71,71,71,71,71,71,71,71,71,71,71,71,71,71,71,71,71,71,71,71,71,71,71,71,71,71,71,71,71],"card_choices":[{"not_picked":["Heatsinks","Coolheaded"],"picked":"Conserve Battery","floor":1.0},{"not_picked":["Steam Power","Reprogram"],"picked":"Self Repair","floor":3.0},{"not_picked":["Cold Snap","Force Field"],"picked":"Glacier","floor":7.0},{"not_picked":["Barrage","Undo","Darkness"],"picked":"SKIP","floor":10.0},{"not_picked":["Conserve Battery","Stack","Aggregate"],"picked":"SKIP","floor":11.0},{"not_picked":["Chill","Conserve Battery"],"picked":"Rip and Tear","floor":13.0},{"not_picked":["Machine Learning","Stack"],"picked":"Capacitor","floor":14.0},{"not_picked":["Creative AI","Reboot"],"picked":"Machine Learning","floor":16.0},{"not_picked":["Self Repair","Rebound","Redo"],"picked":"SKIP","floor":18.0},{"not_picked":["Rebound","Redo"],"picked":"Self Repair","floor":18.0},{"not_picked":["Sweeping Beam","Gash","Beam Cell+1"],"picked":"SKIP","floor":19.0},{"not_picked":["Redo","Leap"],"picked":"Coolheaded","floor":21.0},{"not_picked":["Coolheaded","Steam"],"picked":"Barrage","floor":22.0},{"not_picked":["Stack","Beam Cell","Sweeping Beam"],"picked":"SKIP","floor":23.0},{"not_picked":["Steam","Darkness"],"picked":"White Noise","floor":24.0},{"not_picked":["Scrape","Amplify","Lockon"],"picked":"SKIP","floor":27.0},{"not_picked":["Recycle","Beam Cell","Coolheaded+1"],"picked":"SKIP","floor":28.0},{"not_picked":["Melter","Beam Cell"],"picked":"Static Discharge","floor":30.0},{"not_picked":["Reboot","Multi-Cast"],"picked":"Seek","floor":33.0},{"not_picked":["Sweeping Beam","Conserve Battery+1"],"picked":"Blizzard","floor":35.0}],"player_experience":421136,"relics_obtained":[{"floor":9.0,"key":"Pantograph"},{"floor":13.0,"key":"Bag of Marbles"},{"floor":26.0,"key":"Bottled Tornado"},{"floor":30.0,"key":"Darkstone Periapt"}],"event_choices":[{"event_name":"Shining Light","player_choice":"Entered Light","floor":4.0,"damage_taken":0.0},{"event_name":"Living Wall","player_choice":"Grow","floor":5.0,"damage_taken":0.0},{"event_name":"Winding Halls","player_choice":"Embrace Madness","floor":36.0,"damage_taken":0.0}],"is_beta":false,"boss_relics":[{"not_picked":["FrozenCore","Lizard Tail"],"picked":"Velvet Choker"},{"not_picked":["Runic Pyramid","Fusion Hammer"],"picked":"Eternal Feather"}],"items_purged_floors":[20,31],"is_endless":false,"potions_floor_spawned":[1,11,14,16,19,21,22,23,30,33],"killed_by":"Flame Bruiser 1 Orb","ascension_level":15}