{"gold_per_floor":[114,129,129,56,56,56,71,96,96,96,107,182,232,232],"floor_reached":14,"playtime":265,"items_purged":[],"score":154,"play_id":"2a917999-bfb6-4358-92e4-52322ac9381f","local_time":"20190508015434","is_ascension_mode":true,"campfire_choices":[{"data":"Bash","floor":6,"key":"SMITH"},{"data":"Combust","floor":10,"key":"SMITH"}],"neow_cost":"NONE","seed_source_timestamp":43543928069778,"circlet_count":0,"master_deck":["AscendersBane","Strike_R","Strike_R","Strike_R","Strike_R","Strike_R","Defend_R","Defend_R","Defend_R","Defend_R","Bash+1","Twin Strike","Carnage","Combust+1","Shockwave","Evolve"],"relics":["Burning Blood","Sundial","Omamori"],"potions_floor_usage":[8,14,14],"damage_taken":[{"damage":6,"enemies":"Cultist","floor":1,"turns":4},{"damage":13,"enemies":"Small Slimes","floor":2,"turns":5},{"damage":4,"enemies":"Jaw Worm","floor":7,"turns":3},{"damage":32,"enemies":"3 Sentries","floor":8,"turns":5},{"damage":25,"enemies":"Lots of Slimes","floor":11,"turns":4},{"damage":4,"enemies":"Blue Slaver","floor":14,"turns":1}],"seed_played":"-7317919839407355848","potions_obtained":[{"floor":0,"key":"AttackPotion"},{"floor":0,"key":"LiquidBronze"},{"floor":11,"key":"EssenceOfSteel"}],"is_trial":false,"path_per_floor":["M","M","?","$","$","R","M","E","T","R","M","?","?","M"],"character_chosen":"IRONCLAD","items_purchased":["Combust"],"campfire_rested":0,"item_purchase_floors":[4],"current_hp_per_floor":[68,61,57,57,57,57,59,33,33,33,14,3,3,0],"gold":232,"neow_bonus":"THREE_SMALL_POTIONS","is_prod":false,"is_daily":false,"chose_seed":false,"campfire_upgraded":2,"win_rate":0,"timestamp":1557269674,"path_taken":["M","M","?","?","$","R","?","E","T","R","M","?","?","M"],"build_version":"2019-01-23","purchased_purges":0,"victory":false,"max_hp_per_floor":[75,75,75,75,75,75,75,75,75,75,75,75,75,75],"card_choices":[{"not_picked":["Evolve","Anger"],"picked":"Twin Strike","floor":1},{"not_picked":["Limit Break","Flex"],"picked":"Carnage","floor":2},{"not_picked":["Flex","Carnage"],"picked":"Shockwave","floor":7},{"not_picked":["Anger","Double Tap","Blood for Blood"],"picked":"SKIP","floor":8},{"not_picked":["Headbutt","Iron Wave"],"picked":"Evolve","floor":11}],"player_experience":880173,"relics_obtained":[{"floor":8,"key":"Sundial"},{"floor":9,"key":"Omamori"}],"event_choices":[{"damage_healed":0,"gold_gain":0,"player_choice":"Bought 0 Potions","damage_taken":0,"max_hp_gain":0,"max_hp_loss":0,"event_name":"The Woman in Blue","floor":3,"gold_loss":0},{"damage_healed":0,"gold_gain":75,"player_choice":"Gather Gold","damage_taken":11,"max_hp_gain":0,"max_hp_loss":0,"event_name":"World of Goop","floor":12,"gold_loss":0},{"damage_healed":0,"gold_gain":50,"player_choice":"Pray","damage_taken":0,"max_hp_gain":0,"max_hp_loss":0,"event_name":"Golden Shrine","floor":13,"gold_loss":0}],"is_beta":false,"boss_relics":[],"items_purged_floors":[],"is_endless":false,"potions_floor_spawned":[2,11],"killed_by":"Blue Slaver","ascension_level":15}