{"gold_per_floor":[119,119,47,57,74,103,121,121,121,148,148,223,243,193,193,298,298,318,233,233,332,344,367,367,367,394,136,152,152,162,177,177,278,278,295,314,329,339,239,239,62,62,136,11,31,60,60,76,76,76],"floor_reached":50,"playtime":10391,"items_purged":["Strike_G","Defend_G","Defend_G"],"score":532,"play_id":"142085d0-d936-4d84-86f9-aca23dea5cec","local_time":"20190807065526","is_ascension_mode":false,"campfire_choices":[{"floor":8.0,"key":"REST"},{"floor":15.0,"key":"REST"},{"floor":25.0,"key":"REST"},{"floor":29.0,"key":"REST"},{"floor":32.0,"key":"REST"},{"floor":40.0,"key":"REST"},{"floor":47,"key":"REST"},{"floor":49,"key":"REST"}],"neow_cost":"NONE","seed_source_timestamp":0,"circlet_count":0,"master_deck":["Defend_G","Defend_G","Defend_G","Survivor+1","Neutralize","Well Laid Plans+1","Noxious Fumes","Masterful Stab","Dodge and Roll","Burst+1","Acrobatics","Bouncing Flask","Acrobatics","Doppelganger","Necronomicurse","Slice+1","Neutralize","Flying Knee","Sadistic Nature","Escape Plan","Infinite Blades+1","Reflex","Adrenaline","Choke+1","Tools of the Trade+1","Well Laid Plans+1","Deadly Poison+1","PiercingWail+1","Deadly Poison","Dodge and Roll+1","Panache","Violence","Infinite Blades+1","Footwork+1","Flechettes+1"],"special_seed":0,"relics":["Ring of the Snake","Pen Nib","Shuriken","Ice Cream","White Beast Statue","Orichalcum","Necronomicon","Oddly Smooth Stone","War Paint","Astrolabe","Darkstone Periapt","Vajra"],"potions_floor_usage":[48,50,50],"damage_taken":[{"damage":0.0,"enemies":"2 Louse","floor":1.0,"turns":4.0},{"damage":0.0,"enemies":"Small Slimes","floor":4.0,"turns":5.0},{"damage":0.0,"enemies":"Jaw Worm","floor":5.0,"turns":3.0},{"damage":24.0,"enemies":"3 Sentries","floor":6.0,"turns":7.0},{"damage":1.0,"enemies":"Looter","floor":7.0,"turns":4.0},{"damage":8.0,"enemies":"Gremlin Nob","floor":10.0,"turns":5.0},{"damage":13.0,"enemies":"Large Slime","floor":13.0,"turns":4.0},{"damage":34.0,"enemies":"Slime Boss","floor":16.0,"turns":10.0},{"damage":18.0,"enemies":"Chosen","floor":18.0,"turns":9.0},{"damage":9.0,"enemies":"Spheric Guardian","floor":22.0,"turns":5.0},{"damage":25.0,"enemies":"Centurion and Healer","floor":28.0,"turns":6.0},{"damage":13.0,"enemies":"Snake Plant","floor":30.0,"turns":5.0},{"damage":0.0,"enemies":"Snecko","floor":31.0,"turns":5.0},{"damage":27.0,"enemies":"Collector","floor":33.0,"turns":8.0},{"damage":17.0,"enemies":"3 Darklings","floor":35.0,"turns":5.0},{"damage":1.0,"enemies":"Orb Walker","floor":36.0,"turns":4.0},{"damage":6.0,"enemies":"Writhing Mass","floor":37.0,"turns":4.0},{"damage":30.0,"enemies":"Jaw Worm Horde","floor":38.0,"turns":5.0},{"damage":27.0,"enemies":"3 Darklings","floor":45.0,"turns":4.0},{"damage":0.0,"enemies":"Giant Head","floor":46.0,"turns":6.0},{"damage":6,"enemies":"Maw","floor":48,"turns":6},{"damage":70,"enemies":"Awakened One","floor":50,"turns":5}],"seed_played":"-1645610781244294470","potions_obtained":[{"floor":1.0,"key":"PowerPotion"},{"floor":5.0,"key":"Poison Potion"},{"floor":6.0,"key":"SkillPotion"},{"floor":13.0,"key":"Energy Potion"},{"floor":18.0,"key":"Poison Potion"},{"floor":22.0,"key":"Fire Potion"},{"floor":28.0,"key":"Poison Potion"},{"floor":30.0,"key":"SpeedPotion"},{"floor":31.0,"key":"LiquidBronze"},{"floor":33.0,"key":"Energy Potion"},{"floor":35.0,"key":"SkillPotion"},{"floor":36.0,"key":"SkillPotion"},{"floor":37.0,"key":"EssenceOfSteel"},{"floor":38.0,"key":"EssenceOfSteel"},{"floor":45.0,"key":"GamblersBrew"},{"floor":46.0,"key":"AttackPotion"},{"floor":48,"key":"Poison Potion"}],"is_trial":false,"path_per_floor":["M","?","$","M","M","E","M","R","T","E","?","?","M","?","R","B",null,"M","?","?","?","M","T","?","R","T","$","M","R","M","M","R","B",null,"M","M","M","M","$","R","$","?","T","$","M","E","R","M","R","B"],"character_chosen":"THE_SILENT","items_purchased":["Noxious Fumes","Sadistic Nature","Panache"],"campfire_rested":8,"item_purchase_floors":[3,27,41],"current_hp_per_floor":[77,77,77,77,77,53,52,75,75,67,72,61,48,48,72,38,82,64,64,48,48,39,39,39,63,63,63,38,62,49,49,73,46,82,65,64,58,28,28,52,52,52,52,52,25,25,49,43,67,0],"gold":76,"neow_bonus":"TEN_PERCENT_HP_BONUS","is_prod":false,"is_daily":false,"chose_seed":false,"campfire_upgraded":0,"win_rate":0.0,"timestamp":1565175326,"path_taken":["M","?","$","M","M","E","M","R","T","E","?","?","M","?","R","BOSS","M","?","?","?","?","?","?","R","T","$","M","R","M","M","R","BOSS","M","M","M","?","$","R","$","?","T","$","M","E","R","M","R","BOSS"],"build_version":"2019-07-17","purchased_purges":3,"victory":false,"max_hp_per_floor":[77,77,77,77,77,77,77,77,77,77,82,82,82,82,82,82,82,82,82,82,82,82,82,82,82,82,82,82,82,82,82,82,82,82,82,82,82,82,82,82,82,82,82,82,82,82,82,82,82,82],"card_choices":[{"not_picked":["Underhanded Strike","PiercingWail"],"picked":"Well Laid Plans","floor":1.0},{"not_picked":["Dagger Throw","Flying Knee"],"picked":"Masterful Stab","floor":4.0},{"not_picked":["Sucker Punch","Distraction"],"picked":"Dodge and Roll","floor":5.0},{"not_picked":["Prepared","Slice"],"picked":"Burst","floor":6.0},{"not_picked":["Dagger Throw","Underhanded Strike"],"picked":"Acrobatics","floor":7.0},{"not_picked":["Slice","Blade Dance"],"picked":"Bouncing Flask","floor":10.0},{"not_picked":["Terror","Backstab"],"picked":"Acrobatics","floor":13.0},{"not_picked":["Phantasmal Killer","Die Die Die"],"picked":"Doppelganger","floor":16.0},{"not_picked":["Noxious Fumes","Outmaneuver+1","Dagger Spray+1"],"picked":"SKIP","floor":18.0},{"not_picked":["Dagger Spray","Die Die Die"],"picked":"Slice+1","floor":22.0},{"not_picked":["Dodge and Roll","Outmaneuver"],"picked":"Escape Plan","floor":28.0},{"not_picked":["Masterful Stab","Underhanded Strike"],"picked":"Infinite Blades+1","floor":30.0},{"not_picked":["Flying Knee","Poisoned Stab"],"picked":"Reflex","floor":31.0},{"not_picked":["Glass Knife","A Thousand Cuts"],"picked":"Adrenaline","floor":33.0},{"not_picked":["Dagger Spray","Expertise"],"picked":"Deadly Poison+1","floor":35.0},{"not_picked":["Poisoned Stab+1","Skewer"],"picked":"PiercingWail+1","floor":36.0},{"not_picked":["Quick Slash+1","Dodge and Roll+1"],"picked":"Deadly Poison","floor":37.0},{"not_picked":["Dagger Spray","Backflip"],"picked":"Dodge and Roll+1","floor":38.0},{"not_picked":["Purity","Flash of Steel"],"picked":"Violence","floor":42.0},{"not_picked":["Flying Knee","Quick Slash"],"picked":"Infinite Blades+1","floor":45.0},{"not_picked":["Blade Dance+1","Dagger Spray+1"],"picked":"Footwork+1","floor":46.0},{"not_picked":["Flying Knee+1","Terror"],"picked":"Flechettes+1","floor":48}],"player_experience":18949,"relics_obtained":[{"floor":6.0,"key":"Pen Nib"},{"floor":9.0,"key":"Shuriken"},{"floor":10.0,"key":"Ice Cream"},{"floor":20.0,"key":"Necronomicon"},{"floor":23.0,"key":"Oddly Smooth Stone"},{"floor":26.0,"key":"War Paint"},{"floor":43.0,"key":"Darkstone Periapt"},{"floor":46.0,"key":"Vajra"}],"event_choices":[{"damage_healed":0.0,"max_hp_gain":0.0,"max_hp_loss":0.0,"gold_gain":0.0,"event_name":"Living Wall","player_choice":"Grow","floor":2.0,"gold_loss":0.0,"damage_taken":0.0,"cards_upgraded":["Well Laid Plans"]},{"damage_healed":0.0,"max_hp_gain":5.0,"max_hp_loss":0.0,"gold_gain":0.0,"event_name":"Big Fish","player_choice":"Donut","floor":11.0,"gold_loss":0.0,"damage_taken":0.0},{"damage_healed":0.0,"max_hp_gain":0.0,"max_hp_loss":0.0,"gold_gain":75.0,"event_name":"World of Goop","player_choice":"Gather Gold","floor":12.0,"gold_loss":0.0,"damage_taken":11.0},{"cards_removed":["Strike_G"],"damage_healed":0.0,"max_hp_gain":0.0,"max_hp_loss":0.0,"gold_gain":0.0,"event_name":"The Cleric","player_choice":"Card Removal","floor":14.0,"gold_loss":50.0,"damage_taken":0.0},{"damage_healed":0.0,"max_hp_gain":0.0,"max_hp_loss":0.0,"gold_gain":0.0,"event_name":"Addict","player_choice":"Obtained Relic","floor":19.0,"gold_loss":85.0,"damage_taken":0.0,"relics_obtained":["Orichalcum"]},{"damage_healed":0.0,"max_hp_gain":0.0,"max_hp_loss":0.0,"gold_gain":0.0,"event_name":"Cursed Tome","player_choice":"Obtained Book","floor":20.0,"gold_loss":0.0,"damage_taken":16.0},{"damage_healed":0.0,"max_hp_gain":0.0,"max_hp_loss":0.0,"gold_gain":99.0,"event_name":"Nest","player_choice":"Stole From Cult","floor":21.0,"gold_loss":0.0,"damage_taken":0.0},{"damage_healed":0.0,"max_hp_gain":0.0,"max_hp_loss":0.0,"gold_gain":0.0,"event_name":"Match and Keep!","player_choice":"2 cards matched","floor":24.0,"gold_loss":0.0,"damage_taken":0.0,"cards_obtained":["Neutralize","Flying Knee"]},{"damage_healed":0.0,"max_hp_gain":0.0,"max_hp_loss":0.0,"gold_gain":0.0,"event_name":"SensoryStone","player_choice":"Memory 1","floor":42.0,"gold_loss":0.0,"damage_taken":0.0}],"is_beta":false,"boss_relics":[{"not_picked":["WristBlade","Eternal Feather"],"picked":"White Beast Statue"},{"not_picked":["Coffee Dripper","Runic Dome"],"picked":"Astrolabe"}],"items_purged_floors":[27,39,44],"is_endless":false,"potions_floor_spawned":[1,5,6,13,18,22,28,30,31,33,35,36,37,38,45,46,48],"killed_by":"Awakened One","ascension_level":0}