{"gold_per_floor":[115,115,135,149,164,164,197,197,197,197,217,217,230,247,247,349,349,316,117,131,406,417,417,429,442,442,456,456,205,205,224,224,328,328,345,363,374,392,267,267,267,267,267,267,283,295,312,330,330,330],"floor_reached":51,"playtime":2914,"items_purged":["Strike_G","Regret","Defend_G"],"score":784,"play_id":"054020d2-2895-429a-b51c-c91062a8d67f","local_time":"20190314201721","is_ascension_mode":false,"campfire_choices":[{"data":"Footwork","floor":6.0,"key":"SMITH"},{"data":"Bouncing Flask","floor":8.0,"key":"SMITH"},{"data":"Neutralize","floor":12.0,"key":"SMITH"},{"data":"Dash","floor":15.0,"key":"SMITH"},{"data":"Burst","floor":23.0,"key":"SMITH"},{"floor":28.0,"key":"REST"},{"floor":32.0,"key":"REST"},{"floor":40.0,"key":"REST"},{"data":"Leg Sweep","floor":44.0,"key":"SMITH"},{"floor":49,"key":"REST"}],"neow_cost":"NONE","seed_source_timestamp":24973210116302,"circlet_count":0,"master_deck":["Defend_G","Defend_G","Defend_G","Defend_G","Strike_G","Strike_G","Survivor","Neutralize+1","Riddle With Holes","Bouncing Flask+1","Footwork+1","Poisoned Stab","Quick Slash","Dash+1","PiercingWail","Burst+1","Leg Sweep+1","Backflip","Malaise","Deadly Poison+1","Caltrops","Escape Plan","Adrenaline","Catalyst","Cloak And Dagger+1","Well Laid Plans+1","Dodge and Roll+1","Deflect+1","Prepared","Backstab+1"],"special_seed":0,"relics":["Sozu"],"potions_floor_usage":[],"damage_taken":[{"damage":2.0,"enemies":"Small Slimes","floor":1.0,"turns":6.0},{"damage":0.0,"enemies":"2 Louse","floor":3.0,"turns":3.0},{"damage":0.0,"enemies":"Cultist","floor":4.0,"turns":3.0},{"damage":0.0,"enemies":"3 Louse","floor":5.0,"turns":3.0},{"damage":20.0,"enemies":"Gremlin Nob","floor":7.0,"turns":5.0},{"damage":0.0,"enemies":"Exordium Thugs","floor":11.0,"turns":5.0},{"damage":2.0,"enemies":"Gremlin Gang","floor":13.0,"turns":5.0},{"damage":14.0,"enemies":"Exordium Wildlife","floor":14.0,"turns":4.0},{"damage":0.0,"enemies":"Hexaghost","floor":16.0,"turns":9.0},{"damage":13.0,"enemies":"2 Thieves","floor":18.0,"turns":5.0},{"damage":8.0,"enemies":"Spheric Guardian","floor":20.0,"turns":5.0},{"damage":13.0,"enemies":"Centurion and Healer","floor":22.0,"turns":9.0},{"damage":7.0,"enemies":"Shelled Parasite and Fungi","floor":24.0,"turns":7.0},{"damage":18.0,"enemies":"Chosen and Byrds","floor":25.0,"turns":14.0},{"damage":0.0,"enemies":"Cultist and Chosen","floor":27.0,"turns":8.0},{"damage":8.0,"enemies":"3 Cultists","floor":31.0,"turns":7.0},{"damage":37.0,"enemies":"Champ","floor":33.0,"turns":17.0},{"damage":0.0,"enemies":"Orb Walker","floor":35.0,"turns":4.0},{"damage":11.0,"enemies":"3 Shapes","floor":36.0,"turns":9.0},{"damage":25.0,"enemies":"Jaw Worm Horde","floor":37.0,"turns":8.0},{"damage":5.0,"enemies":"Writhing Mass","floor":38.0,"turns":5.0},{"damage":4.0,"enemies":"Transient","floor":45.0,"turns":5.0},{"damage":12.0,"enemies":"Sphere and 2 Shapes","floor":46.0,"turns":6.0},{"damage":1.0,"enemies":"Spire Growth","floor":47.0,"turns":7.0},{"damage":21,"enemies":"4 Shapes","floor":48,"turns":7},{"damage":31,"enemies":"Awakened One","floor":50,"turns":30}],"seed_played":"4825838113850041274","potions_obtained":[],"is_trial":false,"path_per_floor":["M","?","M","M","M","R","E","R","T","?","M","R","M","M","R","B",null,"M","$","M","?","M","R","M","M","T","M","R","$","T","M","R","B",null,"M","M","M","M","$","R","?","?","T","R","M","M","M","M","R","B",null],"character_chosen":"THE_SILENT","items_purchased":["Backflip","Malaise","Caltrops","Escape Plan"],"campfire_rested":4,"item_purchase_floors":[19,19,29,29],"current_hp_per_floor":[68,65,65,65,65,65,45,45,45,45,45,45,43,29,29,29,70,57,57,49,49,36,36,29,11,11,11,32,32,32,24,45,8,70,70,59,34,29,29,50,50,50,50,50,46,34,33,12,33,2],"gold":330,"neow_bonus":"BOSS_RELIC","is_prod":false,"is_daily":false,"chose_seed":false,"campfire_upgraded":6,"win_rate":0,"timestamp":1552583841,"path_taken":["M","?","M","M","M","R","E","R","T","?","?","R","M","M","R","BOSS","M","$","M","?","M","R","M","M","T","M","R","$","?","M","R","BOSS","M","M","?","M","$","R","?","?","T","R","?","?","M","M","R","BOSS"],"build_version":"2019-01-23","purchased_purges":3,"victory":true,"max_hp_per_floor":[70,70,70,70,70,70,70,70,70,70,70,70,70,70,70,70,70,70,70,70,70,70,70,70,70,70,70,70,70,70,70,70,70,70,70,70,70,70,70,70,70,70,70,70,70,70,70,70,70,70],"card_choices":[{"not_picked":["Terror","Masterful Stab"],"picked":"Riddle With Holes","floor":1.0},{"not_picked":["Poisoned Stab","Slice"],"picked":"Bouncing Flask","floor":3.0},{"not_picked":["Backflip","Bane"],"picked":"Footwork","floor":4.0},{"not_picked":["Outmaneuver","Bane"],"picked":"Poisoned Stab","floor":5.0},{"not_picked":["Unload","Blade Dance","Predator"],"picked":"SKIP","floor":7.0},{"not_picked":["Setup","Eviscerate"],"picked":"Quick Slash","floor":11.0},{"not_picked":["Bouncing Flask","Underhanded Strike"],"picked":"Dash","floor":13.0},{"not_picked":["Caltrops","Flying Knee"],"picked":"PiercingWail","floor":14.0},{"not_picked":["Doppelganger","Venomology"],"picked":"Burst","floor":16.0},{"not_picked":["PiercingWail","Endless Agony"],"picked":"Leg Sweep","floor":18.0},{"not_picked":["Tactician+1","Backflip"],"picked":"Deadly Poison+1","floor":20.0},{"not_picked":["Dagger Spray+1","Sucker Punch","Masterful Stab"],"picked":"SKIP","floor":22.0},{"not_picked":["Endless Agony","Quick Slash","Underhanded Strike"],"picked":"SKIP","floor":24.0},{"not_picked":["Blade Dance+1","Poisoned Stab","Quick Slash"],"picked":"SKIP","floor":25.0},{"not_picked":["Dagger Spray+1","Quick Slash","Prepared"],"picked":"SKIP","floor":27.0},{"not_picked":["Prepared","Glass Knife","Poisoned Stab"],"picked":"SKIP","floor":31.0},{"not_picked":["Grand Finale","Storm of Steel"],"picked":"Adrenaline","floor":33.0},{"not_picked":["Concentrate+1","Poisoned Stab"],"picked":"Catalyst","floor":35.0},{"not_picked":["Caltrops","Blade Dance+1"],"picked":"Cloak And Dagger+1","floor":36.0},{"not_picked":["Acrobatics+1","Caltrops"],"picked":"Well Laid Plans+1","floor":37.0},{"not_picked":["Poisoned Stab","Deadly Poison+1","Sucker Punch"],"picked":"SKIP","floor":38.0},{"not_picked":["Bane+1","Skewer"],"picked":"Dodge and Roll+1","floor":45.0},{"not_picked":["Flying Knee","Prepared"],"picked":"Deflect+1","floor":46.0},{"not_picked":["Bouncing Flask","Dodge and Roll+1"],"picked":"Prepared","floor":47.0},{"not_picked":["Backflip+1","Tactician"],"picked":"Backstab+1","floor":48}],"player_experience":797234,"relics_obtained":[],"event_choices":[{"damage_healed":0.0,"max_hp_gain":0.0,"max_hp_loss":0.0,"gold_gain":0.0,"event_name":"Scrap Ooze","player_choice":"Fled","floor":2.0,"gold_loss":0.0,"damage_taken":3.0},{"cards_removed":["Strike_G"],"damage_healed":0.0,"max_hp_gain":0.0,"max_hp_loss":0.0,"gold_gain":0.0,"event_name":"Purifier","player_choice":"Purged","floor":10.0,"gold_loss":0.0,"damage_taken":0.0},{"damage_healed":0.0,"max_hp_gain":0.0,"max_hp_loss":0.0,"gold_gain":275.0,"event_name":"Golden Shrine","player_choice":"Desecrate","floor":21.0,"gold_loss":0.0,"damage_taken":0.0,"cards_obtained":["Regret"]},{"cards_removed":["Strike_G"],"damage_healed":0.0,"max_hp_gain":0.0,"max_hp_loss":0.0,"gold_gain":0.0,"event_name":"Falling","player_choice":"Removed Attack","floor":41.0,"gold_loss":0.0,"damage_taken":0.0},{"damage_healed":0.0,"max_hp_gain":0.0,"max_hp_loss":0.0,"gold_gain":0.0,"event_name":"FaceTrader","player_choice":"Leave","floor":42.0,"gold_loss":0.0,"damage_taken":0.0}],"is_beta":false,"boss_relics":[{"not_picked":[]},{"not_picked":[]}],"items_purged_floors":[19,29,39],"is_endless":false,"potions_floor_spawned":[1,4,14,16,18,20,22,33,35,36,37,47,48],"ascension_level":0}