{"gold_per_floor":[368,379,329,22,37,37,69,69,69,144,144,174,174,249,249,326,326,342,354,367,381,381,381,393,393,438,438,457,457,131,131,131,206,206,217,231,251,251,92,92,123,137,137,37,37,0,10,10,10,10],"floor_reached":51,"playtime":987,"items_purged":["Strike_R","Strike_R"],"score":1098,"play_id":"0c58d224-bd70-4763-b649-4ae4e7bf176b","local_time":"20181218211655","is_ascension_mode":true,"campfire_choices":[{"data":"Heavy Blade","floor":6.0,"key":"SMITH"},{"data":"Whirlwind","floor":8.0,"key":"SMITH"},{"data":"Sword Boomerang","floor":11.0,"key":"SMITH"},{"data":"Double Tap","floor":15.0,"key":"SMITH"},{"floor":23.0,"key":"REST"},{"data":"Sword Boomerang","floor":25.0,"key":"SMITH"},{"data":"Bash","floor":27.0,"key":"SMITH"},{"data":"Shrug It Off","floor":29.0,"key":"SMITH"},{"data":"Battle Trance","floor":32.0,"key":"SMITH"},{"data":"Fiend Fire","floor":40.0,"key":"SMITH"},{"floor":49.0,"key":"REST"}],"neow_cost":"TEN_PERCENT_HP_LOSS","seed_source_timestamp":49059240928465,"circlet_count":0,"master_deck":["AscendersBane","Strike_R+1","Strike_R+1","Defend_R","Defend_R","Defend_R","Bash+1","Sword Boomerang+1","Heavy Blade+1","Sword Boomerang+1","Whirlwind+1","Double Tap+1","Shrug It Off","Shrug It Off+1","Battle Trance+1","Fiend Fire+1","Offering","Reaper"],"special_seed":0,"relics":["Burning Blood","Brimstone","Boot","Paper Frog","Frozen Egg 2","Philosopher\u0027s Stone","Whetstone","HandDrill","Velvet Choker","Dream Catcher","Bronze Scales","Red Mask"],"potions_floor_usage":[50,50],"damage_taken":[{"damage":11.0,"enemies":"2 Louse","floor":1.0,"turns":3.0},{"damage":2.0,"enemies":"Jaw Worm","floor":2.0,"turns":3.0},{"damage":4.0,"enemies":"Small Slimes","floor":5.0,"turns":2.0},{"damage":10.0,"enemies":"Gremlin Nob","floor":7.0,"turns":3.0},{"damage":11.0,"enemies":"3 Sentries","floor":12.0,"turns":2.0},{"damage":46.0,"enemies":"Hexaghost","floor":16.0,"turns":4.0},{"damage":12.0,"enemies":"2 Thieves","floor":18.0,"turns":3.0},{"damage":0.0,"enemies":"3 Byrds","floor":19.0,"turns":2.0},{"damage":17.0,"enemies":"Centurion and Healer","floor":20.0,"turns":3.0},{"damage":11.0,"enemies":"Cultist and Chosen","floor":21.0,"turns":3.0},{"damage":0.0,"enemies":"Snake Plant","floor":22.0,"turns":1.0},{"damage":6.0,"enemies":"Chosen and Byrds","floor":24.0,"turns":3.0},{"damage":0.0,"enemies":"3 Cultists","floor":28.0,"turns":2.0},{"damage":24.0,"enemies":"Collector","floor":33.0,"turns":5.0},{"damage":6.0,"enemies":"3 Shapes","floor":35.0,"turns":3.0},{"damage":13.0,"enemies":"Orb Walker","floor":36.0,"turns":2.0},{"damage":11.0,"enemies":"Sphere and 2 Shapes","floor":37.0,"turns":4.0},{"damage":24.0,"enemies":"Reptomancer","floor":41.0,"turns":4.0},{"damage":21.0,"enemies":"Writhing Mass","floor":42.0,"turns":3.0},{"damage":0.0,"enemies":"Jaw Worm Horde","floor":47.0,"turns":1.0},{"damage":86,"enemies":"Donu and Deca","floor":50,"turns":4}],"seed_played":"8243832056606535814","potions_obtained":[{"floor":7.0,"key":"LiquidBronze"},{"floor":12.0,"key":"SpeedPotion"},{"floor":16.0,"key":"SmokeBomb"},{"floor":24.0,"key":"SpeedPotion"}],"is_trial":false,"path_per_floor":["M","M","?","$","M","R","E","R","T","?","R","E","?","?","R","B",null,"M","M","M","M","M","R","M","R","T","R","M","R","$","?","R","B",null,"M","M","M","?","$","R","E","M","T","$","?","?","M","$","R","B",null],"character_chosen":"IRONCLAD","items_purchased":["Brimstone","Heavy Blade","Sword Boomerang","Block Potion","HandDrill","Offering"],"campfire_rested":2,"item_purchase_floors":[4,4,4,30,30,39],"current_hp_per_floor":[67,71,71,71,72,72,68,68,68,57,57,52,57,50,50,10,60,54,60,49,44,50,73,73,73,73,73,77,77,77,77,77,59,73,73,66,61,61,61,61,43,28,28,28,28,28,34,34,57,9],"gold":10,"neow_bonus":"TWO_FIFTY_GOLD","is_prod":false,"is_daily":false,"chose_seed":false,"campfire_upgraded":9,"win_rate":0,"timestamp":1545157015,"path_taken":["M","M","?","$","M","R","E","R","T","?","R","E","?","?","R","BOSS","M","?","M","?","M","R","?","R","T","R","M","R","$","?","R","BOSS","M","M","M","?","$","R","E","M","T","$","?","?","?","$","R","BOSS"],"build_version":"2018-12-13","purchased_purges":2,"victory":true,"max_hp_per_floor":[72,72,72,72,72,72,72,72,72,72,72,72,77,77,77,77,77,77,77,77,77,77,77,77,77,77,77,77,77,77,77,77,77,77,77,77,77,77,77,77,77,77,77,77,77,77,77,77,77,77],"card_choices":[{"not_picked":["Rupture","Clash"],"picked":"Sword Boomerang","floor":1.0},{"not_picked":["Hemokinesis","Perfected Strike","Body Slam"],"picked":"SKIP","floor":2.0},{"not_picked":["Dual Wield","Clothesline","Evolve"],"picked":"SKIP","floor":5.0},{"not_picked":["Warcry","Body Slam"],"picked":"Whirlwind","floor":7.0},{"not_picked":["Corruption","Entrench"],"picked":"Double Tap","floor":12.0},{"not_picked":["Anger","Armaments","Reckless Charge"],"picked":"SKIP","floor":18.0},{"not_picked":["Twin Strike+1","Seeing Red","Dropkick"],"picked":"SKIP","floor":19.0},{"not_picked":["Disarm","Infernal Blade"],"picked":"Shrug It Off","floor":20.0},{"not_picked":["Flex","Anger"],"picked":"Shrug It Off","floor":21.0},{"not_picked":["Reckless Charge","Sever Soul","True Grit"],"picked":"SKIP","floor":24.0},{"not_picked":["Shrug It Off","Second Wind","Perfected Strike"],"picked":"SKIP","floor":28.0},{"not_picked":["Juggernaut+1","Dark Embrace+1"],"picked":"Fiend Fire","floor":33.0},{"not_picked":["Thunderclap","Havoc","Headbutt"],"picked":"SKIP","floor":35.0},{"not_picked":["Wild Strike","Iron Wave+1","Whirlwind+1"],"picked":"SKIP","floor":36.0},{"not_picked":["Sword Boomerang","True Grit","Iron Wave+1"],"picked":"SKIP","floor":37.0},{"not_picked":["Hemokinesis","Feel No Pain+1"],"picked":"Reaper","floor":41.0},{"not_picked":["Dropkick","Pommel Strike","Headbutt"],"picked":"SKIP","floor":42.0},{"not_picked":["Body Slam","Rage","Pummel"],"picked":"SKIP","floor":47.0}],"player_experience":592926,"relics_obtained":[{"floor":7.0,"key":"Boot"},{"floor":9.0,"key":"Paper Frog"},{"floor":12.0,"key":"Frozen Egg 2"},{"floor":26.0,"key":"Whetstone"},{"floor":41.0,"key":"Dream Catcher"},{"floor":43.0,"key":"Bronze Scales"}],"event_choices":[{"cards_removed":["Strike_R"],"damage_healed":0.0,"max_hp_gain":0.0,"max_hp_loss":0.0,"gold_gain":0.0,"event_name":"The Cleric","player_choice":"Card Removal","floor":3.0,"gold_loss":50.0,"damage_taken":0.0},{"damage_healed":0.0,"max_hp_gain":0.0,"max_hp_loss":0.0,"gold_gain":75.0,"event_name":"World of Goop","player_choice":"Gather Gold","floor":10.0,"gold_loss":0.0,"damage_taken":11.0},{"damage_healed":0.0,"max_hp_gain":5.0,"max_hp_loss":0.0,"gold_gain":0.0,"event_name":"Big Fish","player_choice":"Donut","floor":13.0,"gold_loss":0.0,"damage_taken":0.0},{"damage_healed":0.0,"max_hp_gain":0.0,"max_hp_loss":0.0,"gold_gain":75.0,"event_name":"FaceTrader","player_choice":"Touch","floor":14.0,"gold_loss":0.0,"damage_taken":7.0},{"damage_healed":0.0,"max_hp_gain":0.0,"max_hp_loss":0.0,"gold_gain":0.0,"event_name":"The Library","player_choice":"Read","floor":31.0,"gold_loss":0.0,"damage_taken":0.0,"cards_obtained":["Battle Trance"]},{"cards_removed":["Defend_R"],"damage_healed":0.0,"max_hp_gain":0.0,"max_hp_loss":0.0,"gold_gain":0.0,"event_name":"Falling","player_choice":"Removed Skill","floor":38.0,"gold_loss":0.0,"damage_taken":0.0},{"damage_healed":0.0,"max_hp_gain":0.0,"max_hp_loss":0.0,"gold_gain":0.0,"event_name":"Mysterious Sphere","player_choice":"Ignored","floor":45.0,"gold_loss":0.0,"damage_taken":0.0},{"damage_healed":0.0,"max_hp_gain":0.0,"max_hp_loss":0.0,"gold_gain":0.0,"event_name":"Tomb of Lord Red Mask","player_choice":"Paid","floor":46.0,"gold_loss":37.0,"damage_taken":0.0,"relics_obtained":["Red Mask"]}],"is_beta":false,"boss_relics":[{"not_picked":["Runic Cube","Pandora\u0027s Box"],"picked":"Philosopher\u0027s Stone"},{"not_picked":["Snecko Eye","Runic Pyramid"],"picked":"Velvet Choker"}],"items_purged_floors":[30,44],"is_endless":false,"potions_floor_spawned":[7,12,16,20,22,24,33,35,37,47],"ascension_level":13}