{"gold_per_floor":[116,116,116,93,105,117,160,189,201,242,254,278,465,492,504,587,599,631,643,665,677,699,711,752,764,802,814,449,394,394,410,410,483,483,502,502,45,59,32,32,67,67,67,79,79,111,111],"floor_reached":47,"playtime":1971,"items_purged":["Regret","Strike_B+1"],"score":878,"play_id":"6ca7f317-95f1-4229-8d0a-6c164aed555f","local_time":"20190101220036","is_ascension_mode":true,"campfire_choices":[{"data":"Zap","floor":6.0,"key":"SMITH"},{"data":"Ball Lightning","floor":11.0,"key":"SMITH"},{"data":"Hologram","floor":15.0,"key":"SMITH"},{"floor":23.0,"key":"REST"},{"data":"Capacitor","floor":25.0,"key":"SMITH"},{"floor":27.0,"key":"REST"},{"data":"Consume","floor":30,"key":"SMITH"},{"floor":32,"key":"REST"},{"floor":40,"key":"REST"},{"floor":42,"key":"REST"}],"neow_cost":"NONE","seed_source_timestamp":33558873865051,"circlet_count":0,"master_deck":["AscendersBane","Strike_B+1","Strike_B+1","Strike_B+1","Defend_B+1","Defend_B+1","Defend_B+1","Zap+1","Coolheaded+1","Ball Lightning+1","BootSequence","Hologram+1","Coolheaded+1","Echo Form","Undo","Glacier","Streamline","Glacier","Capacitor+1","Consume+1","Loop","Conserve Battery","Cold Snap","Discovery","Force Field+1","Ball Lightning","Creative AI","Sunder+1","Loop","Electrodynamics","Defragment","Blizzard","Sweeping Beam","Defragment"],"special_seed":0,"relics":["Cracked Core","NeowsBlessing","MawBank","Bag of Marbles","Meat on the Bone","Dream Catcher","Cursed Key","Oddly Smooth Stone","Art of War","Omamori","Tiny Chest","Astrolabe","Cables","Orichalcum","War Paint"],"potions_floor_usage":[33,41,46,47],"damage_taken":[{"damage":0.0,"enemies":"Cultist","floor":1.0,"turns":1.0},{"damage":0.0,"enemies":"Gremlin Nob","floor":7.0,"turns":1.0},{"damage":0.0,"enemies":"Small Slimes","floor":8.0,"turns":1.0},{"damage":21.0,"enemies":"Lagavulin","floor":10.0,"turns":5.0},{"damage":0.0,"enemies":"2 Louse","floor":12.0,"turns":3.0},{"damage":0.0,"enemies":"Exordium Wildlife","floor":14.0,"turns":2.0},{"damage":37.0,"enemies":"Hexaghost","floor":16.0,"turns":14.0},{"damage":47.0,"enemies":"3 Byrds","floor":18.0,"turns":6.0},{"damage":0.0,"enemies":"Chosen","floor":20.0,"turns":6.0},{"damage":0.0,"enemies":"Centurion and Healer","floor":22.0,"turns":12.0},{"damage":37.0,"enemies":"Book of Stabbing","floor":24.0,"turns":7.0},{"damage":38,"enemies":"Cultist and Chosen","floor":31,"turns":7},{"damage":38,"enemies":"Champ","floor":33,"turns":14},{"damage":34,"enemies":"3 Darklings","floor":35,"turns":7},{"damage":0,"enemies":"3 Shapes","floor":38,"turns":4},{"damage":57,"enemies":"Giant Head","floor":41,"turns":13},{"damage":8,"enemies":"Spire Growth","floor":44,"turns":8},{"damage":38,"enemies":"Reptomancer","floor":46,"turns":9},{"damage":32,"enemies":"Transient","floor":47,"turns":5}],"seed_played":"-3072367550855217825","potions_obtained":[{"floor":1.0,"key":"SpeedPotion"},{"floor":12.0,"key":"FearPotion"},{"floor":18.0,"key":"Ancient Potion"},{"floor":38,"key":"EssenceOfSteel"},{"floor":44,"key":"Weak Potion"},{"floor":46,"key":"Fire Potion"}],"is_trial":false,"path_per_floor":["M","?","?","?","$","R","E","M","T","E","R","M","?","M","R","B",null,"M","?","M","?","M","R","E","R","T","R","$","?","R","M","R","B",null,"M","?","$","M","$","R","E","R","T","M","$","E","M"],"character_chosen":"DEFECT","items_purchased":["Loop","Conserve Battery","Cold Snap","Discovery","PowerPotion","Defragment","Blizzard","Cables","Sweeping Beam"],"campfire_rested":5,"item_purchase_floors":[28,28,28,28,28,37,37,37,39],"current_hp_per_floor":[68,53,35,53,53,53,53,53,53,44,44,44,44,44,44,19,61,26,26,38,38,38,60,35,35,35,57,57,57,57,31,53,27,63,41,41,41,41,41,63,18,40,40,44,44,18,0],"gold":111,"neow_bonus":"THREE_ENEMY_KILL","is_prod":false,"is_daily":false,"chose_seed":false,"campfire_upgraded":5,"win_rate":0,"timestamp":1546369236,"path_taken":["M","?","?","?","$","R","E","?","T","E","R","M","?","M","R","BOSS","M","?","M","?","M","R","E","R","T","R","$","?","R","M","R","BOSS","M","?","$","M","$","R","E","R","T","M","?","E","M"],"build_version":"2018-12-20","purchased_purges":2,"victory":false,"max_hp_per_floor":[75,75,75,75,75,75,75,75,75,75,75,75,75,75,75,75,75,75,75,75,75,75,75,75,75,75,75,75,75,75,75,75,75,75,75,75,75,75,75,75,75,75,75,75,75,75,75],"card_choices":[{"not_picked":["Rebound","Sweeping Beam"],"picked":"Coolheaded","floor":1.0},{"not_picked":["Redo","Turbo","Gash"],"picked":"SKIP","floor":7.0},{"not_picked":["Chill","Storm"],"picked":"Ball Lightning","floor":8.0},{"not_picked":["Gash","Barrage"],"picked":"BootSequence","floor":10.0},{"not_picked":["Redo","Force Field"],"picked":"Hologram","floor":12.0},{"not_picked":["Stack","Redo"],"picked":"Coolheaded","floor":14.0},{"not_picked":["Reboot","Machine Learning"],"picked":"Echo Form","floor":16.0},{"not_picked":["Rebound","Chaos"],"picked":"Undo","floor":18.0},{"not_picked":["Consume","Redo"],"picked":"Glacier","floor":20.0},{"not_picked":["Steam","Gash"],"picked":"Streamline","floor":22.0},{"not_picked":["Storm","Recycle"],"picked":"Glacier","floor":23.0},{"not_picked":["Genetic Algorithm","Chaos"],"picked":"Capacitor","floor":24.0},{"not_picked":["Auto Shields","Ball Lightning"],"picked":"Consume","floor":27.0},{"not_picked":["Hyperbeam","Gash"],"picked":"Force Field","floor":31},{"not_picked":["Cold Snap","Fusion"],"picked":"Ball Lightning","floor":32},{"not_picked":["Machine Learning","Fission"],"picked":"Creative AI","floor":33},{"not_picked":["Steam","Coolheaded"],"picked":"Loop","floor":35},{"not_picked":["Stack+1","Gash","Hologram"],"picked":"SKIP","floor":38},{"not_picked":["Steam","Stack","Conserve Battery+1"],"picked":"SKIP","floor":41},{"not_picked":["Redo","Fusion","Stack"],"picked":"SKIP","floor":44},{"not_picked":["Streamline+1","Storm+1"],"picked":"Defragment","floor":46}],"player_experience":633586,"relics_obtained":[{"floor":7.0,"key":"Bag of Marbles"},{"floor":9.0,"key":"Meat on the Bone"},{"floor":10.0,"key":"Dream Catcher"},{"floor":24.0,"key":"Art of War"},{"floor":26.0,"key":"Omamori"},{"floor":41,"key":"Orichalcum"},{"floor":46,"key":"War Paint"}],"event_choices":[{"damage_healed":0.0,"max_hp_gain":0.0,"max_hp_loss":0.0,"gold_gain":0.0,"event_name":"Shining Light","player_choice":"Entered Light","floor":2.0,"gold_loss":0.0,"damage_taken":15.0,"cards_upgraded":["Strike_B","Coolheaded"]},{"damage_healed":0.0,"max_hp_gain":0.0,"max_hp_loss":0.0,"gold_gain":0.0,"event_name":"Scrap Ooze","player_choice":"Success","floor":3.0,"gold_loss":0.0,"damage_taken":18.0,"relics_obtained":["MawBank"]},{"damage_healed":18.0,"max_hp_gain":0.0,"max_hp_loss":0.0,"gold_gain":0.0,"event_name":"The Cleric","player_choice":"Healed","floor":4.0,"gold_loss":35.0,"damage_taken":0.0},{"damage_healed":0.0,"max_hp_gain":0.0,"max_hp_loss":0.0,"gold_gain":175.0,"event_name":"Liars Game","player_choice":"AGREE","floor":13.0,"gold_loss":0.0,"damage_taken":0.0,"cards_obtained":["Doubt"]},{"damage_healed":0.0,"max_hp_gain":0.0,"max_hp_loss":0.0,"gold_gain":0.0,"event_name":"Back to Basics","player_choice":"Simplicity","floor":19.0,"gold_loss":0.0,"damage_taken":0.0,"cards_upgraded":["Strike_B","Strike_B","Strike_B","Defend_B","Defend_B","Defend_B","Defend_B"]},{"damage_healed":0.0,"max_hp_gain":0.0,"max_hp_loss":0.0,"gold_gain":0.0,"event_name":"The Mausoleum","player_choice":"Opened","floor":21.0,"gold_loss":0.0,"damage_taken":0.0,"relics_obtained":["Oddly Smooth Stone"],"cards_obtained":["Writhe"]},{"damage_healed":0,"gold_gain":0,"player_choice":"Obtained Relic","damage_taken":0,"relics_obtained":["Tiny Chest"],"max_hp_gain":0,"max_hp_loss":0,"event_name":"Addict","floor":29,"gold_loss":85},{"damage_healed":0,"gold_gain":0,"cards_transformed":["Defend_B"],"player_choice":"Transformed","damage_taken":0,"max_hp_gain":0,"max_hp_loss":0,"event_name":"Transmorgrifier","floor":36,"gold_loss":0,"cards_obtained":["Electrodynamics"]}],"is_beta":false,"boss_relics":[{"not_picked":["Coffee Dripper","Eternal Feather"],"picked":"Cursed Key"},{"not_picked":["Runic Dome","Busted Crown"],"picked":"Astrolabe"}],"items_purged_floors":[28,37],"is_endless":false,"potions_floor_spawned":[1,12,18,20,31,38,44,46],"killed_by":"Transient","ascension_level":13}