{"gold_per_floor":[110,110,123,73,93,93,127,127,127,24,42,58,133,133,133,207,207,117,117,117,117,117,117,117],"floor_reached":24,"playtime":780,"items_purged":[],"score":320,"play_id":"8111b977-a3f5-46a4-b3e6-00c93ee2673e","local_time":"20190106010907","is_ascension_mode":true,"campfire_choices":[{"data":"Neutralize","floor":6,"key":"SMITH"},{"floor":8,"key":"REST"},{"data":"Noxious Fumes","floor":15,"key":"SMITH"},{"floor":23,"key":"REST"}],"neow_cost":"NONE","seed_source_timestamp":42625186780522,"circlet_count":0,"master_deck":["AscendersBane","Defend_G","Defend_G","Defend_G","Defend_G","Defend_G","Strike_G","Strike_G","Strike_G","Strike_G","Survivor","Neutralize+1","Sucker Punch","Poisoned Stab","Deflect","Noxious Fumes+1","Prepared","Heel Hook","PiercingWail","Catalyst","Malaise","Crippling Poison","Skewer+1"],"relics":["Ring of the Snake","NeowsBlessing","Tough Bandages","Ectoplasm","Centennial Puzzle","Nloth\u0027s Gift"],"potions_floor_usage":[7,16],"damage_taken":[{"damage":0,"enemies":"Small Slimes","floor":1,"turns":1},{"damage":0,"enemies":"Jaw Worm","floor":3,"turns":1},{"damage":0,"enemies":"2 Louse","floor":5,"turns":1},{"damage":36,"enemies":"Lagavulin","floor":7,"turns":10},{"damage":15,"enemies":"Exordium Wildlife","floor":11,"turns":6},{"damage":6,"enemies":"Large Slime","floor":12,"turns":9},{"damage":20,"enemies":"Hexaghost","floor":16,"turns":10},{"damage":30,"enemies":"2 Thieves","floor":18,"turns":5},{"damage":7,"enemies":"Chosen","floor":22,"turns":8},{"damage":34,"enemies":"Slavers","floor":24,"turns":4}],"seed_played":"4926941422204240257","potions_obtained":[{"floor":1,"key":"Strength Potion"},{"floor":3,"key":"SneckoOil"}],"is_trial":false,"path_per_floor":["M","?","M","?","M","R","E","R","T","$","M","M","?","?","R","B",null,"M","?","?","?","M","R","E"],"character_chosen":"THE_SILENT","items_purchased":["Prepared","Heel Hook"],"campfire_rested":2,"item_purchase_floors":[10,10],"current_hp_per_floor":[63,68,68,68,68,68,32,54,54,54,39,33,22,22,22,2,57,27,13,13,13,6,30,0],"gold":117,"neow_bonus":"THREE_ENEMY_KILL","is_prod":false,"is_daily":false,"chose_seed":false,"campfire_upgraded":2,"win_rate":0,"timestamp":1546726147,"path_taken":["M","?","M","?","M","R","E","R","T","$","M","M","?","?","R","BOSS","M","?","?","?","?","R","E"],"build_version":"2019-01-03v4","purchased_purges":0,"victory":false,"max_hp_per_floor":[70,75,75,75,75,75,75,75,75,75,75,75,75,75,75,75,75,75,80,80,80,80,80,80],"card_choices":[{"not_picked":["Concentrate","Slice"],"picked":"Sucker Punch","floor":1},{"not_picked":["Flechettes","Masterful Stab"],"picked":"Poisoned Stab","floor":3},{"not_picked":["Dagger Throw","Cloak And Dagger"],"picked":"Deflect","floor":5},{"not_picked":["Outmaneuver","Flying Knee"],"picked":"Noxious Fumes","floor":7},{"not_picked":["Dodge and Roll","Deadly Poison"],"picked":"PiercingWail","floor":11},{"not_picked":["Concentrate","Blur"],"picked":"Catalyst","floor":12},{"not_picked":["Phantasmal Killer","Grand Finale"],"picked":"Malaise","floor":16},{"not_picked":["Poisoned Stab","Distraction"],"picked":"Crippling Poison","floor":18},{"not_picked":["Outmaneuver","Predator"],"picked":"Skewer+1","floor":22}],"player_experience":654532,"relics_obtained":[{"floor":7,"key":"Tough Bandages"},{"floor":9,"key":"Girya"}],"event_choices":[{"damage_healed":0,"gold_gain":0,"player_choice":"Donut","damage_taken":0,"max_hp_gain":5,"max_hp_loss":0,"event_name":"Big Fish","floor":2,"gold_loss":0},{"cards_removed":["Strike_G"],"damage_healed":0,"gold_gain":0,"player_choice":"Card Removal","damage_taken":0,"max_hp_gain":0,"max_hp_loss":0,"event_name":"The Cleric","floor":4,"gold_loss":50},{"damage_healed":0,"gold_gain":75,"player_choice":"Gather Gold","damage_taken":11,"max_hp_gain":0,"max_hp_loss":0,"event_name":"World of Goop","floor":13,"gold_loss":0},{"damage_healed":0,"gold_gain":0,"player_choice":"Ignored","damage_taken":0,"max_hp_gain":0,"max_hp_loss":0,"event_name":"Golden Idol","floor":14,"gold_loss":0},{"damage_healed":0,"gold_gain":0,"player_choice":"Shed Blood","damage_taken":19,"max_hp_gain":5,"max_hp_loss":0,"event_name":"Forgotten Altar","floor":19,"gold_loss":0},{"damage_healed":0,"gold_gain":0,"player_choice":"Opened","damage_taken":0,"relics_obtained":["Centennial Puzzle"],"max_hp_gain":0,"max_hp_loss":0,"event_name":"The Mausoleum","floor":20,"gold_loss":0},{"damage_healed":0,"gold_gain":0,"player_choice":"Traded Relic","damage_taken":0,"relics_obtained":["Nloth\u0027s Gift"],"max_hp_gain":0,"max_hp_loss":0,"event_name":"N\u0027loth","floor":21,"relics_lost":["Girya"],"gold_loss":0}],"is_beta":false,"boss_relics":[{"not_picked":["Orrery","Cursed Key"],"picked":"Ectoplasm"}],"items_purged_floors":[],"is_endless":false,"potions_floor_spawned":[1,3],"killed_by":"Slavers","ascension_level":13}