{"gold_per_floor":[116,116,134,147,164,164,189,205,205,223,223,62,62,72,72,174,174,193,203,203,203,214,214,232,243,243,243,253,273,273,304,316,328],"floor_reached":33,"playtime":977,"items_purged":["Strike_R"],"score":410,"play_id":"d57c0fa0-ab9e-430f-b1cf-24f7ec264794","local_time":"20181209210714","is_ascension_mode":true,"campfire_choices":[{"data":"Iron Wave","floor":6,"key":"SMITH"},{"data":"Cleave","floor":11,"key":"SMITH"},{"data":"Whirlwind","floor":13,"key":"SMITH"},{"floor":15,"key":"REST"},{"floor":23,"key":"REST"},{"data":"Disarm","floor":27,"key":"SMITH"},{"floor":30,"key":"REST"},{"data":"Flex","floor":32,"key":"SMITH"}],"neow_cost":"NONE","seed_source_timestamp":31449643039350,"circlet_count":0,"master_deck":["AscendersBane","Strike_R","Strike_R","Strike_R","Strike_R","Defend_R","Defend_R","Defend_R","Defend_R","Bash","Cleave+1","Iron Wave+1","Pommel Strike","Clothesline","Disarm+1","Whirlwind+1","Shrug It Off","Flex+1","Offering","Armaments+1","Flex","Disarm+1","Shrug It Off","Body Slam+1","Shrug It Off+1","Corruption+1"],"relics":["Burning Blood","NeowsBlessing","Bag of Marbles","Regal Pillow","Velvet Choker","Anchor","MawBank"],"potions_floor_usage":[7,25,33,33,33],"damage_taken":[{"damage":0,"enemies":"Small Slimes","floor":1,"turns":1},{"damage":0,"enemies":"Cultist","floor":3,"turns":1},{"damage":0,"enemies":"Jaw Worm","floor":4,"turns":1},{"damage":16,"enemies":"Large Slime","floor":5,"turns":6},{"damage":10,"enemies":"3 Sentries","floor":7,"turns":3},{"damage":4,"enemies":"Looter","floor":8,"turns":4},{"damage":23,"enemies":"Lots of Slimes","floor":10,"turns":4},{"damage":31,"enemies":"Exordium Thugs","floor":14,"turns":5},{"damage":47,"enemies":"The Guardian","floor":16,"turns":14},{"damage":6,"enemies":"2 Thieves","floor":18,"turns":1},{"damage":14,"enemies":"Spheric Guardian","floor":19,"turns":4},{"damage":30,"enemies":"Snecko","floor":22,"turns":4},{"damage":8,"enemies":"Chosen and Byrds","floor":24,"turns":6},{"damage":17,"enemies":"Snake Plant","floor":25,"turns":6},{"damage":16,"enemies":"Snecko","floor":28,"turns":5},{"damage":6,"enemies":"Cultist and Chosen","floor":29,"turns":6},{"damage":7,"enemies":"Book of Stabbing","floor":31,"turns":6},{"damage":89,"enemies":"Automaton","floor":33,"turns":8}],"seed_played":"1432119957901700183","potions_obtained":[{"floor":1,"key":"EssenceOfSteel"},{"floor":3,"key":"AttackPotion"},{"floor":4,"key":"AttackPotion"},{"floor":14,"key":"Explosive Potion"},{"floor":22,"key":"Fruit Juice"},{"floor":25,"key":"SkillPotion"}],"is_trial":false,"path_per_floor":["M","?","M","M","M","R","E","M","T","M","R","$","R","M","R","B",null,"M","M","?","?","M","R","M","M","T","R","M","M","R","E","R","B"],"character_chosen":"IRONCLAD","items_purchased":["Whirlwind","Shrug It Off"],"campfire_rested":3,"item_purchase_floors":[12,12],"current_hp_per_floor":[78,78,80,80,70,70,66,68,68,51,51,51,51,26,65,24,66,66,58,58,43,19,59,57,51,51,51,41,41,83,82,82,0],"gold":328,"neow_bonus":"THREE_ENEMY_KILL","is_prod":false,"is_daily":false,"chose_seed":false,"campfire_upgraded":5,"win_rate":0,"timestamp":1544378834,"path_taken":["M","?","M","?","?","R","E","M","T","M","R","$","R","M","R","BOSS","M","M","?","?","M","R","M","M","T","R","?","M","R","E","R","BOSS"],"build_version":"2018-12-06","purchased_purges":1,"victory":false,"max_hp_per_floor":[80,80,80,80,80,80,80,80,80,80,80,80,80,80,80,80,80,80,80,80,85,85,85,85,90,90,90,90,90,90,90,90,90],"card_choices":[{"not_picked":["Rupture","Rampage"],"picked":"Cleave","floor":1},{"not_picked":["Dual Wield","Body Slam"],"picked":"Iron Wave","floor":3},{"not_picked":["Warcry","True Grit"],"picked":"Pommel Strike","floor":4},{"not_picked":["Hemokinesis","Headbutt","Wild Strike"],"picked":"SKIP","floor":5},{"not_picked":["Heavy Blade","Headbutt"],"picked":"Clothesline","floor":7},{"not_picked":["Anger","Power Through","Infernal Blade"],"picked":"SKIP","floor":8},{"not_picked":["Wild Strike","Perfected Strike"],"picked":"Disarm","floor":10},{"not_picked":["Feel No Pain","Warcry"],"picked":"Flex","floor":14},{"not_picked":["Barricade","Juggernaut"],"picked":"Offering","floor":16},{"not_picked":["Wild Strike","Flex"],"picked":"Armaments+1","floor":18},{"not_picked":["Warcry","Pommel Strike"],"picked":"Flex","floor":19},{"not_picked":["Sever Soul","Shockwave+1"],"picked":"Disarm+1","floor":22},{"not_picked":["Sever Soul","Flex+1"],"picked":"Shrug It Off","floor":24},{"not_picked":["Wild Strike+1","Thunderclap","Warcry"],"picked":"SKIP","floor":25},{"not_picked":["True Grit+1","Wild Strike+1"],"picked":"Body Slam+1","floor":28},{"not_picked":["Metallicize","True Grit"],"picked":"Shrug It Off+1","floor":29},{"not_picked":["Exhume","Body Slam+1"],"picked":"Corruption+1","floor":31}],"player_experience":579335,"relics_obtained":[{"floor":7,"key":"Bag of Marbles"},{"floor":9,"key":"Regal Pillow"},{"floor":26,"key":"Anchor"},{"floor":31,"key":"MawBank"}],"event_choices":[{"damage_healed":0,"gold_gain":0,"player_choice":"0 cards matched","damage_taken":0,"max_hp_gain":0,"max_hp_loss":0,"event_name":"Match and Keep!","floor":2,"gold_loss":0,"cards_obtained":[]},{"damage_healed":0,"gold_gain":0,"player_choice":"Ignored","damage_taken":0,"max_hp_gain":0,"max_hp_loss":0,"event_name":"Ghosts","floor":20,"gold_loss":0},{"damage_healed":0,"gold_gain":0,"player_choice":"Shed Blood","damage_taken":20,"max_hp_gain":5,"max_hp_loss":0,"event_name":"Forgotten Altar","floor":21,"gold_loss":0}],"is_beta":false,"boss_relics":[{"not_picked":["Fusion Hammer","Busted Crown"],"picked":"Velvet Choker"}],"items_purged_floors":[12],"is_endless":false,"potions_floor_spawned":[1,3,4,14,16,22,25,28,29],"killed_by":"Automaton","ascension_level":10}