{"gold_per_floor":[109,125,125,125,75,75,86,86,86,86,48,61,93,106,106,205,205,225,225,82,102,113,113,126,157,204,204,26,40,53,53,53,152,152,169,25,77,91,110,110,138,138,138,138,238,249,284,300,300,300,300,300,18,53,53],"floor_reached":56,"playtime":2504,"items_purged":["Strike_B","Strike_B"],"score":1432,"play_id":"9ee2aecc-c486-4619-afd7-160e0a9f9ba9","local_time":"20181125225713","is_ascension_mode":false,"campfire_choices":[{"data":"Ball Lightning","floor":6.0,"key":"SMITH"},{"data":"Zap","floor":8.0,"key":"SMITH"},{"data":"Buffer","floor":10.0,"key":"SMITH"},{"data":"Hologram","floor":15.0,"key":"SMITH"},{"data":"Defragment","floor":23.0,"key":"SMITH"},{"data":"Lockon","floor":27.0,"key":"SMITH"},{"data":"Fission","floor":32.0,"key":"SMITH"},{"floor":40.0,"key":"RECALL"},{"floor":42.0,"key":"REST"},{"floor":49.0,"key":"REST"},{"floor":52.0,"key":"REST"}],"neow_cost":"NONE","seed_source_timestamp":38942789368513,"circlet_count":0,"master_deck":["Strike_B+1","Defend_B","Defend_B","Defend_B","Defend_B","Zap+1","Dualcast","Buffer+1","Ball Lightning+1","Ball Lightning+1","Cold Snap","Melter","Hologram+1","White Noise","Lockon+1","Fission+1","Leap+1","Consume","FTL","Defragment+1","Capacitor+1","Buffer+1","Coolheaded+1","Glacier+1","Thunder Strike","Undo","White Noise","Defragment+1"],"special_seed":0,"relics":["FrozenCore","Pear","Bag of Preparation","Bronze Scales","Frozen Egg 2","Pen Nib","Fusion Hammer","Art of War","Juzu Bracelet","Mercury Hourglass","Mango","Ice Cream","Runic Capacitor","Symbiotic Virus"],"potions_floor_usage":[55,55,55],"damage_taken":[{"damage":0.0,"enemies":"2 Louse","floor":1.0,"turns":2.0},{"damage":0.0,"enemies":"Small Slimes","floor":2.0,"turns":2.0},{"damage":1.0,"enemies":"Jaw Worm","floor":7.0,"turns":2.0},{"damage":1.0,"enemies":"Exordium Thugs","floor":12.0,"turns":3.0},{"damage":0.0,"enemies":"Gremlin Nob","floor":13.0,"turns":4.0},{"damage":0.0,"enemies":"Large Slime","floor":14.0,"turns":3.0},{"damage":33.0,"enemies":"Hexaghost","floor":16.0,"turns":8.0},{"damage":0.0,"enemies":"Spheric Guardian","floor":18.0,"turns":2.0},{"damage":7.0,"enemies":"3 Byrds","floor":21.0,"turns":3.0},{"damage":7.0,"enemies":"Snake Plant","floor":22.0,"turns":6.0},{"damage":0.0,"enemies":"Snecko","floor":24.0,"turns":5.0},{"damage":18.0,"enemies":"Book of Stabbing","floor":25.0,"turns":5.0},{"damage":10.0,"enemies":"Centurion and Healer","floor":29.0,"turns":5.0},{"damage":0.0,"enemies":"Shelled Parasite and Fungi","floor":30.0,"turns":6.0},{"damage":0.0,"enemies":"Collector","floor":33.0,"turns":9.0},{"damage":8.0,"enemies":"3 Darklings","floor":35.0,"turns":5.0},{"damage":9.0,"enemies":"3 Shapes","floor":38.0,"turns":4.0},{"damage":0.0,"enemies":"Transient","floor":39.0,"turns":5.0},{"damage":6.0,"enemies":"Nemesis","floor":41.0,"turns":11.0},{"damage":0.0,"enemies":"Mind Bloom Boss Battle","floor":45.0,"turns":5.0},{"damage":1.0,"enemies":"Spire Growth","floor":46.0,"turns":5.0},{"damage":0.0,"enemies":"Giant Head","floor":47.0,"turns":10.0},{"damage":0.0,"enemies":"Maw","floor":48.0,"turns":7.0},{"damage":0.0,"enemies":"Time Eater","floor":50.0,"turns":10.0},{"damage":12,"enemies":"Shield and Spear","floor":54,"turns":8},{"damage":42,"enemies":"The Heart","floor":55,"turns":11}],"seed_played":"5812366691140674514","potions_obtained":[{"floor":12.0,"key":"Ancient Potion"},{"floor":13.0,"key":"GamblersBrew"},{"floor":14.0,"key":"Ancient Potion"},{"floor":22.0,"key":"Dexterity Potion"},{"floor":30.0,"key":"PowerPotion"}],"is_trial":false,"path_per_floor":["M","M","?","?","?","R","M","R","T","R","$","M","E","M","R","B",null,"M","?","$","M","M","R","M","E","T","R","$","M","M","?","R","B",null,"M","$","T","M","M","R","E","R","T","?","?","M","E","M","R","B",null,"R","$","E","B",null],"character_chosen":"DEFECT","items_purchased":["Melter","Consume","Capacitor+1","Art of War","Runic Capacitor","Defragment+1","SkillPotion"],"campfire_rested":3,"item_purchase_floors":[11,20,28,36,53,53,53],"current_hp_per_floor":[75,75,75,60,60,60,59,59,69,69,69,68,68,68,68,35,85,85,85,85,78,71,71,71,53,53,53,53,43,43,43,43,43,85,77,77,77,68,68,68,62,85,85,85,99,98,98,98,99,99,99,99,99,87,45],"gold":53,"neow_bonus":"ONE_RANDOM_RARE_CARD","is_prod":false,"is_daily":false,"chose_seed":false,"campfire_upgraded":7,"win_rate":0,"timestamp":1543175833,"path_taken":["M","M","?","?","?","R","M","R","T","R","?","M","E","?","R","BOSS","M","?","$","M","M","R","M","E","T","R","$","M","M","?","R","BOSS","M","$","?","M","M","R","E","R","T","?","?","M","E","M","R","BOSS","R","$","E","BOSS"],"build_version":"2018-11-15","purchased_purges":2,"victory":true,"max_hp_per_floor":[75,75,75,75,75,75,75,75,85,85,85,85,85,85,85,85,85,85,85,85,85,85,85,85,85,85,85,85,85,85,85,85,85,85,85,85,85,85,85,85,85,85,85,85,99,99,99,99,99,99,99,99,99,99,99],"card_choices":[{"not_picked":["Hologram","Leap"],"picked":"Ball Lightning","floor":1.0},{"not_picked":["Stack","Aggregate"],"picked":"Ball Lightning","floor":2.0},{"not_picked":["Stack","Chill"],"picked":"Cold Snap","floor":7.0},{"not_picked":["Ball Lightning","Steam"],"picked":"Hologram","floor":12.0},{"not_picked":["BootSequence","Blizzard"],"picked":"White Noise","floor":13.0},{"not_picked":["Doom and Gloom","Scrape"],"picked":"Lockon","floor":14.0},{"not_picked":["All For One","Reboot"],"picked":"Fission","floor":16.0},{"not_picked":["Reprogram","Stack"],"picked":"Leap+1","floor":18.0},{"not_picked":["Blizzard+1","Stack+1"],"picked":"FTL","floor":21.0},{"not_picked":["Barrage","Coolheaded"],"picked":"Defragment","floor":22.0},{"not_picked":["Lockon","Scrape","Double Energy"],"picked":"SKIP","floor":24.0},{"not_picked":["Melter","Ball Lightning","Go for the Eyes"],"picked":"SKIP","floor":25.0},{"not_picked":["Rebound","Chaos"],"picked":"Buffer+1","floor":29.0},{"not_picked":["Leap","Cold Snap","Stack"],"picked":"SKIP","floor":30.0},{"not_picked":["Reinforced Body+1","Stack"],"picked":"Coolheaded+1","floor":35.0},{"not_picked":["Cold Snap","Conserve Battery","Go for the Eyes"],"picked":"SKIP","floor":38.0},{"not_picked":["Recycle+1","FTL+1"],"picked":"Glacier+1","floor":39.0},{"not_picked":["Cold Snap","Gash"],"picked":"Thunder Strike","floor":41.0},{"not_picked":["Stack","Ball Lightning"],"picked":"Undo","floor":45.0},{"not_picked":["Tempest+1","Ball Lightning+1","Cold Snap+1"],"picked":"SKIP","floor":46.0},{"not_picked":["Beam Cell","Storm+1"],"picked":"White Noise","floor":47.0},{"not_picked":["Leap","Go for the Eyes+1","Turbo"],"picked":"SKIP","floor":48.0},{"not_picked":["Reprogram","Cold Snap","Machine Learning+1"],"picked":"SKIP","floor":54}],"player_experience":543219,"relics_obtained":[{"floor":9.0,"key":"Pear"},{"floor":13.0,"key":"Bag of Preparation"},{"floor":25.0,"key":"Frozen Egg 2"},{"floor":26.0,"key":"Pen Nib"},{"floor":41.0,"key":"Juzu Bracelet"},{"floor":43.0,"key":"Mercury Hourglass"},{"floor":45.0,"key":"Mango"},{"floor":47.0,"key":"Ice Cream"},{"floor":54,"key":"Symbiotic Virus"}],"event_choices":[{"damage_healed":0.0,"max_hp_gain":0.0,"max_hp_loss":0.0,"gold_gain":0.0,"event_name":"Liars Game","player_choice":"Ignored","floor":3.0,"gold_loss":0.0,"damage_taken":0.0},{"damage_healed":0.0,"max_hp_gain":0.0,"max_hp_loss":0.0,"gold_gain":0.0,"event_name":"Shining Light","player_choice":"Entered Light","floor":4.0,"gold_loss":0.0,"damage_taken":15.0,"cards_upgraded":["Ball Lightning","Strike_B"]},{"cards_removed":["Strike_B"],"damage_healed":0.0,"max_hp_gain":0.0,"max_hp_loss":0.0,"gold_gain":0.0,"event_name":"The Cleric","player_choice":"Card Removal","floor":5.0,"gold_loss":50.0,"damage_taken":0.0},{"damage_healed":0.0,"max_hp_gain":0.0,"max_hp_loss":0.0,"gold_gain":0.0,"event_name":"The Mausoleum","player_choice":"Opened","floor":19.0,"gold_loss":0.0,"damage_taken":0.0,"relics_obtained":["Bronze Scales"]},{"damage_healed":0.0,"max_hp_gain":0.0,"max_hp_loss":0.0,"gold_gain":0.0,"event_name":"NoteForYourself","player_choice":"Ignored","floor":31.0,"gold_loss":0.0,"damage_taken":0.0},{"damage_healed":0.0,"max_hp_gain":0.0,"max_hp_loss":0.0,"gold_gain":0.0,"event_name":"SecretPortal","player_choice":"Ignored","floor":44.0,"gold_loss":0.0,"damage_taken":0.0},{"damage_healed":0.0,"max_hp_gain":0.0,"max_hp_loss":0.0,"gold_gain":0.0,"event_name":"MindBloom","player_choice":"Fight","floor":45.0,"gold_loss":0.0,"damage_taken":0.0}],"is_beta":false,"boss_relics":[{"not_picked":["White Beast Statue","Snecko Eye"],"picked":"FrozenCore"},{"not_picked":["Inserter","Lizard Tail"],"picked":"Fusion Hammer"}],"items_purged_floors":[20,28],"is_endless":false,"potions_floor_spawned":[12,13,14,16,22,30,38,39,41,46],"ascension_level":0}