{"gold_per_floor":[111,111,211,227,239,239,269,289,367,247,247,261,275,60,60,157,157,176,176,176,99,117,117,117,146,172,197,122,122,139,151,151,248,248,260,17,28,28,46,46,0,0,0,0,0,13,32,49,49,49,49,49,49,83,83],"floor_reached":55,"playtime":1859,"items_purged":["Strike_G","Defend_G"],"score":687,"play_id":"cebb0630-ea02-4b7a-b82e-a8fea0d5e057","local_time":"20181120171244","is_ascension_mode":false,"campfire_choices":[{"data":"Deadly Poison","floor":6.0,"key":"SMITH"},{"floor":11.0,"key":"REST"},{"data":"Skewer","floor":15.0,"key":"SMITH"},{"data":"Footwork","floor":23.0,"key":"SMITH"},{"floor":29.0,"key":"REST"},{"data":"Neutralize","floor":32.0,"key":"SMITH"},{"floor":40.0,"key":"RECALL"},{"data":"Dash","floor":42.0,"key":"SMITH"},{"data":"Caltrops","floor":44.0,"key":"SMITH"},{"data":"Noxious Fumes","floor":49.0,"key":"SMITH"},{"data":"Survivor","floor":52,"key":"SMITH"}],"neow_cost":"NONE","seed_source_timestamp":18147134910782,"circlet_count":0,"master_deck":["Defend_G+1","Defend_G+1","Defend_G+1","Strike_G+1","Strike_G+1","Strike_G+1","Strike_G+1","Survivor+1","Neutralize+1","Deadly Poison+1","Quick Slash","Footwork+1","Skewer+1","Dash+1","Cloak And Dagger+1","PiercingWail+1","Poisoned Stab","Dodge and Roll+1","Infinite Blades","Die Die Die","Dagger Throw+1","Crippling Poison+1","Caltrops+1","Outmaneuver+1","Phantasmal Killer+1","Noxious Fumes+1","Doubt","Burst+1"],"special_seed":0,"relics":["Ring of the Snake","Happy Flower","Bird Faced Urn","Toxic Egg 2","Sozu","MutagenicStrength","Bronze Scales","Pen Nib","Bottled Flame","Cursed Key","Pantograph","Red Mask","Shovel"],"potions_floor_usage":[50,55],"damage_taken":[{"damage":0.0,"enemies":"2 Louse","floor":1.0,"turns":2.0},{"damage":1.0,"enemies":"Cultist","floor":4.0,"turns":4.0},{"damage":0.0,"enemies":"Small Slimes","floor":5.0,"turns":3.0},{"damage":32.0,"enemies":"Gremlin Nob","floor":7.0,"turns":5.0},{"damage":0.0,"enemies":"Blue Slaver","floor":8.0,"turns":5.0},{"damage":3.0,"enemies":"2 Fungi Beasts","floor":12.0,"turns":4.0},{"damage":0.0,"enemies":"Large Slime","floor":13.0,"turns":4.0},{"damage":19.0,"enemies":"Hexaghost","floor":16.0,"turns":12.0},{"damage":1.0,"enemies":"Shell Parasite","floor":18.0,"turns":6.0},{"damage":0.0,"enemies":"2 Thieves","floor":22.0,"turns":4.0},{"damage":13.0,"enemies":"Book of Stabbing","floor":25.0,"turns":5.0},{"damage":43.0,"enemies":"Slavers","floor":27.0,"turns":5.0},{"damage":0.0,"enemies":"Cultist and Chosen","floor":30.0,"turns":4.0},{"damage":6.0,"enemies":"Sentry and Sphere","floor":31.0,"turns":3.0},{"damage":7.0,"enemies":"Champ","floor":33.0,"turns":9.0},{"damage":0.0,"enemies":"3 Shapes","floor":35.0,"turns":3.0},{"damage":8.0,"enemies":"3 Darklings","floor":37.0,"turns":6.0},{"damage":18.0,"enemies":"Spire Growth","floor":39.0,"turns":3.0},{"damage":12.0,"enemies":"Transient","floor":46.0,"turns":5.0},{"damage":4.0,"enemies":"3 Darklings","floor":47.0,"turns":4.0},{"damage":3.0,"enemies":"Jaw Worm Horde","floor":48.0,"turns":3.0},{"damage":65,"enemies":"Time Eater","floor":50,"turns":10},{"damage":62,"enemies":"Shield and Spear","floor":54,"turns":6},{"damage":46,"enemies":"The Heart","floor":55,"turns":3}],"seed_played":"-3657195485446550661","potions_obtained":[{"floor":7.0,"key":"SteroidPotion"},{"floor":8.0,"key":"SteroidPotion"},{"floor":12.0,"key":"SkillPotion"},{"floor":13.0,"key":"Poison Potion"}],"is_trial":false,"path_per_floor":["M","?","?","M","M","R","E","M","T","$","R","M","M","$","R","B",null,"M","?","?","$","M","R","?","E","T","E","E","?","R","M","M","R","B",null,"M","$","M","$","M","R","?","R","T","R","?","M","M","M","R","B",null,"R","$","E","B"],"character_chosen":"THE_SILENT","items_purchased":["Cloak And Dagger+1","Dodge and Roll+1","Infinite Blades","Caltrops","Pantograph"],"campfire_rested":2,"item_purchase_floors":[10,14,14,21,36],"current_hp_per_floor":[70,75,75,74,74,74,42,44,44,44,66,65,67,67,67,52,75,75,75,75,75,75,75,75,65,65,28,28,50,56,52,52,51,75,75,75,67,67,49,49,49,49,49,49,49,43,43,44,44,10,75,75,75,19,0],"gold":83,"neow_bonus":"RANDOM_COMMON_RELIC","is_prod":false,"is_daily":false,"chose_seed":false,"campfire_upgraded":8,"win_rate":0,"timestamp":1542723164,"path_taken":["M","?","?","M","M","R","E","M","T","$","R","M","?","$","R","BOSS","M","?","?","?","M","R","?","E","T","E","?","R","M","?","R","BOSS","M","$","M","$","M","R","?","R","T","R","?","M","M","M","R","BOSS","R","$","E","BOSS"],"build_version":"2018-11-15","purchased_purges":2,"victory":false,"max_hp_per_floor":[70,75,75,75,75,75,75,75,75,75,75,75,75,75,75,75,75,75,75,75,75,75,75,75,75,75,75,75,75,75,75,75,75,75,75,75,75,75,75,75,75,75,75,75,75,75,75,75,75,75,75,75,75,75,75],"card_choices":[{"not_picked":["Outmaneuver","Slice"],"picked":"Deadly Poison","floor":1.0},{"not_picked":["Reflex","Underhanded Strike"],"picked":"Quick Slash","floor":4.0},{"not_picked":["Catalyst","Quick Slash"],"picked":"Footwork","floor":5.0},{"not_picked":["Terror","Slice"],"picked":"Skewer","floor":7.0},{"not_picked":["All Out Attack","Bane"],"picked":"Dash","floor":8.0},{"not_picked":["Predator","Accuracy"],"picked":"PiercingWail+1","floor":12.0},{"not_picked":["Finisher","Dash"],"picked":"Poisoned Stab","floor":13.0},{"not_picked":["Grand Finale","Glass Knife"],"picked":"Die Die Die","floor":16.0},{"not_picked":["All Out Attack","Quick Slash"],"picked":"Dagger Throw+1","floor":18.0},{"not_picked":["Finisher","Masterful Stab"],"picked":"Outmaneuver+1","floor":22.0},{"not_picked":["Poisoned Stab","Dagger Throw","Slice"],"picked":"SKIP","floor":25.0},{"not_picked":["PiercingWail+1","Infinite Blades","Accuracy"],"picked":"SKIP","floor":27.0},{"not_picked":["Flechettes","Flying Knee","Blade Dance+1"],"picked":"SKIP","floor":30.0},{"not_picked":["Masterful Stab","Slice","Crippling Poison+1"],"picked":"SKIP","floor":31.0},{"not_picked":["Wraith Form v2","Burst+1"],"picked":"Phantasmal Killer+1","floor":33.0},{"not_picked":["Poisoned Stab+1","Bouncing Flask+1"],"picked":"Noxious Fumes","floor":35.0},{"not_picked":["Predator+1","Sucker Punch","PiercingWail+1"],"picked":"SKIP","floor":37.0},{"not_picked":["Dagger Throw","Crippling Poison+1","Backflip+1"],"picked":"SKIP","floor":39.0},{"not_picked":["Prepared+1","Underhanded Strike","Deflect+1"],"picked":"SKIP","floor":46.0},{"not_picked":["Riddle With Holes","Accuracy+1","Storm of Steel+1"],"picked":"SKIP","floor":47.0},{"not_picked":["Deflect+1","PiercingWail+1","Flying Knee+1"],"picked":"SKIP","floor":48.0},{"not_picked":["Dodge and Roll+1","Acrobatics+1"],"picked":"Burst+1","floor":54}],"player_experience":529927,"relics_obtained":[{"floor":7.0,"key":"Bird Faced Urn"},{"floor":9.0,"key":"Toxic Egg 2"},{"floor":25.0,"key":"Bronze Scales"},{"floor":26.0,"key":"Pen Nib"},{"floor":27.0,"key":"Bottled Flame"},{"floor":54,"key":"Shovel"}],"event_choices":[{"damage_healed":0.0,"max_hp_gain":5.0,"max_hp_loss":0.0,"gold_gain":0.0,"event_name":"Big Fish","player_choice":"Donut","floor":2.0,"gold_loss":0.0,"damage_taken":0.0},{"damage_healed":0.0,"max_hp_gain":0.0,"max_hp_loss":0.0,"gold_gain":100.0,"event_name":"Wheel of Change","player_choice":"Gold","floor":3.0,"gold_loss":0.0,"damage_taken":0.0},{"damage_healed":0.0,"max_hp_gain":0.0,"max_hp_loss":0.0,"gold_gain":0.0,"event_name":"Back to Basics","player_choice":"Simplicity","floor":19.0,"gold_loss":0.0,"damage_taken":0.0,"cards_upgraded":["Defend_G","Defend_G","Defend_G","Defend_G","Strike_G","Strike_G","Strike_G","Strike_G"]},{"damage_healed":0.0,"max_hp_gain":0.0,"max_hp_loss":0.0,"gold_gain":0.0,"event_name":"The Library","player_choice":"Read","floor":20.0,"gold_loss":0.0,"damage_taken":0.0,"cards_obtained":["Crippling Poison"]},{"damage_healed":0.0,"max_hp_gain":0.0,"max_hp_loss":0.0,"gold_gain":0.0,"event_name":"Drug Dealer","player_choice":"Inject Mutagens","floor":24.0,"gold_loss":0.0,"damage_taken":0.0,"relics_obtained":["MutagenicStrength"]},{"cards_removed":["Defend_G"],"damage_healed":0.0,"max_hp_gain":0.0,"max_hp_loss":0.0,"gold_gain":0.0,"event_name":"Beggar","player_choice":"Gave Gold","floor":28.0,"gold_loss":75.0,"damage_taken":0.0},{"damage_healed":0.0,"max_hp_gain":0.0,"max_hp_loss":0.0,"gold_gain":0.0,"event_name":"Tomb of Lord Red Mask","player_choice":"Paid","floor":41.0,"gold_loss":46.0,"damage_taken":0.0,"relics_obtained":["Red Mask"]},{"damage_healed":0.0,"max_hp_gain":0.0,"max_hp_loss":0.0,"gold_gain":0.0,"event_name":"Mysterious Sphere","player_choice":"Ignored","floor":45.0,"gold_loss":0.0,"damage_taken":0.0}],"is_beta":false,"boss_relics":[{"not_picked":["Orrery","Calling Bell"],"picked":"Sozu"},{"not_picked":["Velvet Choker","Coffee Dripper"],"picked":"Cursed Key"}],"items_purged_floors":[10,14],"is_endless":false,"potions_floor_spawned":[7,8,12,13,16,22,30,31,39,46,54],"killed_by":"The Heart","ascension_level":0}