{"gold_per_floor":[142,157,157,82,82,82,82,82,109,109,129,146,164,175,175,270,270,287,297,222,50,67,67,67,80,80,80,94,114,128,58,58,58],"floor_reached":33,"playtime":3142,"items_purged":["Strike_G","Strike_G"],"score":241,"play_id":"a8379902-ff0f-4463-b6ca-74106e90ed92","local_time":"20180626005502","is_ascension_mode":false,"campfire_choices":[{"data":"Backflip","floor":6,"key":"SMITH"},{"data":"Neutralize","floor":10,"key":"SMITH"},{"data":"Cloak And Dagger","floor":15,"key":"SMITH"},{"data":"Cloak And Dagger","floor":23,"key":"SMITH"},{"data":"Night Terror","floor":27,"key":"SMITH"},{"floor":32,"key":"REST"}],"neow_cost":"NONE","seed_source_timestamp":57347141872461,"circlet_count":0,"master_deck":["Defend_G","Defend_G","Defend_G","Defend_G","Strike_G","Strike_G","Survivor","Neutralize+1","Backflip+1","Cloak And Dagger+1","Night Terror+1","Slice","Footwork","Cloak And Dagger+1","Footwork+1","Burst","Accuracy+1"],"relics":["Ring of the Snake","Tiny Chest","Boot","Runic Pyramid","Frozen Egg 2"],"potions_floor_usage":[14,25,29,33,33],"damage_taken":[{"damage":7,"enemies":"Jaw Worm","floor":1,"turns":7},{"damage":2,"enemies":"Small Slimes","floor":2,"turns":6},{"damage":0,"enemies":"Cultist","floor":11,"turns":4},{"damage":2,"enemies":"Blue Slaver","floor":12,"turns":4},{"damage":2,"enemies":"2 Fungi Beasts","floor":13,"turns":4},{"damage":0,"enemies":"Gremlin Gang","floor":14,"turns":6},{"damage":44,"enemies":"The Guardian","floor":16,"turns":20},{"damage":6,"enemies":"Chosen","floor":18,"turns":6},{"damage":28,"enemies":"Spheric Guardian","floor":19,"turns":6},{"damage":14,"enemies":"Centurion and Healer","floor":22,"turns":10},{"damage":5,"enemies":"Sentry and Sphere","floor":25,"turns":6},{"damage":3,"enemies":"Snake Plant","floor":28,"turns":7},{"damage":0,"enemies":"Cultist and Chosen","floor":29,"turns":8},{"damage":12,"enemies":"Snecko","floor":30,"turns":8},{"damage":36,"enemies":"Champ","floor":33,"turns":15}],"seed_played":"8870951975823018412","potions_obtained":[{"floor":1,"key":"LiquidBronze"},{"floor":8,"key":"Ancient Potion"},{"floor":8,"key":"Weak Potion"},{"floor":8,"key":"Block Potion"},{"floor":22,"key":"SteroidPotion"},{"floor":28,"key":"Block Potion"},{"floor":30,"key":"Ancient Potion"}],"is_trial":false,"path_per_floor":["M","M","?","$","?","R","$","?","T","R","M","M","M","M","R","B",null,"M","M","?","$","M","R","$","M","T","R","M","M","M","$","R"],"character_chosen":"THE_SILENT","items_purchased":["Footwork","Accuracy+1"],"campfire_rested":1,"item_purchase_floors":[21,31],"current_hp_per_floor":[63,61,66,66,59,59,59,59,59,59,59,57,55,55,55,11,75,69,41,41,41,27,27,27,22,22,22,19,19,7,7,29,0],"gold":58,"neow_bonus":"RANDOM_COMMON_RELIC","is_prod":false,"is_daily":false,"chose_seed":false,"campfire_upgraded":5,"win_rate":0,"timestamp":1529967302,"path_taken":["M","M","?","$","?","R","$","?","T","R","M","M","M","M","R","BOSS","M","M","?","$","M","R","?","M","T","R","M","M","M","$","R","BOSS"],"build_version":"2018-06-21v2","purchased_purges":2,"victory":false,"max_hp_per_floor":[70,70,75,75,75,75,75,75,75,75,75,75,75,75,75,75,75,75,75,75,75,75,75,75,75,75,75,75,75,75,75,75,75],"card_choices":[{"not_picked":["Well Laid Plans","PiercingWail"],"picked":"Backflip","floor":1},{"not_picked":["Deflect","Acrobatics","Dodge and Roll"],"picked":"SKIP","floor":2},{"not_picked":["Dagger Throw","Deadly Poison","Well Laid Plans"],"picked":"SKIP","floor":11},{"not_picked":["Noxious Fumes","Underhanded Strike","Caltrops"],"picked":"SKIP","floor":12},{"not_picked":["Deflect","Backstab"],"picked":"Cloak And Dagger","floor":13},{"not_picked":["Well Laid Plans","Deflect","Underhanded Strike"],"picked":"SKIP","floor":14},{"not_picked":["Tactician","Bullet Time"],"picked":"Night Terror","floor":16},{"not_picked":["Deflect","Quick Slash"],"picked":"Slice","floor":18},{"not_picked":["Underhanded Strike","Prepared","Sucker Punch"],"picked":"SKIP","floor":19},{"not_picked":["Dodge and Roll","Underhanded Strike"],"picked":"Cloak And Dagger","floor":22},{"not_picked":["Quick Slash","Noxious Fumes","Flying Knee"],"picked":"SKIP","floor":25},{"not_picked":["All Out Attack","Acrobatics"],"picked":"Footwork+1","floor":28},{"not_picked":["Malaise","Well Laid Plans+1"],"picked":"Burst","floor":29},{"not_picked":["Deadly Poison+1","Cloak And Dagger","Acrobatics"],"picked":"SKIP","floor":30}],"player_experience":280711,"relics_obtained":[{"floor":9,"key":"Boot"},{"floor":26,"key":"Frozen Egg 2"}],"event_choices":[{"event_name":"Big Fish","player_choice":"Donut","floor":3,"damage_taken":0},{"event_name":"Golden Wing","player_choice":"Card Removal","floor":5,"damage_taken":0},{"event_name":"The Lab","player_choice":"Got Potions","floor":8,"damage_taken":0},{"event_name":"Beggar","player_choice":"Gave Gold","floor":20,"damage_taken":0}],"boss_relics":[{"not_picked":["Fusion Hammer","Black Star"],"picked":"Runic Pyramid"}],"items_purged_floors":[4,21],"is_endless":false,"potions_floor_spawned":[1,12,22,28,30],"killed_by":"Champ","ascension_level":0}