{"gold_per_floor":[117,117,117,134,64,64,64,96,96,107,107,124,47,65,65,168,168,188,188],"floor_reached":19,"playtime":455,"items_purged":[],"score":259,"play_id":"fe543ffb-c918-40a6-b421-171bc2c98e67","local_time":"20181230033139","is_ascension_mode":true,"campfire_choices":[{"data":"Zap","floor":6.0,"key":"SMITH"},{"floor":11.0,"key":"REST"},{"data":"Defragment","floor":15.0,"key":"SMITH"}],"neow_cost":"NONE","seed_source_timestamp":49597167751905,"circlet_count":0,"master_deck":["AscendersBane","Strike_B","Strike_B","Strike_B","Strike_B","Defend_B","Defend_B","Defend_B","Defend_B","Zap+1","Dualcast","Sweeping Beam","Conserve Battery","Steam","White Noise","Auto Shields","Cold Snap","Rip and Tear","White Noise","Defragment+1","Biased Cognition","Fission"],"special_seed":0,"relics":["Cracked Core","Bottled Lightning","Dream Catcher","Centennial Puzzle","Snecko Eye"],"potions_floor_usage":[],"damage_taken":[{"damage":1.0,"enemies":"Cultist","floor":1.0,"turns":3.0},{"damage":14.0,"enemies":"2 Louse","floor":4.0,"turns":2.0},{"damage":29.0,"enemies":"Lagavulin","floor":8.0,"turns":8.0},{"damage":7.0,"enemies":"Jaw Worm","floor":10.0,"turns":3.0},{"damage":5.0,"enemies":"Large Slime","floor":12.0,"turns":4.0},{"damage":3.0,"enemies":"Red Slaver","floor":14.0,"turns":3.0},{"damage":26.0,"enemies":"Slime Boss","floor":16.0,"turns":8.0},{"damage":45,"enemies":"2 Thieves","floor":18,"turns":4},{"damage":21,"enemies":"Colosseum Slavers","floor":19,"turns":1}],"seed_played":"946870669250309484","potions_obtained":[{"floor":4.0,"key":"Regen Potion"},{"floor":10.0,"key":"Energy Potion"},{"floor":16.0,"key":"Dexterity Potion"}],"is_trial":false,"path_per_floor":["M","T","?","M","$","R","$","E","T","M","R","M","$","M","R","B",null,"M","?"],"character_chosen":"DEFECT","items_purchased":["White Noise","Defragment"],"campfire_rested":1,"item_purchase_floors":[5,13],"current_hp_per_floor":[67,67,67,53,53,53,53,24,24,17,39,34,34,31,31,20,61,16,0],"gold":188,"neow_bonus":"THREE_CARDS","is_prod":false,"is_daily":false,"chose_seed":false,"campfire_upgraded":2,"win_rate":0,"timestamp":1546129899,"path_taken":["M","?","?","M","$","R","$","E","T","?","R","M","?","M","R","BOSS","M","?"],"build_version":"2018-12-20","purchased_purges":0,"victory":false,"max_hp_per_floor":[75,75,75,75,75,75,75,75,75,75,75,75,75,75,75,75,75,75,75],"card_choices":[{"not_picked":["Consume","Heatsinks"],"picked":"Sweeping Beam","floor":0.0},{"not_picked":["Sweeping Beam","Leap"],"picked":"Conserve Battery","floor":1.0},{"not_picked":["Hologram","Tempest"],"picked":"Steam","floor":4.0},{"not_picked":["Sweeping Beam","Stack"],"picked":"Auto Shields","floor":8.0},{"not_picked":["Leap","Turbo"],"picked":"Cold Snap","floor":10.0},{"not_picked":["Turbo","Undo"],"picked":"Rip and Tear","floor":11.0},{"not_picked":["Stack","Scrape"],"picked":"White Noise","floor":12.0},{"not_picked":["Heatsinks","Conserve Battery"],"picked":"Biased Cognition","floor":14.0},{"not_picked":["Meteor Strike","Machine Learning"],"picked":"Fission","floor":16.0},{"not_picked":["Stack","Auto Shields+1","Darkness"],"picked":"SKIP","floor":18}],"player_experience":625172,"relics_obtained":[{"floor":2.0,"key":"Bottled Lightning"},{"floor":8.0,"key":"Dream Catcher"},{"floor":9.0,"key":"Centennial Puzzle"}],"event_choices":[{"damage_healed":0.0,"max_hp_gain":0.0,"max_hp_loss":0.0,"gold_gain":0.0,"event_name":"The Woman in Blue","player_choice":"Bought 0 Potions","floor":3.0,"gold_loss":0.0,"damage_taken":0.0},{"damage_healed":0,"gold_gain":0,"player_choice":"Fight","damage_taken":0,"max_hp_gain":0,"max_hp_loss":0,"event_name":"Colosseum","floor":19,"gold_loss":0}],"is_beta":false,"boss_relics":[{"not_picked":["Cursed Key","Sozu"],"picked":"Snecko Eye"}],"items_purged_floors":[],"is_endless":false,"potions_floor_spawned":[4,10,16,18],"killed_by":"Colosseum Slavers","ascension_level":11}