{"gold_per_floor":[209,209,221,221,240,240,269,269,295,295,328,328,344,45,45,140,190,210,210,53,70,81,81,81,106,131,131,148,164,164,177,177,273,273,287,247,76,88,188,188,188],"floor_reached":41,"playtime":3586,"items_purged":["Strike_R","Defend_R"],"score":490,"play_id":"a6e815bf-3f83-44b2-b9ba-a7ed9ba20977","local_time":"20190613231205","is_ascension_mode":true,"campfire_choices":[{"data":"Bash","floor":6,"key":"SMITH"},{"floor":10,"key":"REST"},{"floor":12,"key":"REST"},{"data":"Clothesline","floor":15,"key":"SMITH"},{"data":"Bludgeon","floor":23,"key":"SMITH"},{"floor":27,"key":"REST"},{"floor":32,"key":"REST"},{"data":"Armaments","floor":40,"key":"SMITH"}],"neow_cost":"NONE","seed_source_timestamp":51247609545176,"circlet_count":0,"master_deck":["Defend_R+1","Defend_R+1","Defend_R+1","Bash+1","Seeing Red","True Grit+1","Pommel Strike","Armaments+1","Clothesline+1","Metallicize","Bludgeon+1","Metallicize","Metallicize+1","Metallicize","Feed","Metallicize+1","Bite","Bite","Bite","Bite","Bite","Evolve+1","Feed","Headbutt","Inflame","Sword Boomerang+1"],"relics":["Burning Blood","Art of War","Dream Catcher","Dodecahedron","War Paint","Tiny House","Red Skull","Bag of Preparation","Shuriken","Matryoshka","PreservedInsect","Juzu Bracelet","Runic Pyramid","Peace Pipe"],"potions_floor_usage":[7,18,25,31,35,41,41,41],"damage_taken":[{"damage":0,"enemies":"Small Slimes","floor":1,"turns":3},{"damage":4,"enemies":"2 Louse","floor":3,"turns":3},{"damage":3,"enemies":"Cultist","floor":5,"turns":4},{"damage":39,"enemies":"3 Sentries","floor":7,"turns":11},{"damage":33,"enemies":"Gremlin Nob","floor":11,"turns":5},{"damage":15,"enemies":"Gremlin Gang","floor":13,"turns":8},{"damage":34,"enemies":"The Guardian","floor":16,"turns":14},{"damage":0,"enemies":"3 Byrds","floor":18,"turns":6},{"damage":25,"enemies":"2 Thieves","floor":21,"turns":4},{"damage":2,"enemies":"Centurion and Healer","floor":22,"turns":9},{"damage":38,"enemies":"Slavers","floor":25,"turns":7},{"damage":22,"enemies":"Snake Plant","floor":28,"turns":3},{"damage":8,"enemies":"Chosen and Byrds","floor":29,"turns":11},{"damage":41,"enemies":"3 Cultists","floor":31,"turns":9},{"damage":82,"enemies":"Champ","floor":33,"turns":20},{"damage":0,"enemies":"3 Darklings","floor":35,"turns":9},{"damage":15,"enemies":"Orb Walker","floor":38,"turns":5},{"damage":16,"enemies":"Mind Bloom Boss Battle","floor":39,"turns":9},{"damage":83,"enemies":"Reptomancer","floor":41,"turns":4}],"seed_played":"-8998346771866577232","potions_obtained":[{"floor":5,"key":"Poison Potion"},{"floor":17,"key":"Poison Potion"},{"floor":22,"key":"Explosive Potion"},{"floor":28,"key":"SkillPotion"},{"floor":31,"key":"EssenceOfSteel"},{"floor":36,"key":"Energy Potion"},{"floor":36,"key":"SkillPotion"},{"floor":36,"key":"FearPotion"}],"is_trial":false,"path_per_floor":["M","?","M","?","M","R","E","?","T","R","E","R","M","$","R","B",null,"M","T","$","M","M","R","?","E","T","R","M","M","?","M","R","B",null,"M","?","$","M","?","R","E"],"character_chosen":"IRONCLAD","items_purchased":["Metallicize","War Paint","Bag of Preparation","Inflame"],"campfire_rested":4,"item_purchase_floors":[14,14,20,37],"current_hp_per_floor":[80,80,80,73,76,76,43,43,43,67,40,64,55,55,55,27,85,85,85,85,66,70,70,70,38,38,63,47,48,48,26,45,14,64,64,64,64,63,66,66,0],"gold":188,"neow_bonus":"HUNDRED_GOLD","is_prod":false,"is_daily":false,"chose_seed":false,"campfire_upgraded":4,"win_rate":0,"timestamp":1560460325,"path_taken":["M","?","M","?","M","R","E","?","T","R","E","R","M","$","R","BOSS","M","?","$","M","?","R","?","E","T","R","M","M","?","M","R","BOSS","M","?","$","M","?","R","E"],"build_version":"2019-01-23","purchased_purges":2,"victory":false,"max_hp_per_floor":[80,80,80,80,80,80,80,80,80,80,80,80,80,80,80,80,85,85,85,85,85,85,85,85,85,85,85,85,88,61,64,64,64,64,64,64,64,68,71,71,71],"card_choices":[{"not_picked":["Sword Boomerang","Dual Wield"],"picked":"Seeing Red","floor":1},{"not_picked":["Body Slam","Iron Wave"],"picked":"True Grit","floor":3},{"not_picked":["Thunderclap","Clash","Dual Wield"],"picked":"SKIP","floor":5},{"not_picked":["Rampage","Perfected Strike"],"picked":"Pommel Strike","floor":7},{"not_picked":["True Grit","Headbutt"],"picked":"Armaments","floor":11},{"not_picked":["True Grit","Rampage"],"picked":"Clothesline","floor":13},{"not_picked":["Barricade","Impervious"],"picked":"Bludgeon","floor":16},{"not_picked":["Rage","Clash"],"picked":"Metallicize","floor":18},{"not_picked":["Clash","Iron Wave"],"picked":"Metallicize+1","floor":21},{"not_picked":["Perfected Strike","Flex"],"picked":"Metallicize","floor":22},{"not_picked":["Clash+1","Anger","Entrench"],"picked":"SKIP","floor":25},{"not_picked":["Clash+1","Burning Pact"],"picked":"Feed","floor":27},{"not_picked":["Fire Breathing+1","Heavy Blade"],"picked":"Metallicize+1","floor":28},{"not_picked":["Wild Strike","Heavy Blade+1","Flex"],"picked":"SKIP","floor":29},{"not_picked":["Sword Boomerang","Perfected Strike","True Grit"],"picked":"SKIP","floor":31},{"not_picked":["Bludgeon","Corruption"],"picked":"Evolve+1","floor":32},{"not_picked":["Berserk","Bludgeon"],"picked":"Feed","floor":33},{"not_picked":["Clothesline+1","Shrug It Off+1"],"picked":"Headbutt","floor":35},{"not_picked":["Armaments","Pommel Strike"],"picked":"Sword Boomerang+1","floor":38}],"player_experience":405032,"relics_obtained":[{"floor":7,"key":"Art of War"},{"floor":9,"key":"Dream Catcher"},{"floor":11,"key":"Dodecahedron"},{"floor":19,"key":"Red Skull"},{"floor":25,"key":"Matryoshka"},{"floor":26,"key":"PreservedInsect"},{"floor":26,"key":"Juzu Bracelet"},{"floor":39,"key":"Peace Pipe"}],"event_choices":[{"damage_healed":0,"gold_gain":0,"player_choice":"Ignored","damage_taken":0,"max_hp_gain":0,"max_hp_loss":0,"event_name":"Liars Game","floor":2,"gold_loss":0},{"cards_removed":["Strike_R"],"damage_healed":0,"gold_gain":0,"player_choice":"Card Removal","damage_taken":7,"max_hp_gain":0,"max_hp_loss":0,"event_name":"Golden Wing","floor":4,"gold_loss":0},{"damage_healed":0,"gold_gain":0,"player_choice":"Forge","damage_taken":0,"max_hp_gain":0,"max_hp_loss":0,"event_name":"Accursed Blacksmith","floor":8,"gold_loss":0,"cards_upgraded":["True Grit"]},{"damage_healed":0,"gold_gain":0,"player_choice":"Opened","damage_taken":0,"relics_obtained":["Shuriken"],"max_hp_gain":0,"max_hp_loss":0,"event_name":"The Mausoleum","floor":24,"gold_loss":0},{"damage_healed":0,"gold_gain":0,"player_choice":"Became a vampire","damage_taken":0,"max_hp_gain":0,"max_hp_loss":27,"event_name":"Vampires","floor":30,"gold_loss":0,"cards_obtained":["Bite","Bite","Bite","Bite","Bite"]},{"damage_healed":0,"gold_gain":0,"player_choice":"Bought 3 Potions","damage_taken":0,"max_hp_gain":0,"max_hp_loss":0,"event_name":"The Woman in Blue","floor":36,"gold_loss":0},{"damage_healed":0,"gold_gain":0,"player_choice":"Fight","damage_taken":0,"max_hp_gain":0,"max_hp_loss":0,"event_name":"MindBloom","floor":39,"gold_loss":0}],"is_beta":false,"boss_relics":[{"not_picked":["Ectoplasm","Coffee Dripper"],"picked":"Tiny House"},{"not_picked":["Pandora\u0027s Box","Black Star"],"picked":"Runic Pyramid"}],"items_purged_floors":[14,37],"is_endless":false,"potions_floor_spawned":[5,22,28,31],"killed_by":"Reptomancer","ascension_level":1}