{"gold_per_floor":[116,128,158,170,180,208,208,227,251,251,251,2,15,60,60,165,165,182,199,6,22,36,36,54,153,153,45,76,76,99,118,118,118],"floor_reached":33,"playtime":1128,"items_purged":["Strike_G"],"score":269,"play_id":"4c9c7f6a-ea01-481b-beeb-8f1ce61eed01","local_time":"20181122190107","is_ascension_mode":false,"campfire_choices":[{"data":"Backstab","floor":7,"key":"SMITH"},{"data":"Dash","floor":11,"key":"SMITH"},{"floor":15,"key":"REST"},{"floor":23,"key":"REST"},{"floor":29,"key":"REST"},{"floor":32,"key":"REST"}],"neow_cost":"NONE","seed_source_timestamp":24332944737255,"circlet_count":0,"master_deck":["Defend_G","Defend_G","Defend_G","Defend_G","Defend_G","Strike_G","Strike_G","Strike_G","Strike_G","Survivor","Neutralize","Dash+1","Backstab+1","Caltrops","Dagger Spray","Cloak And Dagger","Outmaneuver+1","Envenom","Bane+1","Deadly Poison+1","Terror","Well Laid Plans","Sucker Punch+1"],"special_seed":0,"relics":["Ring of the Snake","Omamori","Tiny Chest","PreservedInsect","Vajra","Art of War","Mercury Hourglass","Smiling Mask","Busted Crown","Anchor","Lantern","War Paint"],"potions_floor_usage":[28,33],"damage_taken":[{"damage":0.0,"enemies":"Cultist","floor":1.0,"turns":4.0},{"damage":0.0,"enemies":"2 Louse","floor":2.0,"turns":3.0},{"damage":1.0,"enemies":"Jaw Worm","floor":4.0,"turns":2.0},{"damage":0.0,"enemies":"Blue Slaver","floor":5.0,"turns":4.0},{"damage":22.0,"enemies":"Lagavulin","floor":6.0,"turns":9.0},{"damage":0,"enemies":"Lots of Slimes","floor":8,"turns":3},{"damage":0,"enemies":"Looter","floor":13,"turns":3},{"damage":11,"enemies":"Hexaghost","floor":16,"turns":11},{"damage":11,"enemies":"Chosen","floor":18,"turns":4},{"damage":4,"enemies":"Shell Parasite","floor":19,"turns":5},{"damage":11,"enemies":"3 Cultists","floor":21,"turns":5},{"damage":13,"enemies":"Cultist and Chosen","floor":22,"turns":5},{"damage":11,"enemies":"Centurion and Healer","floor":24,"turns":6},{"damage":7,"enemies":"Book of Stabbing","floor":28,"turns":3},{"damage":9,"enemies":"Snecko","floor":31,"turns":4},{"damage":72,"enemies":"Champ","floor":33,"turns":10}],"seed_played":"-1088931935983723025","potions_obtained":[{"floor":2.0,"key":"FearPotion"},{"floor":4.0,"key":"Weak Potion"},{"floor":6,"key":"Weak Potion"},{"floor":18,"key":"SteroidPotion"},{"floor":21,"key":"LiquidBronze"}],"is_trial":false,"path_per_floor":["M","M","?","M","M","E","E","R","M","T","T","R","$","M","T","R","B",null,"M","M","$","M","M","R","M","?","T","$","E","R","T","M","R","B"],"character_chosen":"THE_SILENT","items_purchased":["Mercury Hourglass","Anchor","Terror","Well Laid Plans"],"campfire_rested":4,"item_purchase_floors":[12,20,27,27],"current_hp_per_floor":[70,70,52,51,51,29,29,29,29,29,29,29,29,29,50,39,70,59,55,55,44,31,52,41,41,41,41,34,55,55,46,67,0],"gold":118,"neow_bonus":"RANDOM_COMMON_RELIC","is_prod":false,"is_daily":false,"chose_seed":false,"campfire_upgraded":2,"win_rate":0,"timestamp":1542902467,"path_taken":["M","?","?","M","M","E","R","M","T","?","R","$","M","?","R","BOSS","M","?","?","M","M","R","?","?","T","$","E","R","?","M","R","BOSS"],"build_version":"2018-11-15","purchased_purges":1,"victory":false,"max_hp_per_floor":[70,70,70,70,70,70,70,70,70,70,70,70,70,70,70,70,70,70,70,70,70,70,70,70,70,70,70,70,70,70,70,70,70],"card_choices":[{"not_picked":["Dagger Throw","Slice"],"picked":"Dash","floor":1.0},{"not_picked":["All Out Attack","Predator"],"picked":"Backstab","floor":2.0},{"not_picked":["Infinite Blades","Blade Dance"],"picked":"Caltrops","floor":4.0},{"not_picked":["Eviscerate","PiercingWail"],"picked":"Dagger Spray","floor":5.0},{"not_picked":["Reflex","Deadly Poison"],"picked":"Cloak And Dagger","floor":6},{"not_picked":["Blade Dance","Slice"],"picked":"Outmaneuver","floor":8},{"not_picked":["Dagger Spray","Eviscerate","Concentrate"],"picked":"SKIP","floor":13},{"not_picked":["Bullet Time","Doppelganger"],"picked":"Envenom","floor":16},{"not_picked":["Prepared"],"picked":"SKIP","floor":18},{"not_picked":["Heel Hook"],"picked":"SKIP","floor":19},{"not_picked":[],"picked":"Bane+1","floor":21},{"not_picked":[],"picked":"Deadly Poison","floor":22},{"not_picked":["Eviscerate"],"picked":"SKIP","floor":24},{"not_picked":["Underhanded Strike"],"picked":"SKIP","floor":28},{"not_picked":[],"picked":"Sucker Punch+1","floor":31}],"player_experience":538165,"relics_obtained":[{"floor":6,"key":"PreservedInsect"},{"floor":9,"key":"Vajra"},{"floor":10,"key":"Art of War"},{"floor":14,"key":"Smiling Mask"},{"floor":28,"key":"Lantern"},{"floor":30,"key":"War Paint"}],"event_choices":[{"damage_healed":0.0,"max_hp_gain":0.0,"max_hp_loss":0.0,"gold_gain":0.0,"event_name":"Scrap Ooze","player_choice":"Success","floor":3.0,"gold_loss":0.0,"damage_taken":18.0,"relics_obtained":["Tiny Chest"]},{"damage_healed":0,"gold_gain":99,"player_choice":"Stole From Cult","damage_taken":0,"max_hp_gain":0,"max_hp_loss":0,"event_name":"Nest","floor":25,"gold_loss":0}],"is_beta":false,"boss_relics":[{"not_picked":["Lizard Tail","Velvet Choker"],"picked":"Busted Crown"}],"items_purged_floors":[20],"is_endless":false,"potions_floor_spawned":[2,4,6,18,21,22],"killed_by":"Champ","ascension_level":0}