{"gold_per_floor":[117,136,149,6,19,19,49,49,76,76,1,15,15,15,15,15],"floor_reached":16,"playtime":376,"items_purged":["Strike_R"],"score":170,"play_id":"dd784d39-770c-46c7-baa2-c811bbbc91c7","local_time":"20181219143840","is_ascension_mode":true,"campfire_choices":[{"data":"Bash","floor":6.0,"key":"SMITH"},{"floor":8.0,"key":"REST"},{"data":"True Grit","floor":15.0,"key":"SMITH"}],"neow_cost":"NONE","seed_source_timestamp":8419627592021,"circlet_count":0,"master_deck":["AscendersBane","Strike_R","Strike_R","Strike_R","Strike_R","Defend_R","Defend_R+1","Defend_R","Defend_R+1","Bash+1","Sword Boomerang","Cleave","Pommel Strike","Offering","True Grit+1"],"special_seed":0,"relics":["Burning Blood","Omamori","Strawberry","Pen Nib","Golden Idol","Matryoshka"],"potions_floor_usage":[16],"damage_taken":[{"damage":1.0,"enemies":"Cultist","floor":1.0,"turns":4.0},{"damage":3.0,"enemies":"Small Slimes","floor":2.0,"turns":3.0},{"damage":2.0,"enemies":"Jaw Worm","floor":3.0,"turns":3.0},{"damage":17.0,"enemies":"Exordium Wildlife","floor":5.0,"turns":4.0},{"damage":44.0,"enemies":"3 Sentries","floor":7.0,"turns":7.0},{"damage":11.0,"enemies":"2 Fungi Beasts","floor":12.0,"turns":2.0},{"damage":47,"enemies":"Hexaghost","floor":16,"turns":9}],"seed_played":"-6146885897965733899","potions_obtained":[{"floor":1.0,"key":"Fruit Juice"},{"floor":2.0,"key":"SteroidPotion"}],"is_trial":false,"path_per_floor":["M","M","M","$","M","R","E","R","T","?","$","M","T","?","R","B"],"character_chosen":"IRONCLAD","items_purchased":["Offering"],"campfire_rested":1,"item_purchase_floors":[4],"current_hp_per_floor":[73,75,75,80,69,69,38,64,64,64,64,59,59,43,43,0],"gold":15,"neow_bonus":"RANDOM_COMMON_RELIC","is_prod":false,"is_daily":false,"chose_seed":false,"campfire_upgraded":2,"win_rate":0,"timestamp":1545219520,"path_taken":["M","?","M","$","M","R","E","R","T","?","?","M","?","?","R","BOSS"],"build_version":"2018-12-13","purchased_purges":1,"victory":false,"max_hp_per_floor":[75,75,75,80,80,80,87,87,87,81,81,81,81,81,81,81],"card_choices":[{"not_picked":["Metallicize","Armaments"],"picked":"Sword Boomerang","floor":1.0},{"not_picked":["Armaments","Anger"],"picked":"Cleave","floor":2.0},{"not_picked":["Body Slam","Dual Wield"],"picked":"Pommel Strike","floor":3.0},{"not_picked":["Bloodletting","Cleave"],"picked":"True Grit","floor":5.0},{"not_picked":["Cleave","Thunderclap","Wild Strike"],"picked":"SKIP","floor":7.0},{"not_picked":["Power Through","Sword Boomerang","Cleave"],"picked":"SKIP","floor":12.0}],"player_experience":594541,"relics_obtained":[{"floor":7.0,"key":"Strawberry"},{"floor":9.0,"key":"Pen Nib"},{"floor":13.0,"key":"Matryoshka"}],"event_choices":[{"damage_healed":0.0,"max_hp_gain":0.0,"max_hp_loss":6.0,"gold_gain":0.0,"event_name":"Golden Idol","player_choice":"Lose Max HP","floor":10.0,"gold_loss":0.0,"damage_taken":0.0,"relics_obtained":["Golden Idol"]},{"damage_healed":0.0,"max_hp_gain":0.0,"max_hp_loss":0.0,"gold_gain":0.0,"event_name":"Shining Light","player_choice":"Entered Light","floor":14.0,"gold_loss":0.0,"damage_taken":16.0,"cards_upgraded":["Defend_R","Defend_R"]}],"is_beta":false,"boss_relics":[],"items_purged_floors":[11],"is_endless":false,"potions_floor_spawned":[1,2],"killed_by":"Hexaghost","ascension_level":14}