{"gold_per_floor":[112,122,133,58,69,69,100,117,140,151,151,151,167,202,202,202],"floor_reached":16,"playtime":473,"items_purged":["Strike_R"],"score":228,"play_id":"22269001-c3d4-47d0-81ec-f207452d7acf","local_time":"20190727184110","is_ascension_mode":true,"campfire_choices":[{"data":"Bash","floor":6.0,"key":"SMITH"},{"data":"Fiend Fire","floor":11.0,"key":"SMITH"},{"data":"True Grit","floor":15,"key":"SMITH"}],"neow_cost":"NONE","seed_source_timestamp":22799148823861,"circlet_count":0,"master_deck":["AscendersBane","Strike_R","Strike_R","Strike_R","Strike_R","Defend_R","Defend_R","Defend_R","Defend_R","Bash+1","Fiend Fire+1","Wild Strike","Cleave","True Grit+1","Ghostly Armor","Spot Weakness","Demon Form","Warcry","Clothesline"],"special_seed":0,"relics":["Burning Blood","Omamori","Strawberry","Red Skull"],"potions_floor_usage":[13,14],"damage_taken":[{"damage":12.0,"enemies":"Small Slimes","floor":1.0,"turns":5.0},{"damage":0.0,"enemies":"Cultist","floor":2.0,"turns":3.0},{"damage":6.0,"enemies":"2 Louse","floor":3.0,"turns":3.0},{"damage":30.0,"enemies":"Exordium Wildlife","floor":5.0,"turns":6.0},{"damage":20.0,"enemies":"3 Sentries","floor":7.0,"turns":7.0},{"damage":6.0,"enemies":"2 Fungi Beasts","floor":8.0,"turns":4.0},{"damage":10.0,"enemies":"Looter","floor":10.0,"turns":4.0},{"damage":9,"enemies":"Gremlin Gang","floor":13,"turns":5},{"damage":18,"enemies":"Lagavulin","floor":14,"turns":7},{"damage":20,"enemies":"Hexaghost","floor":16,"turns":7}],"seed_played":"-451835649091434693","potions_obtained":[{"floor":2.0,"key":"LiquidBronze"},{"floor":3.0,"key":"Swift Potion"},{"floor":10.0,"key":"SkillPotion"}],"is_trial":false,"path_per_floor":["M","M","M","$","M","R","E","M","T","M","R","?","M","E","R","B"],"character_chosen":"IRONCLAD","items_purchased":[],"campfire_rested":0,"item_purchase_floors":[],"current_hp_per_floor":[62,68,68,68,44,44,30,30,37,33,33,33,30,18,18,0],"gold":202,"neow_bonus":"ONE_RANDOM_RARE_CARD","is_prod":false,"is_daily":false,"chose_seed":false,"campfire_upgraded":3,"win_rate":0,"timestamp":1564242070,"path_taken":["M","M","M","$","M","R","E","M","T","M","R","?","M","E","R","BOSS"],"build_version":"2019-07-17","purchased_purges":1,"victory":false,"max_hp_per_floor":[75,75,75,75,75,75,75,75,82,82,82,82,82,82,82,82],"card_choices":[{"not_picked":["Shrug It Off","Combust"],"picked":"Wild Strike","floor":1.0},{"not_picked":["Pommel Strike","Rupture"],"picked":"Cleave","floor":2.0},{"not_picked":["Armaments","Corruption"],"picked":"True Grit","floor":3.0},{"not_picked":["Iron Wave","Carnage"],"picked":"Ghostly Armor","floor":5.0},{"not_picked":["Shrug It Off","Cleave"],"picked":"Spot Weakness","floor":7.0},{"not_picked":["Sword Boomerang","Bloodletting","Thunderclap"],"picked":"SKIP","floor":8.0},{"not_picked":["Heavy Blade","Cleave","Berserk"],"picked":"SKIP","floor":10.0},{"not_picked":["Thunderclap","Searing Blow"],"picked":"Warcry","floor":13},{"not_picked":["Fire Breathing","Rampage"],"picked":"Clothesline","floor":14}],"player_experience":1105003,"relics_obtained":[{"floor":7.0,"key":"Omamori"},{"floor":9.0,"key":"Strawberry"},{"floor":14,"key":"Red Skull"}],"event_choices":[{"damage_healed":0.0,"max_hp_gain":0.0,"max_hp_loss":0.0,"gold_gain":0.0,"event_name":"Match and Keep!","player_choice":"1 cards matched","floor":12.0,"gold_loss":0.0,"damage_taken":0.0,"cards_obtained":["Demon Form"]}],"is_beta":false,"boss_relics":[],"items_purged_floors":[4],"is_endless":false,"potions_floor_spawned":[2,3,10],"killed_by":"Hexaghost","ascension_level":20}