{"gold_per_floor":[114,114,125,136,34,68,68,93,93,93,103,162,181,195,195,297,297,314,314,21,40,55,55],"floor_reached":23,"playtime":7381,"items_purged":[],"score":213,"play_id":"fe914a91-2794-4160-8ee8-4141aba88603","local_time":"20190715010637","is_ascension_mode":false,"campfire_choices":[{"data":"Whirlwind","floor":7.0,"key":"SMITH"},{"floor":10.0,"key":"REST"},{"floor":15.0,"key":"REST"}],"neow_cost":"NONE","seed_source_timestamp":0,"circlet_count":0,"master_deck":["Strike_R","Strike_R","Defend_R","Defend_R","Defend_R","Pommel Strike","Whirlwind+1","Armaments","Dropkick","Rage","Clothesline","Uppercut","Clash","Searing Blow","Blood for Blood","Demon Form","Fire Breathing","Burning Pact","Impervious","Violence","Shrug It Off+1"],"special_seed":0,"relics":["Burning Blood","Question Card","The Courier","Sundial","Tiny Chest","Empty Cage"],"potions_floor_usage":[21,22,23],"damage_taken":[{"damage":4.0,"enemies":"Small Slimes","floor":1.0,"turns":4.0},{"damage":6.0,"enemies":"Cultist","floor":3.0,"turns":4.0},{"damage":6.0,"enemies":"Jaw Worm","floor":4.0,"turns":3.0},{"damage":28.0,"enemies":"3 Sentries","floor":6.0,"turns":6.0},{"damage":52.0,"enemies":"Lagavulin","floor":8.0,"turns":8.0},{"damage":6.0,"enemies":"3 Louse","floor":11.0,"turns":2.0},{"damage":10.0,"enemies":"Gremlin Nob","floor":12.0,"turns":4.0},{"damage":8.0,"enemies":"Looter","floor":13.0,"turns":3.0},{"damage":10.0,"enemies":"Exordium Thugs","floor":14.0,"turns":5.0},{"damage":37.0,"enemies":"Slime Boss","floor":16.0,"turns":10.0},{"damage":24.0,"enemies":"Chosen","floor":18.0,"turns":5.0},{"damage":23,"enemies":"Shell Parasite","floor":21,"turns":6},{"damage":12,"enemies":"Snecko","floor":22,"turns":6},{"damage":40,"enemies":"Gremlin Leader","floor":23,"turns":5}],"seed_played":"8295615772818938437","potions_obtained":[{"floor":1.0,"key":"PowerPotion"},{"floor":8.0,"key":"AttackPotion"},{"floor":11.0,"key":"Block Potion"},{"floor":12.0,"key":"Swift Potion"},{"floor":16.0,"key":"SpeedPotion"},{"floor":18.0,"key":"SpeedPotion"},{"floor":22,"key":"EssenceOfSteel"}],"is_trial":false,"path_per_floor":["M","?","M","M","$","E","R","E","T","R","M","E","M","M","R","B",null,"M","?","$","M","M","E"],"character_chosen":"IRONCLAD","items_purchased":["Dropkick","Rage","Burning Pact","Impervious","Violence"],"campfire_rested":2,"item_purchase_floors":[5,5,20,20,20],"current_hp_per_floor":[80,80,80,80,80,58,58,12,12,36,36,32,30,26,50,19,80,62,62,62,45,39,0],"gold":55,"neow_bonus":"REMOVE_CARD","is_prod":false,"is_daily":false,"chose_seed":false,"campfire_upgraded":1,"win_rate":0,"timestamp":1563145597,"path_taken":["M","?","M","M","$","E","R","E","T","R","M","E","?","M","R","BOSS","M","?","$","M","M","E"],"build_version":"2019-07-05","purchased_purges":0,"victory":false,"max_hp_per_floor":[80,80,80,80,80,80,80,80,80,80,80,80,80,80,80,80,80,80,80,80,80,80,80],"card_choices":[{"not_picked":["Corruption","Shockwave"],"picked":"Pommel Strike","floor":1.0},{"not_picked":["Sword Boomerang","Armaments"],"picked":"Whirlwind","floor":3.0},{"not_picked":["Combust","Burning Pact"],"picked":"Armaments","floor":4.0},{"not_picked":["Rampage","Pommel Strike"],"picked":"Clothesline","floor":6.0},{"not_picked":["Iron Wave","Perfected Strike","Bludgeon"],"picked":"Uppercut","floor":8.0},{"not_picked":["Hemokinesis","Fire Breathing","Cleave"],"picked":"Clash","floor":11.0},{"not_picked":["Clothesline","Warcry","Brutality"],"picked":"Searing Blow","floor":12.0},{"not_picked":["Flex","Sever Soul","Ghostly Armor"],"picked":"Blood for Blood","floor":13.0},{"not_picked":["Cleave","Burning Pact","Twin Strike","Ghostly Armor"],"picked":"SKIP","floor":14.0},{"not_picked":["Fiend Fire","Dark Embrace","Berserk"],"picked":"Demon Form","floor":16.0},{"not_picked":["Bloodletting","Burning Pact","Clash","Flex"],"picked":"SKIP","floor":18.0},{"not_picked":["Perfected Strike","Twin Strike","Fiend Fire","True Grit"],"picked":"SKIP","floor":21},{"not_picked":["Wild Strike+1","Dual Wield+1","Clothesline"],"picked":"Shrug It Off+1","floor":22}],"player_experience":159040,"relics_obtained":[{"floor":6.0,"key":"Question Card"},{"floor":8.0,"key":"The Courier"},{"floor":9.0,"key":"Sundial"},{"floor":12.0,"key":"Tiny Chest"}],"event_choices":[{"cards_removed":["Bash"],"damage_healed":0.0,"max_hp_gain":0.0,"max_hp_loss":0.0,"gold_gain":0.0,"event_name":"Purifier","player_choice":"Purged","floor":2.0,"gold_loss":0.0,"damage_taken":0.0},{"damage_healed":0,"gold_gain":0,"cards_transformed":["Strike_R"],"player_choice":"Transformed","damage_taken":0,"max_hp_gain":0,"max_hp_loss":0,"event_name":"Transmorgrifier","floor":19,"gold_loss":0,"cards_obtained":["Fire Breathing"]}],"is_beta":false,"boss_relics":[{"not_picked":["Snecko Eye","Runic Dome"],"picked":"Empty Cage"}],"items_purged_floors":[],"is_endless":false,"potions_floor_spawned":[1,8,11,12,16,18,22],"killed_by":"Gremlin Leader","ascension_level":0}