{"gold_per_floor":[109,121,71,81,100,100,117,117,117,117,132,143,204,224,224,321,321,341,341,150,167,167,167,185,185,209,221,146,126,145,165,165,266,266,286,297,316,335,348,348,176,176,176,176,176,176,194,214,214,214],"floor_reached":50,"playtime":8090,"items_purged":["Defend_R"],"score":467,"play_id":"53328bee-bc64-40fa-bf5f-1acb38bb90e2","local_time":"20190409221455","is_ascension_mode":false,"campfire_choices":[{"data":"Metallicize","floor":6,"key":"SMITH"},{"data":"Searing Blow","floor":8,"key":"SMITH"},{"data":"Searing Blow+1","floor":10,"key":"SMITH"},{"data":"Anger","floor":15,"key":"SMITH"},{"data":"Rage","floor":23,"key":"SMITH"},{"data":"Demon Form","floor":25,"key":"SMITH"},{"data":"Barricade","floor":32,"key":"SMITH"},{"data":"Chill","floor":40,"key":"SMITH"},{"data":"After Image","floor":42,"key":"SMITH"},{"data":"Searing Blow+2","floor":44,"key":"SMITH"},{"data":"Searing Blow+3","floor":49,"key":"SMITH"}],"neow_cost":"NONE","seed_source_timestamp":4429614794507,"circlet_count":0,"master_deck":["Defend_R","Defend_R","Metallicize+1","Searing Blow+4","Rage+1","Intimidate","Anger+1","Demon Form+1","Anger+1","Bite","Bite","Bite","Bite","Bite","Leg Sweep","Chill+1","Cold Snap+1","Barricade+1","Entrench+1","After Image+1","Hologram+1","Glacier+1","Panacea","Parasite","Redo+1"],"relics":["Black Blood","Shuriken","Kunai","Lizard Tail","PrismaticShard","Bag of Preparation","Toxic Egg 2"],"potions_floor_usage":[7,13,16,16,16,33,33,48,50,50],"damage_taken":[{"damage":1,"enemies":"Cultist","floor":1,"turns":4},{"damage":15,"enemies":"Jaw Worm","floor":2,"turns":4},{"damage":6,"enemies":"2 Louse","floor":4,"turns":3},{"damage":33,"enemies":"Large Slime","floor":5,"turns":15},{"damage":15,"enemies":"Gremlin Gang","floor":7,"turns":8},{"damage":13,"enemies":"Red Slaver","floor":11,"turns":6},{"damage":6,"enemies":"3 Louse","floor":12,"turns":4},{"damage":0,"enemies":"3 Sentries","floor":13,"turns":8},{"damage":0,"enemies":"2 Fungi Beasts","floor":14,"turns":4},{"damage":39,"enemies":"Slime Boss","floor":16,"turns":15},{"damage":16,"enemies":"Chosen","floor":18,"turns":5},{"damage":27,"enemies":"Spheric Guardian","floor":21,"turns":6},{"damage":32,"enemies":"Snake Plant","floor":24,"turns":4},{"damage":3,"enemies":"Centurion and Healer","floor":27,"turns":9},{"damage":3,"enemies":"Shelled Parasite and Fungi","floor":30,"turns":8},{"damage":13,"enemies":"Cultist and Chosen","floor":31,"turns":8},{"damage":126,"enemies":"Collector","floor":33,"turns":14},{"damage":47,"enemies":"3 Darklings","floor":35,"turns":19},{"damage":14,"enemies":"3 Shapes","floor":36,"turns":10},{"damage":25,"enemies":"3 Darklings","floor":37,"turns":16},{"damage":51,"enemies":"Sphere and 2 Shapes","floor":38,"turns":14},{"damage":26,"enemies":"4 Shapes","floor":39,"turns":24},{"damage":12,"enemies":"Writhing Mass","floor":47,"turns":17},{"damage":63,"enemies":"Sphere and 2 Shapes","floor":48,"turns":37},{"damage":70,"enemies":"Awakened One","floor":50,"turns":7}],"seed_played":"3529139582931256080","potions_obtained":[{"floor":1,"key":"AttackPotion"},{"floor":7,"key":"Poison Potion"},{"floor":11,"key":"Fire Potion"},{"floor":12,"key":"Swift Potion"},{"floor":14,"key":"SteroidPotion"},{"floor":24,"key":"Strength Potion"},{"floor":27,"key":"BloodPotion"},{"floor":29,"key":"FairyPotion"},{"floor":33,"key":"SpeedPotion"},{"floor":36,"key":"FearPotion"},{"floor":37,"key":"SteroidPotion"}],"is_trial":false,"path_per_floor":["M","M","?","M","M","R","M","R","T","R","M","M","?","M","R","B",null,"M","?","$","M","?","R","M","R","T","M","$","?","M","M","R","B",null,"M","M","M","M","M","R","$","R","T","R","$","?","M","M","R","B"],"character_chosen":"IRONCLAD","items_purchased":["PrismaticShard","Barricade","Panacea"],"campfire_rested":0,"item_purchase_floors":[20,28,41],"current_hp_per_floor":[88,79,79,79,52,52,43,43,43,43,36,36,42,48,48,15,88,78,61,61,48,38,38,18,18,18,41,41,41,54,57,57,38,66,63,66,66,49,55,55,55,55,55,55,55,55,66,66,66,0],"gold":214,"neow_bonus":"TEN_PERCENT_HP_BONUS","is_prod":false,"is_daily":false,"chose_seed":false,"campfire_upgraded":11,"win_rate":0.0,"timestamp":1554840895,"path_taken":["M","M","?","M","M","R","M","R","T","R","M","M","?","M","R","BOSS","M","?","$","M","?","R","M","R","T","M","$","?","M","M","R","BOSS","M","M","M","M","?","R","$","R","T","R","$","?","M","M","R","BOSS"],"build_version":"2019-01-23","purchased_purges":1,"victory":false,"max_hp_per_floor":[88,88,88,88,88,88,88,88,88,88,88,88,88,88,88,88,88,88,61,61,61,66,66,66,66,66,66,66,66,66,66,66,66,66,66,66,66,66,66,66,66,66,66,66,66,66,66,66,66,66],"card_choices":[{"not_picked":["Pummel","Armaments","True Grit"],"picked":"SKIP","floor":1},{"not_picked":["Second Wind","Disarm"],"picked":"Metallicize","floor":2},{"not_picked":["Spot Weakness","Bloodletting","Clash"],"picked":"SKIP","floor":4},{"not_picked":["Thunderclap","Shrug It Off","Feel No Pain"],"picked":"SKIP","floor":5},{"not_picked":["Seeing Red","Uppercut"],"picked":"Searing Blow","floor":7},{"not_picked":["Sword Boomerang","Iron Wave"],"picked":"Rage","floor":11},{"not_picked":["Carnage","Clash"],"picked":"Intimidate","floor":12},{"not_picked":["Rage","Warcry"],"picked":"Anger","floor":14},{"not_picked":["Offering","Reaper"],"picked":"Demon Form","floor":16},{"not_picked":["Fire Breathing","Sword Boomerang"],"picked":"Anger+1","floor":18},{"not_picked":["Enlightenment","Stack+1"],"picked":"Leg Sweep","floor":21},{"not_picked":["Thunderclap","Impatience"],"picked":"Chill","floor":24},{"not_picked":["Infinite Blades","Sucker Punch+1"],"picked":"Cold Snap+1","floor":27},{"not_picked":["Steam","Sword Boomerang+1","Disarm+1"],"picked":"SKIP","floor":30},{"not_picked":["Flying Knee+1","Bandage Up"],"picked":"Entrench+1","floor":31},{"not_picked":["Juggernaut","Panache"],"picked":"After Image","floor":33},{"not_picked":["Iron Wave+1","Cold Snap"],"picked":"Hologram+1","floor":35},{"not_picked":["Dagger Throw+1","PanicButton","Flying Knee+1"],"picked":"SKIP","floor":36},{"not_picked":["Ball Lightning+1","Quick Slash+1","Blur+1"],"picked":"SKIP","floor":37},{"not_picked":["Eviscerate+1","Dodge and Roll+1"],"picked":"Glacier+1","floor":38},{"not_picked":["HandOfGreed","Heavy Blade+1","Dagger Throw"],"picked":"SKIP","floor":39},{"not_picked":["Hello World","Good Instincts+1"],"picked":"Redo+1","floor":47},{"not_picked":["Armaments+1","Compile Driver","Thunderclap"],"picked":"SKIP","floor":48}],"player_experience":27105,"relics_obtained":[{"floor":9,"key":"Shuriken"},{"floor":13,"key":"Kunai"},{"floor":26,"key":"Bag of Preparation"},{"floor":43,"key":"Toxic Egg 2"}],"event_choices":[{"cards_removed":["Bash"],"damage_healed":0,"gold_gain":0,"player_choice":"Card Removal","damage_taken":0,"max_hp_gain":0,"max_hp_loss":0,"event_name":"The Cleric","floor":3,"gold_loss":50},{"damage_healed":0,"gold_gain":30,"player_choice":"Searched \u00272\u0027 times","damage_taken":0,"max_hp_gain":0,"max_hp_loss":0,"event_name":"Dead Adventurer","floor":13,"gold_loss":0},{"damage_healed":0,"gold_gain":0,"player_choice":"Became a vampire","damage_taken":0,"max_hp_gain":0,"max_hp_loss":27,"event_name":"Vampires","floor":19,"gold_loss":0,"cards_obtained":["Bite","Bite","Bite","Bite","Bite"]},{"damage_healed":0,"gold_gain":0,"player_choice":"Shed Blood","damage_taken":15,"max_hp_gain":5,"max_hp_loss":0,"event_name":"Forgotten Altar","floor":22,"gold_loss":0},{"damage_healed":0,"gold_gain":0,"player_choice":"Bought 1 Potion","damage_taken":0,"max_hp_gain":0,"max_hp_loss":0,"event_name":"The Woman in Blue","floor":29,"gold_loss":0},{"cards_removed":["Defend_R"],"damage_healed":0,"gold_gain":0,"player_choice":"Removed Skill","damage_taken":0,"max_hp_gain":0,"max_hp_loss":0,"event_name":"Falling","floor":46,"gold_loss":0}],"is_beta":false,"boss_relics":[{"not_picked":["Mark of Pain","Coffee Dripper"],"picked":"Lizard Tail"},{"not_picked":["Sozu","Velvet Choker"],"picked":"Black Blood"}],"items_purged_floors":[41],"is_endless":false,"potions_floor_spawned":[1,7,11,12,14,24,27,30,31,33,36,37,47],"killed_by":"Awakened One","ascension_level":0}