{"gold_per_floor":[214,233,21,34,34,34,34,184,184,109,109,152,168,187,187,187],"floor_reached":16,"playtime":3423,"items_purged":["Doubt"],"score":200,"play_id":"9afcad38-132d-4727-8b43-3e0a0e84ced6","local_time":"20190202134616","is_ascension_mode":true,"campfire_choices":[{"data":"Neutralize","floor":6,"key":"SMITH"},{"data":"Quick Slash","floor":11,"key":"SMITH"},{"data":"Crippling Poison","floor":15,"key":"SMITH"}],"neow_cost":"NONE","seed_source_timestamp":2041770233940,"circlet_count":0,"master_deck":["AscendersBane","Defend_G","Defend_G","Defend_G","Defend_G","Defend_G","Strike_G","Strike_G","Strike_G","Strike_G","Strike_G","Survivor","Neutralize+1","Dagger Throw","Backstab","Quick Slash+1","Crippling Poison+1","Well Laid Plans"],"relics":["Ring of the Snake","Lee\u0027s Waffle","Golden Idol","Dodecahedron","Strawberry"],"potions_floor_usage":[16],"damage_taken":[{"damage":21,"enemies":"Jaw Worm","floor":1,"turns":9},{"damage":1,"enemies":"2 Louse","floor":2,"turns":4},{"damage":0,"enemies":"Small Slimes","floor":4,"turns":4},{"damage":31,"enemies":"Lagavulin","floor":12,"turns":7},{"damage":0,"enemies":"Blue Slaver","floor":13,"turns":3},{"damage":0,"enemies":"2 Fungi Beasts","floor":14,"turns":2},{"damage":43,"enemies":"Hexaghost","floor":16,"turns":11}],"seed_played":"4351406942339578792","potions_obtained":[{"floor":1,"key":"GamblersBrew"},{"floor":2,"key":"Dexterity Potion"},{"floor":13,"key":"Swift Potion"}],"is_trial":false,"path_per_floor":["M","M","$","M","$","R","?","?","T","$","R","E","M","M","R","B"],"character_chosen":"THE_SILENT","items_purchased":["Lee\u0027s Waffle"],"campfire_rested":0,"item_purchase_floors":[3],"current_hp_per_floor":[38,37,73,73,73,73,66,66,66,66,66,42,42,42,42,0],"gold":187,"neow_bonus":"HUNDRED_GOLD","is_prod":false,"is_daily":false,"chose_seed":false,"campfire_upgraded":3,"win_rate":0,"timestamp":1549104376,"path_taken":["M","M","$","M","$","R","?","?","T","$","R","E","M","M","R","BOSS"],"build_version":"2019-01-23","purchased_purges":1,"victory":false,"max_hp_per_floor":[66,66,73,73,73,73,66,66,66,66,66,73,73,73,73,73],"card_choices":[{"not_picked":["Reflex","Slice"],"picked":"Dagger Throw","floor":1},{"not_picked":["Eviscerate","Caltrops"],"picked":"Backstab","floor":2},{"not_picked":["Slice","Prepared"],"picked":"Quick Slash","floor":4},{"not_picked":["Tactician","Endless Agony","Dagger Throw"],"picked":"SKIP","floor":12},{"not_picked":["Dagger Throw","Predator"],"picked":"Crippling Poison","floor":13},{"not_picked":["Outmaneuver","Accuracy"],"picked":"Well Laid Plans","floor":14}],"player_experience":730371,"relics_obtained":[{"floor":9,"key":"Dodecahedron"},{"floor":12,"key":"Strawberry"}],"event_choices":[{"damage_healed":0,"gold_gain":0,"player_choice":"Lose Max HP","damage_taken":0,"relics_obtained":["Golden Idol"],"max_hp_gain":0,"max_hp_loss":7,"event_name":"Golden Idol","floor":7,"gold_loss":0},{"damage_healed":0,"gold_gain":150,"player_choice":"AGREE","damage_taken":0,"max_hp_gain":0,"max_hp_loss":0,"event_name":"Liars Game","floor":8,"gold_loss":0,"cards_obtained":["Doubt"]}],"is_beta":false,"boss_relics":[],"items_purged_floors":[10],"is_endless":false,"potions_floor_spawned":[1,2,13],"killed_by":"Hexaghost","ascension_level":20}