{"gold_per_floor":[109,120,120,135,60,88,38,38,38,38,138,138,148,165,165,265,265,230,255,266,14,27,27,42,42,42,42,56,56,66,66],"floor_reached":31,"playtime":2210,"items_purged":["Defend_G","Strike_G"],"score":237,"play_id":"4d4fac7b-2600-452d-91f7-4f0d1c227cbb","local_time":"20181025225319","is_ascension_mode":false,"campfire_choices":[{"floor":10,"key":"REST"},{"data":"Cloak And Dagger","floor":12,"key":"SMITH"},{"data":"Outmaneuver","floor":15,"key":"SMITH"},{"floor":27,"key":"REST"}],"neow_cost":"NONE","seed_source_timestamp":47070801461773,"circlet_count":0,"master_deck":["Defend_G","Defend_G","Defend_G","Defend_G","Strike_G","Strike_G","Survivor","Neutralize","Envenom","Cloak And Dagger+1","Dagger Spray","Catalyst","Skewer+1","Outmaneuver+1","Tools of the Trade","Cloak And Dagger","Accuracy+1","Blade Dance+1","RitualDagger+1"],"relics":["Ring of the Snake","Molten Egg 2","Regal Pillow","Runic Pyramid","Red Mask","Lantern","Nunchaku"],"potions_floor_usage":[16,19,22,24,30],"damage_taken":[{"damage":1,"enemies":"Jaw Worm","floor":1,"turns":6},{"damage":0,"enemies":"Small Slimes","floor":2,"turns":5},{"damage":1,"enemies":"2 Louse","floor":4,"turns":3},{"damage":32,"enemies":"3 Sentries","floor":6,"turns":8},{"damage":0,"enemies":"2 Fungi Beasts","floor":13,"turns":3},{"damage":3,"enemies":"Lots of Slimes","floor":14,"turns":2},{"damage":23,"enemies":"Slime Boss","floor":16,"turns":8},{"damage":27,"enemies":"2 Thieves","floor":18,"turns":5},{"damage":11,"enemies":"Masked Bandits","floor":19,"turns":4},{"damage":0,"enemies":"Chosen","floor":20,"turns":3},{"damage":11,"enemies":"Snake Plant","floor":22,"turns":4},{"damage":2,"enemies":"Cultist and Chosen","floor":24,"turns":6},{"damage":36,"enemies":"3 Cultists","floor":28,"turns":6},{"damage":18,"enemies":"Centurion and Healer","floor":30,"turns":8},{"damage":5,"enemies":"Snake Plant","floor":31,"turns":2}],"seed_played":"-6286680515824368003","potions_obtained":[{"floor":1,"key":"Poison Potion"},{"floor":13,"key":"Energy Potion"},{"floor":14,"key":"Explosive Potion"},{"floor":16,"key":"Swift Potion"},{"floor":19,"key":"SteroidPotion"},{"floor":20,"key":"FairyPotion"},{"floor":22,"key":"FearPotion"},{"floor":30,"key":"Ancient Potion"}],"is_trial":false,"path_per_floor":["M","M","?","M","$","E","?","$","T","R","?","R","M","M","R","B",null,"M","?","M","$","M","?","M","$","T","R","M","?","M"],"character_chosen":"THE_SILENT","items_purchased":["Lantern"],"campfire_rested":2,"item_purchase_floors":[21],"current_hp_per_floor":[69,69,62,61,61,29,29,29,29,65,65,65,65,62,62,39,70,43,32,32,32,21,21,19,19,19,55,19,13,4,0],"gold":66,"neow_bonus":"ONE_RANDOM_RARE_CARD","is_prod":false,"is_daily":false,"chose_seed":false,"campfire_upgraded":2,"win_rate":0,"timestamp":1540500799,"path_taken":["M","M","?","M","$","E","?","$","T","R","?","R","M","M","R","BOSS","M","?","M","$","M","?","M","$","T","R","M","?","M","M"],"build_version":"2018-10-18","purchased_purges":2,"victory":false,"max_hp_per_floor":[70,70,70,70,70,70,70,70,70,70,70,70,70,70,70,70,70,70,70,70,70,70,70,70,70,70,70,70,70,70,70],"card_choices":[{"not_picked":["Backstab","Sucker Punch","Backflip"],"picked":"SKIP","floor":1},{"not_picked":["Dagger Throw","Flying Knee"],"picked":"Cloak And Dagger","floor":2},{"not_picked":["Setup","Terror"],"picked":"Dagger Spray","floor":4},{"not_picked":["Skewer","Quick Slash"],"picked":"Catalyst","floor":6},{"not_picked":["Backflip","Bane+1"],"picked":"Skewer+1","floor":13},{"not_picked":["Tools of the Trade","Masterful Stab+1"],"picked":"Outmaneuver","floor":14},{"not_picked":["Phantasmal Killer","Storm of Steel"],"picked":"Tools of the Trade","floor":16},{"not_picked":["Poisoned Stab+1","Choke+1","Dagger Throw+1"],"picked":"SKIP","floor":18},{"not_picked":["Infinite Blades","Deadly Poison"],"picked":"Cloak And Dagger","floor":19},{"not_picked":["Leg Sweep","Crippling Poison","Noxious Fumes"],"picked":"SKIP","floor":20},{"not_picked":["Caltrops","Dagger Throw+1","Acrobatics"],"picked":"SKIP","floor":22},{"not_picked":["Crippling Poison+1","Underhanded Strike+1"],"picked":"Accuracy+1","floor":24},{"not_picked":["Calculated Gamble","Accuracy"],"picked":"Blade Dance+1","floor":28},{"not_picked":["Cloak And Dagger","Acrobatics","Underhanded Strike+1"],"picked":"SKIP","floor":30}],"player_experience":332674,"relics_obtained":[{"floor":6,"key":"Molten Egg 2"},{"floor":9,"key":"Regal Pillow"},{"floor":19,"key":"Red Mask"},{"floor":26,"key":"Nunchaku"}],"event_choices":[{"cards_removed":["Strike_G"],"damage_healed":0,"gold_gain":0,"player_choice":"Card Removal","damage_taken":7,"max_hp_gain":0,"max_hp_loss":0,"event_name":"Golden Wing","floor":3,"gold_loss":0},{"cards_removed":["Strike_G"],"damage_healed":0,"gold_gain":0,"player_choice":"Card Removal","damage_taken":0,"max_hp_gain":0,"max_hp_loss":0,"event_name":"The Cleric","floor":7,"gold_loss":50},{"damage_healed":0,"gold_gain":100,"player_choice":"Pray","damage_taken":0,"max_hp_gain":0,"max_hp_loss":0,"event_name":"Golden Shrine","floor":11,"gold_loss":0},{"damage_healed":0,"gold_gain":0,"player_choice":"Fought Bandits","damage_taken":0,"max_hp_gain":0,"max_hp_loss":0,"event_name":"Masked Bandits","floor":19,"gold_loss":0},{"damage_healed":0,"gold_gain":0,"player_choice":"Joined the Cult","damage_taken":6,"max_hp_gain":0,"max_hp_loss":0,"event_name":"Nest","floor":29,"gold_loss":0,"cards_obtained":["RitualDagger"]}],"is_beta":false,"boss_relics":[{"not_picked":["Orrery","HoveringKite"],"picked":"Runic Pyramid"}],"items_purged_floors":[5,21],"is_endless":false,"potions_floor_spawned":[1,13,14,16,19,20,22,30],"killed_by":"Snake Plant","ascension_level":0}