{"gold_per_floor":[116,128,303,321,69,69,69,96,150,150,150,150,166,191,191,191],"floor_reached":16,"playtime":432,"items_purged":[],"score":173,"play_id":"fc38f82e-084b-4ebb-9ff0-b7cce99852eb","local_time":"20181111200951","is_ascension_mode":true,"campfire_choices":[{"floor":6.0,"key":"REST"},{"floor":10.0,"key":"REST"},{"floor":12.0,"key":"REST"},{"data":"Riddle With Holes","floor":15.0,"key":"SMITH"}],"neow_cost":"NONE","seed_source_timestamp":30943578916371,"circlet_count":0,"master_deck":["AscendersBane","Defend_G","Defend_G","Defend_G","Defend_G","Defend_G","Strike_G","Strike_G","Strike_G","Strike_G","Strike_G+1","Survivor","Neutralize","Catalyst","Backstab+1","Sucker Punch","Riddle With Holes+1","Dodge and Roll","Backstab"],"special_seed":0,"relics":["Velvet Choker","Shuriken","Art of War","Dream Catcher","Strawberry"],"potions_floor_usage":[16],"damage_taken":[{"damage":0.0,"enemies":"Cultist","floor":1.0,"turns":4.0},{"damage":6.0,"enemies":"2 Louse","floor":2.0,"turns":3.0},{"damage":9.0,"enemies":"Small Slimes","floor":4.0,"turns":4.0},{"damage":25.0,"enemies":"3 Sentries","floor":8.0,"turns":9.0},{"damage":14.0,"enemies":"Red Slaver","floor":13.0,"turns":2.0},{"damage":17.0,"enemies":"Lagavulin","floor":14.0,"turns":7.0},{"damage":41,"enemies":"Hexaghost","floor":16,"turns":9}],"seed_played":"-3407723744732118411","potions_obtained":[{"floor":2.0,"key":"Fire Potion"},{"floor":14.0,"key":"EssenceOfSteel"}],"is_trial":false,"path_per_floor":["M","M","?","M","$","R","?","E","T","R","?","R","M","E","E","R","B"],"character_chosen":"THE_SILENT","items_purchased":["Shuriken"],"campfire_rested":3,"item_purchase_floors":[5],"current_hp_per_floor":[63,57,57,48,48,69,55,30,30,51,44,65,51,41,41,0],"gold":191,"neow_bonus":"BOSS_RELIC","is_prod":false,"is_daily":false,"chose_seed":false,"campfire_upgraded":1,"win_rate":0,"timestamp":1541956191,"path_taken":["M","?","?","M","$","R","?","E","T","R","?","R","M","E","R","BOSS"],"build_version":"2018-11-08","purchased_purges":0,"victory":false,"max_hp_per_floor":[70,70,70,70,70,70,70,70,70,70,70,70,70,77,77,77],"card_choices":[{"not_picked":["Blade Dance","Acrobatics"],"picked":"Catalyst","floor":1.0},{"not_picked":["Deadly Poison","Poisoned Stab"],"picked":"Backstab","floor":2.0},{"not_picked":["Infinite Blades","Prepared"],"picked":"Sucker Punch","floor":4.0},{"not_picked":["Calculated Gamble","Expertise"],"picked":"Riddle With Holes","floor":8.0},{"not_picked":["Sucker Punch","Outmaneuver"],"picked":"Dodge and Roll","floor":10.0},{"not_picked":["Flying Knee","Glass Knife"],"picked":"Backstab","floor":12.0},{"not_picked":["Backflip","Dagger Throw","Underhanded Strike"],"picked":"SKIP","floor":13.0},{"not_picked":["Dagger Throw","Dodge and Roll","Tools of the Trade"],"picked":"SKIP","floor":14.0}],"player_experience":509010,"relics_obtained":[{"floor":8.0,"key":"Art of War"},{"floor":9.0,"key":"Dream Catcher"},{"floor":14.0,"key":"Strawberry"}],"event_choices":[{"damage_healed":0.0,"max_hp_gain":0.0,"max_hp_loss":0.0,"gold_gain":175.0,"event_name":"Liars Game","player_choice":"AGREE","floor":3.0,"gold_loss":0.0,"damage_taken":0.0,"cards_obtained":["Doubt"]},{"damage_healed":0.0,"max_hp_gain":0.0,"max_hp_loss":0.0,"gold_gain":0.0,"event_name":"Shining Light","player_choice":"Entered Light","floor":7.0,"gold_loss":0.0,"damage_taken":14.0,"cards_upgraded":["Backstab","Strike_G"]},{"cards_removed":["Doubt"],"damage_healed":0.0,"max_hp_gain":0.0,"max_hp_loss":0.0,"gold_gain":0.0,"event_name":"Golden Wing","player_choice":"Card Removal","floor":11.0,"gold_loss":0.0,"damage_taken":7.0}],"is_beta":false,"boss_relics":[],"items_purged_floors":[],"is_endless":false,"potions_floor_spawned":[2,14],"killed_by":"Hexaghost","ascension_level":12}