{"gold_per_floor":[113,113,136,11,11,45,45,69,69,92,123,88,112,187,187,187],"floor_reached":16,"playtime":1000,"items_purged":[],"score":160,"play_id":"94b6cea2-d1c1-492b-921d-f08ddfa2fb39","local_time":"20180720190008","is_ascension_mode":false,"campfire_choices":[{"data":"Flex","floor":7,"key":"SMITH"},{"floor":15,"key":"REST"}],"neow_cost":"NONE","seed_source_timestamp":15352772946993,"circlet_count":0,"master_deck":["Strike_R","Strike_R","Strike_R","Strike_R","Defend_R","Defend_R","Defend_R","Defend_R","Bash","Second Wind","Injury","Whirlwind","Pommel Strike","Flex+1","Clash","Clothesline","Sword Boomerang","Twin Strike","Whirlwind","Fire Breathing","Carnage","Shockwave"],"relics":["Philosopher\u0027s Stone","Golden Idol","Bottled Lightning","Meat on the Bone","Peace Pipe"],"potions_floor_usage":[16,16,16],"damage_taken":[{"damage":0,"enemies":"Small Slimes","floor":1,"turns":3},{"damage":0,"enemies":"Cultist","floor":3,"turns":3},{"damage":30,"enemies":"Gremlin Nob","floor":6,"turns":5},{"damage":3,"enemies":"Jaw Worm","floor":8,"turns":2},{"damage":4,"enemies":"Large Slime","floor":10,"turns":4},{"damage":25,"enemies":"3 Sentries","floor":11,"turns":4},{"damage":0,"enemies":"3 Louse","floor":13,"turns":1}],"seed_played":"-796498471433809979","potions_obtained":[{"floor":1,"key":"Fire Potion"},{"floor":10,"key":"Weak Potion"},{"floor":11,"key":"EssenceOfSteel"}],"is_trial":false,"path_per_floor":["M","?","M","$","?","E","R","M","T","M","E","$","M","?","R"],"character_chosen":"IRONCLAD","items_purchased":["Pommel Strike","Flex","Clash","Carnage"],"campfire_rested":1,"item_purchase_floors":[4,4,4,12],"current_hp_per_floor":[80,80,80,80,80,50,50,47,47,43,30,30,42,31,55,0],"gold":187,"neow_bonus":"BOSS_RELIC","is_prod":false,"is_daily":false,"chose_seed":false,"campfire_upgraded":1,"win_rate":0.0,"timestamp":1532093408,"path_taken":["M","?","M","$","?","E","R","M","T","M","E","?","?","?","R","BOSS"],"build_version":"2018-07-19","purchased_purges":0,"victory":false,"max_hp_per_floor":[80,80,80,80,80,80,80,80,80,80,80,80,80,80,80,80],"card_choices":[{"not_picked":["Combust","Headbutt"],"picked":"Second Wind","floor":1},{"not_picked":["Warcry","Shrug It Off"],"picked":"Whirlwind","floor":3},{"not_picked":["Heavy Blade","Perfected Strike"],"picked":"Sword Boomerang","floor":6},{"not_picked":["Flex","Headbutt"],"picked":"Twin Strike","floor":8},{"not_picked":["Corruption","Shrug It Off"],"picked":"Whirlwind","floor":10},{"not_picked":["Entrench","Perfected Strike"],"picked":"Fire Breathing","floor":11},{"not_picked":["Pommel Strike","Twin Strike"],"picked":"Shockwave","floor":13}],"player_experience":27090,"relics_obtained":[{"floor":6,"key":"Bottled Lightning"},{"floor":9,"key":"Meat on the Bone"},{"floor":11,"key":"Peace Pipe"}],"event_choices":[{"event_name":"Golden Idol","player_choice":"Take Wound","floor":2,"damage_taken":0},{"event_name":"Living Wall","player_choice":"Change","floor":5,"damage_taken":0},{"event_name":"World of Goop","player_choice":"Gather Gold","floor":14,"damage_taken":0}],"is_beta":false,"boss_relics":[],"items_purged_floors":[],"is_endless":false,"potions_floor_spawned":[1,10,11],"killed_by":"The Guardian","ascension_level":0}