{"gold_per_floor":[369,382,397,106,62,62,93,93,93,93,93,93,109,122,122,194,194,194,144,24,24,24,24,24,24,24,24,24,24,24],"floor_reached":30,"playtime":855,"items_purged":["Decay"],"score":441,"play_id":"78ee6019-b3a8-4004-bf52-b2e4d15abb8e","local_time":"20190108001039","is_ascension_mode":true,"campfire_choices":[{"floor":6,"key":"REST"},{"data":"Zap","floor":10,"key":"SMITH"},{"data":"Streamline","floor":12,"key":"SMITH"},{"data":"Capacitor","floor":15,"key":"SMITH"},{"floor":23,"key":"REST"},{"floor":25,"key":"REST"}],"neow_cost":"CURSE","seed_source_timestamp":43828799512170,"circlet_count":0,"master_deck":["AscendersBane","Strike_B","Strike_B","Defend_B","Defend_B+1","Defend_B+1","Defend_B","Zap+1","Dualcast+1","Capacitor+1","BootSequence","Coolheaded","Streamline+1","Steam","Buffer+1","Doom and Gloom","Echo Form","Barrage","Melter","Ball Lightning","Leap","Coolheaded"],"relics":["Cracked Core","Oddly Smooth Stone","Dodecahedron","Ectoplasm","War Paint"],"potions_floor_usage":[24,30],"damage_taken":[{"damage":9,"enemies":"Cultist","floor":1,"turns":4},{"damage":3,"enemies":"2 Louse","floor":2,"turns":2},{"damage":6,"enemies":"Jaw Worm","floor":3,"turns":3},{"damage":14,"enemies":"Exordium Thugs","floor":5,"turns":5},{"damage":31,"enemies":"Lagavulin","floor":7,"turns":8},{"damage":7,"enemies":"Exordium Wildlife","floor":13,"turns":4},{"damage":14,"enemies":"2 Fungi Beasts","floor":14,"turns":4},{"damage":10,"enemies":"The Guardian","floor":16,"turns":12},{"damage":14,"enemies":"Shell Parasite","floor":18,"turns":7},{"damage":30,"enemies":"2 Thieves","floor":20,"turns":5},{"damage":39,"enemies":"Snake Plant","floor":24,"turns":6},{"damage":13,"enemies":"Chosen and Byrds","floor":28,"turns":9},{"damage":0,"enemies":"Snecko","floor":29,"turns":5},{"damage":15,"enemies":"Sentry and Sphere","floor":30,"turns":3}],"seed_played":"3330064136953351018","potions_obtained":[{"floor":7,"key":"GamblersBrew"},{"floor":24,"key":"Energy Potion"}],"is_trial":false,"path_per_floor":["M","M","M","$","M","R","E","?","T","R","?","R","M","M","R","B",null,"M","?","M","$","?","R","M","R","T","?","M","M","M"],"character_chosen":"DEFECT","items_purchased":["Coolheaded","Streamline","Steam","SkillPotion"],"campfire_rested":3,"item_purchase_floors":[4,4,4,4],"current_hp_per_floor":[55,52,46,46,32,53,22,22,22,22,71,71,64,50,50,40,63,49,49,19,19,19,40,1,22,22,22,9,9,0],"gold":24,"neow_bonus":"TWO_FIFTY_GOLD","is_prod":false,"is_daily":false,"chose_seed":false,"campfire_upgraded":3,"win_rate":0,"timestamp":1546895439,"path_taken":["M","?","M","$","M","R","E","?","T","R","?","R","?","M","R","BOSS","M","?","?","$","?","R","M","R","T","?","M","M","M"],"build_version":"2019-01-03v4","purchased_purges":1,"victory":false,"max_hp_per_floor":[71,71,71,71,71,71,71,71,71,71,71,71,71,71,71,71,71,71,71,71,71,71,71,71,71,71,71,71,71,71],"card_choices":[{"not_picked":["Beam Cell","Steam"],"picked":"Capacitor","floor":1},{"not_picked":["Go for the Eyes","Static Discharge"],"picked":"BootSequence","floor":2},{"not_picked":["Rebound","Aggregate","Redo"],"picked":"SKIP","floor":3},{"not_picked":["Streamline","Rebound","Compile Driver"],"picked":"SKIP","floor":5},{"not_picked":["Skim","Reprogram","Turbo"],"picked":"SKIP","floor":7},{"not_picked":["Compile Driver","Gash"],"picked":"Buffer","floor":13},{"not_picked":["Redo","Compile Driver"],"picked":"Doom and Gloom","floor":14},{"not_picked":["Multi-Cast","Creative AI"],"picked":"Echo Form","floor":16},{"not_picked":["Coolheaded","Sweeping Beam"],"picked":"Barrage","floor":18},{"not_picked":["Go for the Eyes","Tempest","Rebound"],"picked":"SKIP","floor":20},{"not_picked":["Turbo+1","Hologram"],"picked":"Melter","floor":24},{"not_picked":["Hologram","Steam","Go for the Eyes"],"picked":"SKIP","floor":28},{"not_picked":["Rebound","Gash"],"picked":"Coolheaded","floor":29}],"player_experience":666242,"relics_obtained":[{"floor":7,"key":"Oddly Smooth Stone"},{"floor":9,"key":"Dodecahedron"},{"floor":26,"key":"War Paint"}],"event_choices":[{"damage_healed":0,"gold_gain":0,"player_choice":"Ignored","damage_taken":0,"max_hp_gain":0,"max_hp_loss":0,"event_name":"Liars Game","floor":8,"gold_loss":0},{"damage_healed":49,"gold_gain":0,"player_choice":"Full Heal","damage_taken":0,"max_hp_gain":0,"max_hp_loss":0,"event_name":"Wheel of Change","floor":11,"gold_loss":0},{"damage_healed":0,"gold_gain":0,"player_choice":"Upgraded Two","damage_taken":0,"max_hp_gain":0,"max_hp_loss":0,"event_name":"Designer","floor":19,"gold_loss":50,"cards_upgraded":["Dualcast","Buffer"]},{"damage_healed":0,"gold_gain":0,"player_choice":"Ignored","damage_taken":0,"max_hp_gain":0,"max_hp_loss":0,"event_name":"The Mausoleum","floor":22,"gold_loss":0},{"damage_healed":0,"gold_gain":0,"cards_transformed":["Strike_B","Strike_B"],"player_choice":"Became Test Subject","damage_taken":0,"max_hp_gain":0,"max_hp_loss":0,"event_name":"Drug Dealer","floor":27,"gold_loss":0,"cards_obtained":["Ball Lightning","Leap"]}],"is_beta":false,"boss_relics":[{"not_picked":["Inserter","Runic Pyramid"],"picked":"Ectoplasm"}],"items_purged_floors":[4],"is_endless":false,"potions_floor_spawned":[7,13,14,24,28],"killed_by":"Sentry and Sphere","ascension_level":18}