{"gold_per_floor":[117,26,43,43,59,59,88,88,88,68,68,18,18,18,18,95,95,113,131,56,56,56],"floor_reached":22,"playtime":422,"items_purged":["Defend_B"],"score":333,"play_id":"dc110a9e-fb6f-4b67-a2da-3e01720f3c6c","local_time":"20181007211352","is_ascension_mode":true,"campfire_choices":[{"data":"Streamline","floor":6.0,"key":"SMITH"},{"data":"Ball Lightning","floor":8.0,"key":"SMITH"},{"floor":15.0,"key":"REST"}],"neow_cost":"NONE","seed_source_timestamp":34522159333795,"circlet_count":0,"master_deck":["Strike_B","Strike_B","Strike_B","Defend_B","Defend_B","Defend_B","Zap+1","Dualcast","AscendersBane","Melter","Leap","Streamline+1","Ball Lightning+1","Glacier","Leap+1"],"special_seed":0,"relics":["Cracked Core","NeowsBlessing","Gremlin Horn","Smiling Mask","Molten Egg 2","Velvet Choker"],"potions_floor_usage":[22],"damage_taken":[{"damage":0.0,"enemies":"2 Louse","floor":1.0,"turns":1.0},{"damage":0.0,"enemies":"Cultist","floor":3.0,"turns":1.0},{"damage":0.0,"enemies":"Small Slimes","floor":5.0,"turns":1.0},{"damage":25.0,"enemies":"Gremlin Nob","floor":7.0,"turns":4.0},{"damage":20.0,"enemies":"Slime Boss","floor":16.0,"turns":9.0},{"damage":32,"enemies":"Shell Parasite","floor":18,"turns":4},{"damage":16,"enemies":"Chosen","floor":19,"turns":5},{"damage":17,"enemies":"Shelled Parasite and Fungi","floor":22,"turns":2}],"seed_played":"-36282975231254603","potions_obtained":[{"floor":3.0,"key":"EssenceOfSteel"},{"floor":5.0,"key":"Dexterity Potion"},{"floor":10.0,"key":"Energy Potion"},{"floor":18,"key":"Energy Potion"}],"is_trial":false,"path_per_floor":["M","$","M","$","M","R","E","R","T","?","?","$","?","?","R","B",null,"M","M","?","$"],"character_chosen":"DEFECT","items_purchased":["Leap","Streamline"],"campfire_rested":1,"item_purchase_floors":[2,2],"current_hp_per_floor":[64,64,64,64,64,64,39,39,39,39,39,39,28,28,49,29,61,29,13,13,13,0],"gold":56,"neow_bonus":"THREE_ENEMY_KILL","is_prod":false,"is_daily":false,"chose_seed":false,"campfire_upgraded":2,"win_rate":0,"timestamp":1538936032,"path_taken":["M","$","M","$","M","R","E","R","T","?","?","$","?","?","R","BOSS","M","M","?","?","M"],"build_version":"2018-10-04v2","purchased_purges":1,"victory":false,"max_hp_per_floor":[71,71,71,71,71,71,71,71,71,71,71,71,71,71,71,71,71,71,71,71,71,71],"card_choices":[{"not_picked":["Steam","Beam Cell"],"picked":"Melter","floor":1.0},{"not_picked":["Genetic Algorithm","Coolheaded"],"picked":"Ball Lightning","floor":3.0},{"not_picked":["Hello World","Steam"],"picked":"Glacier","floor":5.0},{"not_picked":["Beam Cell","Rebound","Recycle"],"picked":"SKIP","floor":7.0},{"not_picked":["Stack","Conserve Battery"],"picked":"Leap+1","floor":18},{"not_picked":["Rip and Tear+1","Turbo","Streamline+1"],"picked":"SKIP","floor":19}],"player_experience":480440,"relics_obtained":[{"floor":7.0,"key":"Gremlin Horn"},{"floor":9.0,"key":"Smiling Mask"}],"event_choices":[{"event_name":"The Woman in Blue","player_choice":"Bought 1 Potion","floor":10.0,"damage_taken":0.0},{"event_name":"Living Wall","player_choice":"Grow","floor":11.0,"damage_taken":0.0},{"event_name":"Scrap Ooze","player_choice":"success","floor":13.0,"damage_taken":11.0},{"event_name":"Liars Game","player_choice":"disagreed","floor":14.0,"damage_taken":0.0},{"event_name":"Beggar","player_choice":"Gave Gold","floor":20,"damage_taken":0}],"is_beta":false,"boss_relics":[{"not_picked":["Coffee Dripper","Pandora\u0027s Box"],"picked":"Velvet Choker"}],"items_purged_floors":[12],"is_endless":false,"potions_floor_spawned":[3,5,16,18,19],"killed_by":"Shelled Parasite and Fungi","ascension_level":17}