{"gold_per_floor":[115,132,132,149,159,159,184,184,208,240,96,96,96,114,114,213,213,223,233,133,96,112,139,25,25],"floor_reached":25,"playtime":2799,"items_purged":["Strike_G","Well Laid Plans"],"score":365,"play_id":"53754834-28d2-4399-8401-e3a7ac2f6ffc","local_time":"20190707174504","is_ascension_mode":true,"campfire_choices":[{"data":"Well Laid Plans","floor":6,"key":"SMITH"},{"data":"Backstab","floor":8,"key":"SMITH"},{"floor":13,"key":"REST"},{"floor":15,"key":"REST"}],"neow_cost":"NONE","seed_source_timestamp":71081925003000,"circlet_count":0,"master_deck":["Survivor","Neutralize+1","Panacea","Backstab+1","Flying Knee","PiercingWail","Well Laid Plans+1","Backstab","Sucker Punch","Noxious Fumes+1","Backflip","Glass Knife","Backstab","PiercingWail","Burst","Malaise","Sucker Punch","Slice","Predator","Acrobatics","Dodge and Roll+1","Dash","Deadly Poison+1","Setup+1"],"relics":["Ring of the Snake","Happy Flower","Oddly Smooth Stone","Whetstone","Pandora\u0027s Box","The Courier","Vajra"],"potions_floor_usage":[10,23],"damage_taken":[{"damage":2,"enemies":"Jaw Worm","floor":1,"turns":5},{"damage":3,"enemies":"Cultist","floor":2,"turns":4},{"damage":0,"enemies":"Small Slimes","floor":4,"turns":2},{"damage":12,"enemies":"Gremlin Gang","floor":5,"turns":9},{"damage":23,"enemies":"Lagavulin","floor":7,"turns":9},{"damage":21,"enemies":"Gremlin Nob","floor":10,"turns":4},{"damage":12,"enemies":"Exordium Wildlife","floor":14,"turns":4},{"damage":0,"enemies":"The Guardian","floor":16,"turns":12},{"damage":0,"enemies":"Shell Parasite","floor":18,"turns":4},{"damage":0,"enemies":"Spheric Guardian","floor":19,"turns":1},{"damage":35,"enemies":"3 Cultists","floor":22,"turns":7},{"damage":15,"enemies":"Book of Stabbing","floor":23,"turns":6},{"damage":12,"enemies":"Cultist and Chosen","floor":25,"turns":1}],"seed_played":"-6739876336397398616","potions_obtained":[{"floor":1,"key":"Weak Potion"},{"floor":5,"key":"Fire Potion"},{"floor":7,"key":"EssenceOfSteel"},{"floor":18,"key":"Poison Potion"},{"floor":19,"key":"GhostInAJar"}],"is_trial":false,"path_per_floor":["M","M","?","M","M","R","E","R","T","E","$","?","R","M","R","B",null,"M","M","$","$","M","E","$","M"],"character_chosen":"THE_SILENT","items_purchased":["Noxious Fumes","Dash","Vajra"],"campfire_rested":2,"item_purchase_floors":[11,21,24],"current_hp_per_floor":[61,58,58,58,46,46,23,23,23,2,2,2,23,11,32,32,61,61,61,61,61,26,11,11,0],"gold":25,"neow_bonus":"RANDOM_COLORLESS","is_prod":false,"is_daily":false,"chose_seed":false,"campfire_upgraded":2,"win_rate":0,"timestamp":1562535904,"path_taken":["M","M","?","M","?","R","E","R","T","E","?","?","R","M","R","BOSS","M","M","?","$","M","E","$","M"],"build_version":"2019-07-05","purchased_purges":2,"victory":false,"max_hp_per_floor":[70,70,70,70,70,70,70,70,70,70,70,70,70,70,70,70,70,70,70,70,70,70,70,70,70],"card_choices":[{"not_picked":["Cloak And Dagger","Blade Dance"],"picked":"Backstab","floor":1},{"not_picked":["Prepared","Accuracy"],"picked":"Flying Knee","floor":2},{"not_picked":["Accuracy","Outmaneuver"],"picked":"PiercingWail","floor":4},{"not_picked":["Venomology","Blade Dance"],"picked":"Well Laid Plans","floor":5},{"not_picked":["Dagger Throw","Calculated Gamble"],"picked":"Backstab","floor":7},{"not_picked":["Flechettes","Heel Hook"],"picked":"Sucker Punch","floor":10},{"not_picked":["Blade Dance","Distraction"],"picked":"Backflip","floor":14},{"not_picked":["Adrenaline","Burst"],"picked":"Glass Knife","floor":16},{"not_picked":["Deadly Poison","PiercingWail+1"],"picked":"Acrobatics","floor":18},{"not_picked":["PiercingWail+1","Slice"],"picked":"Dodge and Roll+1","floor":19},{"not_picked":["Backflip","Deflect"],"picked":"Deadly Poison+1","floor":22},{"not_picked":["Leg Sweep","Adrenaline"],"picked":"Setup+1","floor":23}],"player_experience":451221,"relics_obtained":[{"floor":7,"key":"Happy Flower"},{"floor":9,"key":"Oddly Smooth Stone"},{"floor":10,"key":"Whetstone"},{"floor":23,"key":"The Courier"}],"event_choices":[{"cards_removed":["Strike_G"],"damage_healed":0,"gold_gain":0,"player_choice":"Purged","damage_taken":0,"max_hp_gain":0,"max_hp_loss":0,"event_name":"Purifier","floor":3,"gold_loss":0},{"damage_healed":0,"gold_gain":0,"player_choice":"Forge","damage_taken":0,"max_hp_gain":0,"max_hp_loss":0,"event_name":"Accursed Blacksmith","floor":12,"gold_loss":0,"cards_upgraded":["Noxious Fumes"]}],"is_beta":false,"boss_relics":[{"not_picked":["Orrery","Runic Pyramid"],"picked":"Pandora\u0027s Box"}],"items_purged_floors":[11,20],"is_endless":false,"potions_floor_spawned":[1,5,7,18,19],"killed_by":"Cultist and Chosen","ascension_level":6}