{"gold_per_floor":[114,114,132,132,232,232,251,282,294,325,337,1,21,32,32,127,127,144,144,69,80,91,91,109,109,109,109,289,309,309,14,14,113,113,131,149,149,164,164],"floor_reached":39,"playtime":1425,"items_purged":["Strike_R","Defend_R"],"score":504,"play_id":"7e6c04d1-6d16-4e00-98e2-f4fc1f188af6","local_time":"20190114201123","is_ascension_mode":true,"campfire_choices":[{"data":"Discovery","floor":6.0,"key":"SMITH"},{"data":"Armaments","floor":11.0,"key":"SMITH"},{"floor":15.0,"key":"REST"},{"floor":23.0,"key":"REST"},{"data":"Limit Break","floor":25.0,"key":"SMITH"},{"data":"Sword Boomerang","floor":27.0,"key":"SMITH"},{"data":"Shrug It Off","floor":30.0,"key":"SMITH"},{"floor":32.0,"key":"REST"}],"neow_cost":"NONE","seed_source_timestamp":2180218681282,"circlet_count":0,"master_deck":["Strike_R","Strike_R","Defend_R","Defend_R","Defend_R","Bash","Shrug It Off+1","Discovery+1","Sword Boomerang+1","Spot Weakness","Armaments+1","Limit Break+1","Dropkick","Reaper","Disarm","Sentinel+1","Metallicize","Exhume","Pummel+1"],"special_seed":0,"relics":["Burning Blood","Pantograph","MawBank","Dodecahedron","Bag of Marbles","Empty Cage","WingedGreaves","Strawberry","Strange Spoon","Philosopher\u0027s Stone"],"potions_floor_usage":[38,39,39],"damage_taken":[{"damage":4.0,"enemies":"2 Louse","floor":1.0,"turns":3.0},{"damage":2.0,"enemies":"Cultist","floor":3.0,"turns":4.0},{"damage":2.0,"enemies":"Small Slimes","floor":7.0,"turns":4.0},{"damage":18.0,"enemies":"Lagavulin","floor":8.0,"turns":7.0},{"damage":14.0,"enemies":"3 Louse","floor":10.0,"turns":3.0},{"damage":0.0,"enemies":"Gremlin Gang","floor":13.0,"turns":1.0},{"damage":20.0,"enemies":"Lots of Slimes","floor":14.0,"turns":4.0},{"damage":41.0,"enemies":"The Guardian","floor":16.0,"turns":10.0},{"damage":30.0,"enemies":"Spheric Guardian","floor":18.0,"turns":7.0},{"damage":18.0,"enemies":"3 Byrds","floor":21.0,"turns":4.0},{"damage":36.0,"enemies":"Snake Plant","floor":22.0,"turns":9.0},{"damage":51.0,"enemies":"Centurion and Healer","floor":24.0,"turns":7.0},{"damage":32.0,"enemies":"Sentry and Sphere","floor":29.0,"turns":6.0},{"damage":29.0,"enemies":"Collector","floor":33.0,"turns":6.0},{"damage":63.0,"enemies":"3 Darklings","floor":35.0,"turns":8.0},{"damage":25.0,"enemies":"Orb Walker","floor":36.0,"turns":5.0},{"damage":35,"enemies":"Maw","floor":38,"turns":8},{"damage":77,"enemies":"Sphere and 2 Shapes","floor":39,"turns":3}],"seed_played":"1468583313671798230","potions_obtained":[{"floor":1.0,"key":"BloodPotion"},{"floor":7.0,"key":"Poison Potion"},{"floor":10.0,"key":"Fire Potion"},{"floor":14.0,"key":"Poison Potion"},{"floor":18.0,"key":"Explosive Potion"},{"floor":22.0,"key":"PowerPotion"},{"floor":29.0,"key":"Swift Potion"},{"floor":35.0,"key":"Weak Potion"},{"floor":36.0,"key":"BloodPotion"},{"floor":38,"key":"SkillPotion"}],"is_trial":false,"path_per_floor":["M","?","M","?","?","R","M","E","T","M","R","$","M","M","R","B",null,"M","?","$","M","M","R","M","R","T","R","?","M","R","$","R","B",null,"M","M","?","M","M"],"character_chosen":"IRONCLAD","items_purchased":["Limit Break","Dropkick","Bag of Marbles","Strange Spoon"],"campfire_rested":3,"item_purchase_floors":[12,12,12,31],"current_hp_per_floor":[88,88,88,55,55,55,59,47,47,39,39,39,45,31,57,47,78,54,54,54,52,22,48,88,88,95,95,68,42,42,42,70,95,95,67,64,64,65,0],"gold":164,"neow_bonus":"TEN_PERCENT_HP_BONUS","is_prod":false,"is_daily":false,"chose_seed":false,"campfire_upgraded":5,"win_rate":0,"timestamp":1547485883,"path_taken":["M","?","?","?","?","R","?","E","T","?","R","$","M","M","R","BOSS","M","?","$","M","?","R","M","R","T","R","?","?","R","$","R","BOSS","M","M","?","M","M"],"build_version":"2019-01-10","purchased_purges":2,"victory":false,"max_hp_per_floor":[88,88,88,88,88,88,88,88,88,88,88,88,88,88,88,88,88,88,88,88,88,88,88,88,88,95,95,95,95,95,95,95,95,95,95,95,95,95,95],"card_choices":[{"not_picked":["Infernal Blade","Anger"],"picked":"Shrug It Off","floor":1.0},{"not_picked":["Corruption","Cleave"],"picked":"Sword Boomerang","floor":3.0},{"not_picked":["Clothesline","Flex"],"picked":"Spot Weakness","floor":7.0},{"not_picked":["Spot Weakness","Corruption","Combust"],"picked":"SKIP","floor":8.0},{"not_picked":["Corruption","Berserk"],"picked":"Armaments","floor":10.0},{"not_picked":["Twin Strike","Sever Soul","Sword Boomerang"],"picked":"SKIP","floor":13.0},{"not_picked":["Sever Soul","Heavy Blade","Sword Boomerang"],"picked":"SKIP","floor":14.0},{"not_picked":["Brutality","Demon Form"],"picked":"Reaper","floor":16.0},{"not_picked":["Twin Strike","Fire Breathing","Armaments"],"picked":"SKIP","floor":18.0},{"not_picked":["Second Wind","Pommel Strike"],"picked":"Disarm","floor":21.0},{"not_picked":["Clash+1","Warcry","Evolve"],"picked":"SKIP","floor":22.0},{"not_picked":["Twin Strike+1","Clothesline"],"picked":"Sentinel+1","floor":24.0},{"not_picked":["Twin Strike","Flex+1"],"picked":"Metallicize","floor":29.0},{"not_picked":["Fiend Fire","Dark Embrace"],"picked":"Exhume","floor":33.0},{"not_picked":["Infernal Blade","True Grit","Pommel Strike"],"picked":"SKIP","floor":35.0},{"not_picked":["Rampage","Sentinel","Warcry"],"picked":"SKIP","floor":36.0},{"not_picked":["Thunderclap+1","Rupture"],"picked":"Pummel+1","floor":38}],"player_experience":684573,"relics_obtained":[{"floor":8.0,"key":"MawBank"},{"floor":9.0,"key":"Dodecahedron"},{"floor":26.0,"key":"Strawberry"}],"event_choices":[{"damage_healed":0.0,"max_hp_gain":0.0,"max_hp_loss":0.0,"gold_gain":0.0,"event_name":"Match and Keep!","player_choice":"1 cards matched","floor":2.0,"gold_loss":0.0,"damage_taken":0.0,"cards_obtained":["Discovery"]},{"damage_healed":0.0,"max_hp_gain":0.0,"max_hp_loss":0.0,"gold_gain":0.0,"event_name":"Scrap Ooze","player_choice":"Success","floor":4.0,"gold_loss":0.0,"damage_taken":33.0,"relics_obtained":["Pantograph"]},{"damage_healed":0.0,"max_hp_gain":0.0,"max_hp_loss":0.0,"gold_gain":100.0,"event_name":"Golden Shrine","player_choice":"Pray","floor":5.0,"gold_loss":0.0,"damage_taken":0.0},{"damage_healed":0.0,"max_hp_gain":0.0,"max_hp_loss":0.0,"gold_gain":0.0,"event_name":"WeMeetAgain","player_choice":"Gave Potion","floor":19.0,"gold_loss":0.0,"damage_taken":0.0,"relics_obtained":["WingedGreaves"]},{"damage_healed":0.0,"max_hp_gain":0.0,"max_hp_loss":0.0,"gold_gain":180.0,"event_name":"Knowing Skull","player_choice":"GOLD GOLD ","floor":28.0,"potions_obtained":[],"gold_loss":0.0,"damage_taken":27.0,"cards_obtained":[]},{"damage_healed":0.0,"max_hp_gain":0.0,"max_hp_loss":0.0,"gold_gain":0.0,"event_name":"SecretPortal","player_choice":"Ignored","floor":37.0,"gold_loss":0.0,"damage_taken":0.0}],"is_beta":false,"boss_relics":[{"not_picked":["Runic Cube","Runic Dome"],"picked":"Empty Cage"},{"not_picked":["Mark of Pain","Velvet Choker"],"picked":"Philosopher\u0027s Stone"}],"items_purged_floors":[20,31],"is_endless":false,"potions_floor_spawned":[1,7,10,14,18,22,29,35,36,38],"killed_by":"Sphere and 2 Shapes","ascension_level":5}