{"gold_per_floor":[117,117,117,136,311,311,1,1,13,45,57,85,130,0,0,99,99,115,115,133,152,173,173,192,210,210,210,228,228,252,291,291,291],"floor_reached":33,"playtime":1082,"items_purged":["Doubt","Strike_R"],"score":444,"play_id":"db60aa07-389e-4c1b-a7f5-6d07771908b6","local_time":"20181216225736","is_ascension_mode":true,"campfire_choices":[{"data":"Fiend Fire","floor":6,"key":"SMITH"},{"data":"Flame Barrier","floor":11,"key":"SMITH"},{"data":"Defend_R","floor":15,"key":"PURGE"},{"data":"Armaments","floor":23,"key":"SMITH"},{"data":"Limit Break","floor":27,"key":"SMITH"},{"floor":32,"key":"REST"}],"neow_cost":"NONE","seed_source_timestamp":41980789730391,"circlet_count":0,"master_deck":["AscendersBane","Strike_R+1","Strike_R+1","Strike_R+1","Defend_R+1","Defend_R+1","Defend_R+1","Bash","True Grit","Fiend Fire+1","Flame Barrier+1","Pommel Strike","Dropkick","Uppercut","Cleave","Inflame","Limit Break+1","Shrug It Off","Feel No Pain","Armaments+1","Intimidate+1","Flame Barrier","Feed","Sword Boomerang","Pommel Strike"],"relics":["Burning Blood","Happy Flower","Golden Idol","Membership Card","MawBank","Prayer Wheel","Peace Pipe","Bag of Preparation","Runic Dome","MutagenicStrength","Mummified Hand","Juzu Bracelet"],"potions_floor_usage":[16,33,33],"damage_taken":[{"damage":1,"enemies":"Cultist","floor":1,"turns":3},{"damage":5,"enemies":"Small Slimes","floor":4,"turns":4},{"damage":1,"enemies":"2 Louse","floor":10,"turns":3},{"damage":3,"enemies":"Blue Slaver","floor":12,"turns":3},{"damage":25,"enemies":"3 Sentries","floor":13,"turns":8},{"damage":36,"enemies":"The Guardian","floor":16,"turns":12},{"damage":11,"enemies":"Chosen","floor":18,"turns":6},{"damage":0,"enemies":"Shell Parasite","floor":20,"turns":3},{"damage":8,"enemies":"Sentry and Sphere","floor":21,"turns":5},{"damage":15,"enemies":"Shelled Parasite and Fungi","floor":22,"turns":3},{"damage":1,"enemies":"Centurion and Healer","floor":24,"turns":5},{"damage":10,"enemies":"Sentry and Sphere","floor":25,"turns":4},{"damage":14,"enemies":"3 Cultists","floor":28,"turns":4},{"damage":0,"enemies":"Centurion and Healer","floor":30,"turns":6},{"damage":19,"enemies":"Gremlin Leader","floor":31,"turns":7},{"damage":66,"enemies":"Automaton","floor":33,"turns":6}],"seed_played":"-8785835699100263996","potions_obtained":[{"floor":10,"key":"EssenceOfSteel"},{"floor":13,"key":"AttackPotion"},{"floor":18,"key":"Strength Potion"},{"floor":28,"key":"Energy Potion"}],"is_trial":false,"path_per_floor":["M","?","?","M","?","R","$","T","T","M","R","M","E","$","R","B",null,"M","?","M","M","M","R","M","M","T","R","M","?","M","E","R","B"],"character_chosen":"IRONCLAD","items_purchased":["Membership Card","Pommel Strike","Inflame","Bag of Preparation"],"campfire_rested":1,"item_purchase_floors":[7,7,14,14],"current_hp_per_floor":[77,77,57,58,58,58,58,58,58,63,63,66,47,47,47,17,64,59,59,65,63,54,54,59,55,55,55,47,47,53,40,64,0],"gold":291,"neow_bonus":"RANDOM_COMMON_RELIC","is_prod":false,"is_daily":false,"chose_seed":false,"campfire_upgraded":4,"win_rate":0,"timestamp":1544990256,"path_taken":["M","?","?","M","?","R","$","?","T","M","R","M","E","$","R","BOSS","M","?","M","M","M","R","M","M","T","R","M","?","M","E","R","BOSS"],"build_version":"2018-12-13","purchased_purges":2,"victory":false,"max_hp_per_floor":[80,80,80,80,80,80,80,80,80,80,80,80,80,80,80,80,80,80,80,80,80,80,80,80,80,80,80,80,80,80,80,80,80],"card_choices":[{"not_picked":["Warcry","Havoc"],"picked":"True Grit","floor":1},{"not_picked":["Sword Boomerang","Anger"],"picked":"Flame Barrier","floor":4},{"not_picked":["Thunderclap","Intimidate"],"picked":"Dropkick","floor":10},{"not_picked":["Iron Wave","Havoc","Pommel Strike"],"picked":"SKIP","floor":10},{"not_picked":["Dual Wield","Anger"],"picked":"Uppercut","floor":12},{"not_picked":["Clash","Sword Boomerang"],"picked":"Cleave","floor":12},{"not_picked":["Brutality","Fiend Fire","Burning Pact"],"picked":"SKIP","floor":13},{"not_picked":["Offering","Reaper"],"picked":"Limit Break","floor":16},{"not_picked":["Hemokinesis","Cleave"],"picked":"Shrug It Off","floor":18},{"not_picked":["Searing Blow","Twin Strike+1","Cleave"],"picked":"SKIP","floor":18},{"not_picked":["Evolve","Berserk"],"picked":"Feel No Pain","floor":20},{"not_picked":["Searing Blow","Cleave","Feel No Pain"],"picked":"SKIP","floor":20},{"not_picked":["Perfected Strike","Wild Strike"],"picked":"Armaments","floor":21},{"not_picked":["Cleave","Shrug It Off","Body Slam"],"picked":"SKIP","floor":21},{"not_picked":["Clothesline","Iron Wave"],"picked":"Intimidate+1","floor":22},{"not_picked":["Cleave","Sentinel","Intimidate"],"picked":"SKIP","floor":22},{"not_picked":["Warcry","Whirlwind"],"picked":"Flame Barrier","floor":24},{"not_picked":["Bloodletting","Flex","Headbutt"],"picked":"SKIP","floor":24},{"not_picked":["Clash","Shrug It Off","Seeing Red"],"picked":"SKIP","floor":25},{"not_picked":["Flex","Wild Strike+1","Iron Wave"],"picked":"SKIP","floor":25},{"not_picked":["Pummel","Inflame+1"],"picked":"Feed","floor":28},{"not_picked":["Hemokinesis","Flex"],"picked":"Sword Boomerang","floor":28},{"not_picked":["Perfected Strike","Anger"],"picked":"Pommel Strike","floor":30},{"not_picked":["Feed","Dual Wield","Combust+1"],"picked":"SKIP","floor":30},{"not_picked":["Seeing Red","Inflame","Anger"],"picked":"SKIP","floor":31}],"player_experience":589954,"relics_obtained":[{"floor":8,"key":"MawBank"},{"floor":9,"key":"Prayer Wheel"},{"floor":13,"key":"Peace Pipe"},{"floor":26,"key":"Mummified Hand"},{"floor":31,"key":"Juzu Bracelet"}],"event_choices":[{"damage_healed":0,"gold_gain":0,"cards_transformed":["Strike_R"],"player_choice":"Change","damage_taken":0,"max_hp_gain":0,"max_hp_loss":0,"event_name":"Living Wall","floor":2,"gold_loss":0,"cards_obtained":["Fiend Fire"]},{"damage_healed":0,"gold_gain":0,"player_choice":"Take Damage","damage_taken":20,"relics_obtained":["Golden Idol"],"max_hp_gain":0,"max_hp_loss":0,"event_name":"Golden Idol","floor":3,"gold_loss":0},{"damage_healed":0,"gold_gain":175,"player_choice":"AGREE","damage_taken":0,"max_hp_gain":0,"max_hp_loss":0,"event_name":"Liars Game","floor":5,"gold_loss":0,"cards_obtained":["Doubt"]},{"damage_healed":0,"gold_gain":0,"player_choice":"Inject Mutagens","damage_taken":0,"relics_obtained":["MutagenicStrength"],"max_hp_gain":0,"max_hp_loss":0,"event_name":"Drug Dealer","floor":19,"gold_loss":0},{"damage_healed":0,"gold_gain":0,"player_choice":"Simplicity","damage_taken":0,"max_hp_gain":0,"max_hp_loss":0,"event_name":"Back to Basics","floor":29,"gold_loss":0,"cards_upgraded":["Strike_R","Strike_R","Strike_R","Defend_R","Defend_R","Defend_R"]}],"is_beta":false,"boss_relics":[{"not_picked":["Runic Cube","Orrery"],"picked":"Runic Dome"}],"items_purged_floors":[7,14],"is_endless":false,"potions_floor_spawned":[10,13,18,25,28,30],"killed_by":"Automaton","ascension_level":13}