{"gold_per_floor":[112,125,18,93,73,101,158,158,203,220,220,220,39,52,52,125,125,144,162,172,48,48],"floor_reached":22,"playtime":560,"items_purged":["Strike_B"],"score":366,"play_id":"f3a4d5f2-4f07-4c85-b0da-da4be58f43e4","local_time":"20180814010137","is_ascension_mode":true,"campfire_choices":[{"data":"Zap","floor":8.0,"key":"SMITH"},{"data":"Defragment","floor":12.0,"key":"SMITH"},{"floor":15,"key":"REST"}],"neow_cost":"NONE","seed_source_timestamp":29406166640725,"circlet_count":0,"master_deck":["Strike_B","Defend_B","Defend_B","Defend_B","Defend_B","Zap+1","Dualcast","AscendersBane","Doom and Gloom","White Noise","Defragment+1","Rip and Tear","Coolheaded","Capacitor","Go for the Eyes","Ball Lightning","Biased Cognition","Leap","Loop","Self Repair","Cold Snap"],"special_seed":0,"relics":["Cracked Core","NeowsBlessing","Art of War","Omamori","DataDisk","Empty Cage"],"potions_floor_usage":[14,20],"damage_taken":[{"damage":0.0,"enemies":"2 Louse","floor":1.0,"turns":1.0},{"damage":0.0,"enemies":"Small Slimes","floor":2.0,"turns":1.0},{"damage":0.0,"enemies":"3 Sentries","floor":6.0,"turns":1.0},{"damage":0.0,"enemies":"Cultist","floor":10.0,"turns":3.0},{"damage":13,"enemies":"Gremlin Gang","floor":14,"turns":5},{"damage":7,"enemies":"The Guardian","floor":16,"turns":8},{"damage":37,"enemies":"2 Thieves","floor":18,"turns":4},{"damage":6,"enemies":"Spheric Guardian","floor":19,"turns":3},{"damage":18,"enemies":"3 Cultists","floor":20,"turns":6},{"damage":6,"enemies":"Centurion and Healer","floor":22,"turns":1}],"seed_played":"-885666772012901346","potions_obtained":[{"floor":2.0,"key":"PowerPotion"},{"floor":5.0,"key":"Strength Potion"},{"floor":16,"key":"Strength Potion"},{"floor":19,"key":"Energy Potion"}],"is_trial":false,"path_per_floor":["M","M","$","?","?","E","?","R","T","M","?","R","$","M","R","B",null,"M","M","M","$"],"character_chosen":"DEFECT","items_purchased":["Defragment","Rip and Tear","Capacitor","Go for the Eyes","Self Repair","Cold Snap"],"campfire_rested":1,"item_purchase_floors":[3,3,13,13,21,21],"current_hp_per_floor":[64,64,64,53,53,53,53,53,53,53,53,53,53,40,61,54,67,30,24,6,6,0],"gold":48,"neow_bonus":"THREE_ENEMY_KILL","is_prod":false,"is_daily":false,"chose_seed":false,"campfire_upgraded":2,"win_rate":0,"timestamp":1534197697,"path_taken":["M","M","$","?","?","E","?","R","T","M","?","R","$","?","R","BOSS","M","?","M","$","M"],"build_version":"2018-08-09","purchased_purges":1,"victory":false,"max_hp_per_floor":[71,71,71,71,71,71,71,71,71,71,71,71,71,71,71,71,71,71,71,71,71,71],"card_choices":[{"not_picked":["Coolheaded","Auto Shields"],"picked":"Doom and Gloom","floor":1.0},{"not_picked":["Leap","Coolheaded"],"picked":"White Noise","floor":2.0},{"not_picked":["FTL","Doom and Gloom"],"picked":"Coolheaded","floor":6.0},{"not_picked":["Sweeping Beam","Hello World","Hologram"],"picked":"SKIP","floor":10.0},{"not_picked":["Stack","Heatsinks"],"picked":"Ball Lightning","floor":14},{"not_picked":["Hyperbeam","Core Surge"],"picked":"Biased Cognition","floor":16},{"not_picked":["Stack","Sweeping Beam"],"picked":"Leap","floor":18},{"not_picked":["Rebound","Aggregate","Lockon"],"picked":"SKIP","floor":19},{"not_picked":["Scrape+1","Beam Cell"],"picked":"Loop","floor":20}],"player_experience":422714,"relics_obtained":[{"floor":6.0,"key":"Art of War"},{"floor":9.0,"key":"Omamori"}],"event_choices":[{"event_name":"World of Goop","player_choice":"Gather Gold","floor":4.0,"damage_taken":0.0},{"event_name":"The Woman in Blue","player_choice":"Bought 1 Potion","floor":5.0,"damage_taken":0.0},{"event_name":"Golden Wing","player_choice":"Gained Gold","floor":7.0,"damage_taken":0.0},{"event_name":"Big Fish","player_choice":"Box","floor":11.0,"damage_taken":0.0}],"is_beta":false,"boss_relics":[{"not_picked":["Astrolabe","Velvet Choker"],"picked":"Empty Cage"}],"items_purged_floors":[13],"is_endless":false,"potions_floor_spawned":[2,10,16,19],"killed_by":"Centurion and Healer","ascension_level":15}