{"gold_per_floor":[113,133,35,50,69,69,144,171,171,184,203,203,203,53,53,53],"floor_reached":16,"playtime":813,"items_purged":["Strike_G","Defend_G"],"score":163,"play_id":"691a2028-68b7-4f6b-807b-0a1ea3b765fb","local_time":"20181112223135","is_ascension_mode":true,"campfire_choices":[{"floor":6.0,"key":"REST"},{"floor":13,"key":"REST"},{"floor":15,"key":"REST"}],"neow_cost":"NONE","seed_source_timestamp":39708378923741,"circlet_count":0,"master_deck":["AscendersBane","Defend_G","Defend_G","Defend_G","Strike_G","Strike_G","Strike_G","Survivor","Neutralize","Dagger Throw","Footwork","Underhanded Strike","Terror","All Out Attack","Sucker Punch","Deadly Poison"],"special_seed":0,"relics":["Empty Cage","Smiling Mask","Dodecahedron"],"potions_floor_usage":[],"damage_taken":[{"damage":1.0,"enemies":"Cultist","floor":1.0,"turns":4.0},{"damage":1.0,"enemies":"Small Slimes","floor":2.0,"turns":4.0},{"damage":2.0,"enemies":"Jaw Worm","floor":4.0,"turns":4.0},{"damage":16.0,"enemies":"Gremlin Gang","floor":5.0,"turns":8.0},{"damage":17.0,"enemies":"Lagavulin","floor":8.0,"turns":10.0},{"damage":8.0,"enemies":"3 Louse","floor":10.0,"turns":6.0},{"damage":16.0,"enemies":"Exordium Wildlife","floor":11.0,"turns":3.0},{"damage":60,"enemies":"Slime Boss","floor":16,"turns":10}],"seed_played":"1114760164773610832","potions_obtained":[{"floor":4.0,"key":"Fire Potion"},{"floor":10.0,"key":"LiquidBronze"}],"is_trial":false,"path_per_floor":["M","M","$","M","M","R","?","E","T","M","M","?","R","$","R","B"],"character_chosen":"THE_SILENT","items_purchased":["Underhanded Strike","Sucker Punch","Deadly Poison"],"campfire_rested":3,"item_purchase_floors":[3,14,14],"current_hp_per_floor":[62,61,61,59,43,64,53,36,36,28,12,12,33,33,54,0],"gold":53,"neow_bonus":"BOSS_RELIC","is_prod":false,"is_daily":false,"chose_seed":false,"campfire_upgraded":0,"win_rate":0,"timestamp":1542051095,"path_taken":["M","M","$","M","M","R","?","E","T","M","M","?","R","$","R","BOSS"],"build_version":"2018-11-08","purchased_purges":2,"victory":false,"max_hp_per_floor":[70,70,70,70,70,70,70,70,70,70,70,70,70,70,70,70],"card_choices":[{"not_picked":["Bane","Underhanded Strike"],"picked":"Dagger Throw","floor":1.0},{"not_picked":["Deflect","Blade Dance"],"picked":"Footwork","floor":2.0},{"not_picked":["Underhanded Strike","Blade Dance","Skewer"],"picked":"SKIP","floor":4.0},{"not_picked":["Cloak And Dagger","Setup","Skewer"],"picked":"SKIP","floor":5.0},{"not_picked":["Tools of the Trade","Masterful Stab"],"picked":"Terror","floor":8.0},{"not_picked":["Backflip","Masterful Stab"],"picked":"All Out Attack","floor":10.0},{"not_picked":["Tactician","Dagger Throw","Blade Dance"],"picked":"SKIP","floor":11.0}],"player_experience":509442,"relics_obtained":[{"floor":8.0,"key":"Smiling Mask"},{"floor":9.0,"key":"Dodecahedron"}],"event_choices":[{"damage_healed":0.0,"max_hp_gain":0.0,"max_hp_loss":0.0,"gold_gain":75.0,"event_name":"World of Goop","player_choice":"Gather Gold","floor":7.0,"gold_loss":0.0,"damage_taken":11.0},{"damage_healed":0,"gold_gain":0,"player_choice":"Fled","damage_taken":0,"max_hp_gain":0,"max_hp_loss":0,"event_name":"Scrap Ooze","floor":12,"gold_loss":0}],"is_beta":false,"boss_relics":[],"items_purged_floors":[3,14],"is_endless":false,"potions_floor_spawned":[4,10],"killed_by":"Slime Boss","ascension_level":12}