{"gold_per_floor":[112,212,225,245,262,262,292,292,367,367,46,121,166,186],"floor_reached":14,"playtime":350,"items_purged":["Strike_G"],"score":154,"play_id":"a8d7c421-c2ba-4f7f-ab01-3869a2bcfbef","local_time":"20190420161731","is_ascension_mode":true,"campfire_choices":[{"data":"Neutralize","floor":6,"key":"SMITH"},{"floor":8,"key":"REST"},{"data":"Blade Dance","floor":10,"key":"SMITH"}],"neow_cost":"NONE","seed_source_timestamp":15960219210485,"circlet_count":0,"master_deck":["AscendersBane","Defend_G","Defend_G","Defend_G","Defend_G","Defend_G","Strike_G","Strike_G","Strike_G","Strike_G","Survivor","Neutralize+1","Blade Dance+1","Blur","Flying Knee","Riddle With Holes","HandOfGreed","Dash"],"relics":["Ring of the Snake","NeowsBlessing","Tough Bandages","Letter Opener","Potion Belt"],"potions_floor_usage":[7],"damage_taken":[{"damage":0,"enemies":"Small Slimes","floor":1,"turns":1},{"damage":0,"enemies":"Cultist","floor":3,"turns":1},{"damage":0,"enemies":"Jaw Worm","floor":4,"turns":1},{"damage":9,"enemies":"Exordium Wildlife","floor":5,"turns":5},{"damage":44,"enemies":"Lagavulin","floor":7,"turns":12},{"damage":14,"enemies":"The Mushroom Lair","floor":14,"turns":2}],"seed_played":"-3370846664180684558","potions_obtained":[{"floor":3,"key":"GamblersBrew"},{"floor":5,"key":"SpeedPotion"}],"is_trial":false,"path_per_floor":["M","?","M","M","M","R","E","R","T","R","$","?","T","?"],"character_chosen":"THE_SILENT","items_purchased":["HandOfGreed","Dash"],"campfire_rested":1,"item_purchase_floors":[11,11],"current_hp_per_floor":[59,59,59,59,50,50,6,25,25,25,25,14,14,0],"gold":186,"neow_bonus":"THREE_ENEMY_KILL","is_prod":false,"is_daily":false,"chose_seed":false,"campfire_upgraded":2,"win_rate":0,"timestamp":1555766251,"path_taken":["M","?","?","M","M","R","E","R","T","R","$","?","?","?"],"build_version":"2019-01-23","purchased_purges":1,"victory":false,"max_hp_per_floor":[66,66,66,66,66,66,66,66,66,66,66,66,66,66],"card_choices":[{"not_picked":["Bane","Outmaneuver"],"picked":"Blade Dance","floor":1},{"not_picked":["Slice","Deadly Poison"],"picked":"Blur","floor":3},{"not_picked":["Blade Dance","Infinite Blades"],"picked":"Flying Knee","floor":4},{"not_picked":["Prepared","Sucker Punch","Quick Slash"],"picked":"SKIP","floor":5},{"not_picked":["Tactician","Dodge and Roll"],"picked":"Riddle With Holes","floor":7}],"player_experience":864340,"relics_obtained":[{"floor":7,"key":"Tough Bandages"},{"floor":9,"key":"Letter Opener"},{"floor":13,"key":"Potion Belt"}],"event_choices":[{"damage_healed":0,"gold_gain":100,"player_choice":"Gold","damage_taken":0,"max_hp_gain":0,"max_hp_loss":0,"event_name":"Wheel of Change","floor":2,"gold_loss":0},{"damage_healed":0,"gold_gain":75,"player_choice":"Gather Gold","damage_taken":11,"max_hp_gain":0,"max_hp_loss":0,"event_name":"World of Goop","floor":12,"gold_loss":0},{"damage_healed":0,"gold_gain":0,"player_choice":"Fought Mushrooms","damage_taken":0,"max_hp_gain":0,"max_hp_loss":0,"event_name":"Mushrooms","floor":14,"gold_loss":0}],"is_beta":false,"boss_relics":[],"items_purged_floors":[11],"is_endless":false,"potions_floor_spawned":[3,5],"killed_by":"The Mushroom Lair","ascension_level":15}