{"gold_per_floor":[113,113,113,131,148,182,182,212,212,231,7,19,47,64,64,163,163,176,176,176,190,190,190,217,217,244,343,343,376,376,30,30,132,132,146,21,0,0,15,15,43,97,97,97,111,137,137,151,151,151],"floor_reached":50,"playtime":3109,"items_purged":["Strike_R","Shame","Decay"],"score":805,"play_id":"d84b028f-ae61-4849-86e7-844fc7d538bf","local_time":"20180921124234","is_ascension_mode":true,"campfire_choices":[{"data":"Barricade","floor":7.0,"key":"SMITH"},{"floor":15.0,"key":"REST"},{"data":"Whirlwind","floor":23.0,"key":"SMITH"},{"data":"Inflame","floor":25.0,"key":"SMITH"},{"data":"Berserk","floor":28.0,"key":"SMITH"},{"data":"Flame Barrier","floor":30,"key":"SMITH"},{"floor":32,"key":"REST"},{"floor":40,"key":"REST"},{"floor":49,"key":"REST"}],"neow_cost":"TEN_PERCENT_HP_LOSS","seed_source_timestamp":0,"circlet_count":0,"master_deck":["Strike_R","Defend_R","Defend_R","Defend_R","Defend_R","Bash","Corruption+1","Dropkick","Pummel","Feed","Combust","Whirlwind+1","Barricade+1","Inflame+1","Flame Barrier+1","Berserk+1","Armaments+1","Shrug It Off","Warcry+1","Anger","Shrug It Off+1","Reaper","Warcry","Havoc+1","Intimidate+1","Inflame","Body Slam+1","Intimidate+1","Shrug It Off+1"],"special_seed":0,"relics":["Burning Blood","Dream Catcher","Du-Vu Doll","Darkstone Periapt","Bag of Marbles","Bottled Flame","White Beast Statue","MutagenicStrength","Orichalcum","Pen Nib","Omamori","Centennial Puzzle","Chemical X","Fusion Hammer","Red Mask","Regal Pillow","FossilizedHelix","Dodecahedron","Prayer Wheel","Lantern","WarpedTongs"],"potions_floor_usage":[29,29,33,45,50,50,50],"damage_taken":[{"damage":9.0,"enemies":"Jaw Worm","floor":1.0,"turns":3.0},{"damage":10.0,"enemies":"Cultist","floor":4.0,"turns":5.0},{"damage":7.0,"enemies":"Small Slimes","floor":5.0,"turns":3.0},{"damage":16.0,"enemies":"3 Sentries","floor":6.0,"turns":4.0},{"damage":35.0,"enemies":"Lagavulin","floor":8.0,"turns":11.0},{"damage":2.0,"enemies":"3 Louse","floor":10.0,"turns":3.0},{"damage":18.0,"enemies":"Large Slime","floor":12.0,"turns":5.0},{"damage":26.0,"enemies":"Gremlin Nob","floor":13.0,"turns":4.0},{"damage":0.0,"enemies":"Lots of Slimes","floor":14.0,"turns":1.0},{"damage":28.0,"enemies":"Slime Boss","floor":16.0,"turns":9.0},{"damage":23.0,"enemies":"2 Thieves","floor":18.0,"turns":4.0},{"damage":20.0,"enemies":"Shell Parasite","floor":21.0,"turns":5.0},{"damage":0.0,"enemies":"Gremlin Leader","floor":24.0,"turns":3.0},{"damage":46,"enemies":"Book of Stabbing","floor":29,"turns":5},{"damage":49,"enemies":"Automaton","floor":33,"turns":10},{"damage":0,"enemies":"3 Darklings","floor":35,"turns":1},{"damage":5,"enemies":"3 Shapes","floor":39,"turns":1},{"damage":33,"enemies":"Nemesis","floor":41,"turns":7},{"damage":0,"enemies":"Mysterious Sphere","floor":42,"turns":1},{"damage":2,"enemies":"Spire Growth","floor":45,"turns":5},{"damage":0,"enemies":"Giant Head","floor":46,"turns":6},{"damage":0,"enemies":"Sphere and 2 Shapes","floor":48,"turns":1},{"damage":132,"enemies":"Awakened One","floor":50,"turns":13}],"seed_played":"-8254454005547294678","potions_obtained":[{"floor":5.0,"key":"SteroidPotion"},{"floor":6.0,"key":"Ancient Potion"},{"floor":12.0,"key":"AttackPotion"},{"floor":18.0,"key":"Fire Potion"},{"floor":21.0,"key":"AttackPotion"},{"floor":24.0,"key":"Dexterity Potion"},{"floor":29,"key":"Dexterity Potion"},{"floor":33,"key":"Regen Potion"},{"floor":35,"key":"SkillPotion"},{"floor":39,"key":"SkillPotion"},{"floor":45,"key":"Ancient Potion"},{"floor":46,"key":"PowerPotion"}],"is_trial":false,"path_per_floor":["M","?","?","M","M","E","R","E","T","M","$","M","E","M","R","B",null,"M","?","?","M","?","R","E","R","T","?","R","E","R","$","R","B",null,"M","$","?","?","M","R","E","?","T","T","M","E","?","M","R"],"character_chosen":"IRONCLAD","items_purchased":["Bag of Marbles","Chemical X","Anger"],"campfire_rested":4,"item_purchase_floors":[11,31,31],"current_hp_per_floor":[69,69,69,68,70,63,63,37,37,44,44,35,15,21,48,26,74,57,57,63,49,55,55,61,61,61,61,61,25,25,25,56,13,83,89,89,89,106,106,106,86,92,92,92,105,106,106,106,106,0],"gold":151,"neow_bonus":"TRANSFORM_TWO_CARDS","is_prod":false,"is_daily":false,"chose_seed":false,"campfire_upgraded":5,"win_rate":0,"timestamp":1537558954,"path_taken":["M","?","?","?","M","E","R","E","T","?","$","?","E","M","R","BOSS","M","?","?","?","?","R","E","R","T","?","R","E","R","?","R","BOSS","M","$","?","?","?","R","E","?","T","?","M","E","?","M","R","BOSS"],"build_version":"2018-09-06","purchased_purges":3,"victory":false,"max_hp_per_floor":[72,72,72,75,78,81,81,84,84,87,87,90,90,90,90,90,90,90,90,96,96,102,102,102,102,102,102,102,106,106,106,106,106,106,106,106,106,106,106,106,106,106,106,106,106,106,106,106,106,106],"card_choices":[{"not_picked":["Headbutt","Hemokinesis"],"picked":"Pummel","floor":1.0},{"not_picked":["Spot Weakness","Sentinel"],"picked":"Combust","floor":4.0},{"not_picked":["Wild Strike","Thunderclap"],"picked":"Whirlwind","floor":5.0},{"not_picked":["Sword Boomerang","Pummel"],"picked":"Barricade","floor":6.0},{"not_picked":["Headbutt","Armaments","Iron Wave"],"picked":"SKIP","floor":8.0},{"not_picked":["Pommel Strike","Reckless Charge","Clothesline"],"picked":"SKIP","floor":10.0},{"not_picked":["Battle Trance","Dropkick","Uppercut"],"picked":"SKIP","floor":12.0},{"not_picked":["Armaments","Headbutt","Pommel Strike"],"picked":"SKIP","floor":13.0},{"not_picked":["True Grit","Flex"],"picked":"Inflame","floor":14.0},{"not_picked":["Heavy Blade","Twin Strike"],"picked":"Flame Barrier","floor":15.0},{"not_picked":["Demon Form","Feed"],"picked":"Berserk","floor":16.0},{"not_picked":["Entrench","Warcry+1"],"picked":"Armaments+1","floor":18.0},{"not_picked":["Metallicize","Searing Blow"],"picked":"Shrug It Off","floor":21.0},{"not_picked":["Pommel Strike","Wild Strike","True Grit"],"picked":"SKIP","floor":24.0},{"not_picked":["Pommel Strike+1","Anger"],"picked":"Warcry+1","floor":29},{"not_picked":["Twin Strike","Anger+1"],"picked":"Shrug It Off+1","floor":32},{"not_picked":["Fiend Fire","Impervious"],"picked":"Reaper","floor":33},{"not_picked":["Armaments","Evolve+1"],"picked":"Warcry","floor":35},{"not_picked":["Sword Boomerang+1","Carnage"],"picked":"Havoc+1","floor":39},{"not_picked":["Clothesline+1","Twin Strike"],"picked":"Intimidate+1","floor":40},{"not_picked":["Uppercut","Clothesline+1"],"picked":"Inflame","floor":41},{"not_picked":["Perfected Strike+1","Armaments"],"picked":"Body Slam+1","floor":45},{"not_picked":["Havoc","Disarm"],"picked":"Intimidate+1","floor":45},{"not_picked":["Pommel Strike","Iron Wave+1","Sword Boomerang"],"picked":"SKIP","floor":46},{"not_picked":["Sentinel","Twin Strike"],"picked":"Shrug It Off+1","floor":48},{"not_picked":["Clash","Second Wind","Berserk"],"picked":"SKIP","floor":48}],"player_experience":325367,"relics_obtained":[{"floor":6.0,"key":"Dream Catcher"},{"floor":8.0,"key":"Du-Vu Doll"},{"floor":9.0,"key":"Darkstone Periapt"},{"floor":13.0,"key":"Bottled Flame"},{"floor":24.0,"key":"Pen Nib"},{"floor":26.0,"key":"Omamori"},{"floor":29,"key":"Centennial Puzzle"},{"floor":41,"key":"Regal Pillow"},{"floor":42,"key":"FossilizedHelix"},{"floor":43,"key":"Dodecahedron"},{"floor":44,"key":"Prayer Wheel"},{"floor":46,"key":"Lantern"}],"event_choices":[{"event_name":"Upgrade Shrine","player_choice":"Upgraded","floor":2.0,"damage_taken":0.0},{"event_name":"Living Wall","player_choice":"Change","floor":3.0,"damage_taken":0.0},{"event_name":"Drug Dealer","player_choice":"Inject Mutagens","floor":19.0,"damage_taken":0.0},{"event_name":"Addict","player_choice":"Stole Relic","floor":20.0,"damage_taken":0.0},{"event_name":"Forgotten Altar","player_choice":"Smashed Altar","floor":22.0,"damage_taken":0.0},{"event_name":"Nest","player_choice":"Stole From Cult","floor":27.0,"damage_taken":0.0},{"event_name":"Tomb of Lord Red Mask","player_choice":"Paid","floor":37,"damage_taken":0},{"event_name":"Winding Halls","player_choice":"Writhe","floor":38,"damage_taken":0},{"event_name":"Mysterious Sphere","player_choice":"Fight","floor":42,"damage_taken":0},{"event_name":"Accursed Blacksmith","player_choice":"Rummage","floor":47,"damage_taken":0}],"is_beta":false,"boss_relics":[{"not_picked":["Tiny House","Ectoplasm"],"picked":"White Beast Statue"},{"not_picked":["Runic Pyramid","Velvet Choker"],"picked":"Fusion Hammer"}],"items_purged_floors":[11,31,36],"is_endless":false,"potions_floor_spawned":[5,6,12,18,21,24,29,33,35,39,41,42,45,46,48],"killed_by":"Awakened One","ascension_level":5}