{"gold_per_floor":[111,128,140,159,177,196,196,196,196,221,234,264,284,313,313,410,410,428,442,442,442,442,442,468,468,468,487,514,514,514,524,524,619,619,629,629],"floor_reached":36,"playtime":4823,"items_purged":[],"score":456,"play_id":"3f2bc7ae-2746-4546-8ccb-25031c412890","local_time":"20190806230545","is_ascension_mode":false,"campfire_choices":[{"data":"Clothesline","floor":7.0,"key":"SMITH"},{"data":"Bash","floor":15.0,"key":"SMITH"},{"floor":23.0,"key":"REST"},{"floor":32.0,"key":"REST"}],"neow_cost":"NONE","seed_source_timestamp":0,"circlet_count":0,"master_deck":["Defend_R","Defend_R","Defend_R","Defend_R","Bash+1","Reaper","True Grit","Headbutt","Clothesline+1","Clash","Dual Wield","Shockwave","Ghostly Armor+1","Dual Wield+1","Pommel Strike","Armaments+1","Infernal Blade+1","Impervious+1","Cleave","Demon Form","RitualDagger","J.A.X.+1","Corruption","Sword Boomerang+1","Ghostly+1","Ghostly+1","Ghostly+1","Ghostly+1","Ghostly+1","Sword Boomerang+1","Feed+1","Double Tap+1","Whirlwind+1","Dual Wield+1","Spot Weakness+1"],"special_seed":0,"relics":["Burning Blood","Toxic Egg 2","Omamori","Question Card","Darkstone Periapt","Fusion Hammer","Meat on the Bone","Enchiridion","Juzu Bracelet","Shuriken","Molten Egg 2","Astrolabe"],"potions_floor_usage":[36],"damage_taken":[{"damage":2.0,"enemies":"2 Louse","floor":1.0,"turns":3.0},{"damage":1.0,"enemies":"Cultist","floor":2.0,"turns":3.0},{"damage":9.0,"enemies":"Small Slimes","floor":3.0,"turns":5.0},{"damage":15.0,"enemies":"Blue Slaver","floor":4.0,"turns":6.0},{"damage":1.0,"enemies":"2 Fungi Beasts","floor":5.0,"turns":4.0},{"damage":10.0,"enemies":"Looter","floor":6.0,"turns":2.0},{"damage":34.0,"enemies":"Lagavulin","floor":10.0,"turns":7.0},{"damage":4.0,"enemies":"3 Louse","floor":11.0,"turns":3.0},{"damage":13.0,"enemies":"3 Sentries","floor":12.0,"turns":7.0},{"damage":7.0,"enemies":"Blue Slaver","floor":13.0,"turns":3.0},{"damage":21.0,"enemies":"Lagavulin","floor":14.0,"turns":6.0},{"damage":49.0,"enemies":"Slime Boss","floor":16.0,"turns":13.0},{"damage":0.0,"enemies":"Spheric Guardian","floor":18.0,"turns":3.0},{"damage":0.0,"enemies":"Chosen","floor":19.0,"turns":3.0},{"damage":34.0,"enemies":"Shelled Parasite and Fungi","floor":27.0,"turns":5.0},{"damage":45.0,"enemies":"Gremlin Leader","floor":28.0,"turns":5.0},{"damage":7.0,"enemies":"Centurion and Healer","floor":31.0,"turns":4.0},{"damage":12.0,"enemies":"Collector","floor":33.0,"turns":10.0},{"damage":9,"enemies":"3 Darklings","floor":35,"turns":3},{"damage":69,"enemies":"2 Orb Walkers","floor":36,"turns":3}],"seed_played":"-2866147635299588502","potions_obtained":[{"floor":3.0,"key":"Strength Potion"},{"floor":4.0,"key":"SpeedPotion"},{"floor":6.0,"key":"Fire Potion"},{"floor":14.0,"key":"Weak Potion"},{"floor":28.0,"key":"SpeedPotion"},{"floor":31.0,"key":"Explosive Potion"},{"floor":35,"key":"Weak Potion"}],"is_trial":false,"path_per_floor":["M","M","M","M","M","M","R","?","T","E","M","E","M","E","R","B",null,"M","M","?","?","?","R","T","?","T","M","E","?","?","M","R","B",null,"M","?"],"character_chosen":"IRONCLAD","items_purchased":[],"campfire_rested":2,"item_purchase_floors":[],"current_hp_per_floor":[80,80,77,72,77,73,73,73,73,45,59,59,58,43,43,16,80,80,80,74,74,58,80,80,80,80,67,47,40,40,39,40,34,40,41,0],"gold":629,"neow_bonus":"ONE_RANDOM_RARE_CARD","is_prod":false,"is_daily":false,"chose_seed":false,"campfire_upgraded":2,"win_rate":0.0,"timestamp":1565129145,"path_taken":["M","M","M","M","M","M","R","?","T","E","M","E","?","E","R","BOSS","M","M","?","?","?","R","?","?","T","M","E","?","?","M","R","BOSS","M","?"],"build_version":"2019-07-17","purchased_purges":0,"victory":false,"max_hp_per_floor":[80,80,80,80,80,80,80,80,80,80,80,80,80,80,80,80,80,80,80,80,80,80,80,80,80,80,80,80,40,40,40,40,40,40,44,44],"card_choices":[{"not_picked":["Thunderclap","Flex"],"picked":"True Grit","floor":1.0},{"not_picked":["Twin Strike","Impervious"],"picked":"Headbutt","floor":2.0},{"not_picked":["Sword Boomerang","Ghostly Armor"],"picked":"Clothesline","floor":3.0},{"not_picked":["Pommel Strike","Whirlwind"],"picked":"Clash","floor":4.0},{"not_picked":["Warcry","Clothesline"],"picked":"Dual Wield","floor":5.0},{"not_picked":["Warcry","Uppercut"],"picked":"Shockwave","floor":6.0},{"not_picked":["Clash","Reckless Charge"],"picked":"Ghostly Armor+1","floor":10.0},{"not_picked":["Twin Strike","Anger"],"picked":"Dual Wield+1","floor":11.0},{"not_picked":["Combust","Iron Wave"],"picked":"Pommel Strike","floor":12.0},{"not_picked":["Iron Wave","True Grit+1","Hemokinesis"],"picked":"Armaments+1","floor":13.0},{"not_picked":["Wild Strike","Carnage","Cleave"],"picked":"Infernal Blade+1","floor":14.0},{"not_picked":["Berserk","Fiend Fire","Immolate"],"picked":"Impervious+1","floor":16.0},{"not_picked":["Twin Strike","Headbutt","Armaments+1"],"picked":"Cleave","floor":18.0},{"not_picked":["Wild Strike","True Grit+1","Dual Wield+1"],"picked":"Demon Form","floor":19.0},{"not_picked":["Ghostly Armor+1","Combust","Perfected Strike"],"picked":"Corruption","floor":27.0},{"not_picked":["Anger","Uppercut+1","Pommel Strike+1"],"picked":"Sword Boomerang+1","floor":28.0},{"not_picked":["Anger+1","Battle Trance+1","Rage+1"],"picked":"Sword Boomerang+1","floor":31.0},{"not_picked":["Fiend Fire+1","Juggernaut","Barricade"],"picked":"Feed+1","floor":33.0},{"not_picked":["Clash+1","Wild Strike+1","Uppercut+1"],"picked":"Spot Weakness+1","floor":35}],"player_experience":40581,"relics_obtained":[{"floor":9.0,"key":"Toxic Egg 2"},{"floor":10.0,"key":"Omamori"},{"floor":12.0,"key":"Question Card"},{"floor":14.0,"key":"Darkstone Periapt"},{"floor":22.0,"key":"Enchiridion"},{"floor":24.0,"key":"Juzu Bracelet"},{"floor":26.0,"key":"Shuriken"},{"floor":28.0,"key":"Molten Egg 2"}],"event_choices":[{"cards_removed":["Strike_R"],"damage_healed":0.0,"max_hp_gain":0.0,"max_hp_loss":0.0,"gold_gain":0.0,"event_name":"Purifier","player_choice":"Purged","floor":8.0,"gold_loss":0.0,"damage_taken":0.0},{"damage_healed":0.0,"max_hp_gain":0.0,"max_hp_loss":0.0,"gold_gain":0.0,"event_name":"Nest","player_choice":"Joined the Cult","floor":20.0,"gold_loss":0.0,"damage_taken":6.0,"cards_obtained":["RitualDagger"]},{"damage_healed":0.0,"max_hp_gain":0.0,"max_hp_loss":0.0,"gold_gain":0.0,"event_name":"The Mausoleum","player_choice":"Opened","floor":21.0,"gold_loss":0.0,"damage_taken":0.0,"relics_obtained":["Meat on the Bone"],"cards_obtained":["Writhe"]},{"damage_healed":0.0,"max_hp_gain":0.0,"max_hp_loss":0.0,"gold_gain":0.0,"event_name":"Cursed Tome","player_choice":"Obtained Book","floor":22.0,"gold_loss":0.0,"damage_taken":16.0},{"damage_healed":0.0,"max_hp_gain":0.0,"max_hp_loss":0.0,"gold_gain":0.0,"event_name":"Drug Dealer","player_choice":"Obtain J.A.X.","floor":25.0,"gold_loss":0.0,"damage_taken":0.0,"cards_obtained":["J.A.X."]},{"damage_healed":0.0,"max_hp_gain":0.0,"max_hp_loss":40.0,"gold_gain":0.0,"event_name":"Ghosts","player_choice":"Became a Ghost","floor":29.0,"gold_loss":0.0,"damage_taken":0.0,"cards_obtained":["Ghostly","Ghostly","Ghostly","Ghostly","Ghostly"]},{"cards_removed":["Strike_R"],"damage_healed":0.0,"max_hp_gain":0.0,"max_hp_loss":0.0,"gold_gain":0.0,"event_name":"Purifier","player_choice":"Purged","floor":30.0,"gold_loss":0.0,"damage_taken":0.0},{"damage_healed":0,"gold_gain":0,"player_choice":"Fight","damage_taken":0,"max_hp_gain":0,"max_hp_loss":0,"event_name":"Mysterious Sphere","floor":36,"gold_loss":0}],"is_beta":false,"boss_relics":[{"not_picked":["Runic Cube","Velvet Choker"],"picked":"Fusion Hammer"},{"not_picked":["Philosopher\u0027s Stone","Runic Dome"],"picked":"Astrolabe"}],"items_purged_floors":[],"is_endless":false,"potions_floor_spawned":[3,4,6,11,13,14,28,31,35],"killed_by":"2 Orb Walkers","ascension_level":0}