{"gold_per_floor":[134,134,149,26,26,26,64,64,64,64,64,30,68,87,87,237,237,256,256,295,295,20,58,102,121,146,190,229,229,267,17,17,142,142,161,205,280,280,280,318,318,356,356,395,414,82,82,145,145,145],"floor_reached":51,"playtime":7275,"items_purged":["Storm of Steel","Phantasmal Killer","Regret"],"score":1054,"play_id":"c70ef16d-e2a0-47c8-b789-abff96d2a83c","local_time":"20190718211942","daily_mods":["Shiny","Colorless Cards","Terminal"],"is_ascension_mode":false,"campfire_choices":[{"data":"Mayhem","floor":6.0,"key":"SMITH"},{"data":"Thinking Ahead","floor":8.0,"key":"SMITH"},{"data":"After Image","floor":15.0,"key":"SMITH"},{"data":"Transmutation","floor":29.0,"key":"SMITH"},{"data":"Acrobatics","floor":32.0,"key":"SMITH"},{"data":"Tactician","floor":41.0,"key":"SMITH"},{"data":"Metamorphosis","floor":47.0,"key":"SMITH"},{"data":"Bullet Time","floor":49.0,"key":"SMITH"}],"neow_cost":"","seed_source_timestamp":0,"circlet_count":0,"master_deck":["Venomology","Corpse Explosion","Malaise","Die Die Die","Adrenaline","Envenom","Doppelganger","Burst","Wraith Form v2","Tools of the Trade","Night Terror","Unload","After Image+1","Bullet Time+1","Glass Knife","A Thousand Cuts","Thinking Ahead+1","Metamorphosis+1","Master of Strategy","Magnetism","Chrysalis","Transmutation+1","HandOfGreed","Mayhem+1","Apotheosis+1","Secret Weapon","Panache","Violence","Secret Technique","The Bomb","Sadistic Nature","Quick Slash","Acrobatics+1","Cloak And Dagger","Tactician+1","Outmaneuver","Well Laid Plans","Backflip","Venomology","Escape Plan","Dagger Throw+1","Necronomicurse","Escape Plan","PiercingWail+1","Prepared+1","Finesse","Shame","Prepared+1","Prepared+1","Deep Breath+1","Dramatic Entrance+1"],"special_seed":18095,"relics":["Ring of the Snake","Golden Idol","Strawberry","Lantern","FaceOfCleric","Anchor","Philosopher\u0027s Stone","MutagenicStrength","Red Mask","Necronomicon","Frozen Eye","Molten Egg 2","Oddly Smooth Stone","Smiling Mask","Strange Spoon","Cursed Key","Dodecahedron","Toxic Egg 2","Potion Belt","Shuriken","Medical Kit","Ornamental Fan"],"potions_floor_usage":[50,50,50,50],"damage_taken":[{"damage":0.0,"enemies":"Small Slimes","floor":1.0,"turns":3.0},{"damage":0.0,"enemies":"Jaw Worm","floor":3.0,"turns":1.0},{"damage":2.0,"enemies":"3 Sentries","floor":7.0,"turns":3.0},{"damage":0.0,"enemies":"Lagavulin","floor":13.0,"turns":5.0},{"damage":0.0,"enemies":"2 Louse","floor":14.0,"turns":1.0},{"damage":0.0,"enemies":"Slime Boss","floor":16.0,"turns":4.0},{"damage":0.0,"enemies":"3 Byrds","floor":18.0,"turns":2.0},{"damage":0.0,"enemies":"Masked Bandits","floor":20.0,"turns":4.0},{"damage":0.0,"enemies":"Gremlin Leader","floor":23.0,"turns":4.0},{"damage":0.0,"enemies":"Spheric Guardian","floor":24.0,"turns":3.0},{"damage":0.0,"enemies":"Snecko","floor":25.0,"turns":5.0},{"damage":0.0,"enemies":"Snake Plant","floor":27.0,"turns":2.0},{"damage":0.0,"enemies":"Shelled Parasite and Fungi","floor":28.0,"turns":1.0},{"damage":0.0,"enemies":"Book of Stabbing","floor":30.0,"turns":3.0},{"damage":0.0,"enemies":"Automaton","floor":33.0,"turns":4.0},{"damage":0.0,"enemies":"3 Darklings","floor":35.0,"turns":2.0},{"damage":0.0,"enemies":"Orb Walker","floor":36.0,"turns":3.0},{"damage":0.0,"enemies":"Reptomancer","floor":40.0,"turns":4.0},{"damage":2.0,"enemies":"Giant Head","floor":42.0,"turns":4.0},{"damage":0.0,"enemies":"Writhing Mass","floor":44.0,"turns":3.0},{"damage":0.0,"enemies":"Maw","floor":45.0,"turns":3.0},{"damage":0.0,"enemies":"Reptomancer","floor":48.0,"turns":4.0},{"damage":26,"enemies":"Awakened One","floor":50,"turns":5}],"seed_played":"5281439423263015845","potions_obtained":[{"floor":1.0,"key":"Weak Potion"},{"floor":13.0,"key":"LiquidBronze"},{"floor":16.0,"key":"SkillPotion"},{"floor":20.0,"key":"Energy Potion"},{"floor":24.0,"key":"PowerPotion"},{"floor":42.0,"key":"SkillPotion"},{"floor":48.0,"key":"Weak Potion"}],"is_trial":false,"path_per_floor":["M","?","M","$","?","R","E","R","T","$","?","$","E","M","R","B",null,"M","?","?","?","$","E","M","M","T","M","M","R","E","$","R","B",null,"M","M","T","?","?","E","R","E","T","M","M","$","R","E","R","B",null],"character_chosen":"THE_SILENT","items_purchased":["Cloak And Dagger","Tactician","Well Laid Plans","Frozen Eye","Strange Spoon","Medical Kit","Dramatic Entrance+1"],"campfire_rested":0,"item_purchase_floors":[4,4,12,22,31,46,46],"current_hp_per_floor":[68,67,66,65,49,49,54,54,54,54,54,54,55,56,56,57,62,62,61,61,45,45,46,47,48,48,49,50,50,51,51,51,52,54,54,54,53,52,51,51,50,49,49,49,49,48,47,47,46,21],"gold":145,"neow_bonus":"","is_prod":false,"is_daily":true,"chose_seed":false,"campfire_upgraded":8,"win_rate":0,"timestamp":1563499182,"path_taken":["M","?","M","$","?","R","E","R","T","?","?","$","E","M","R","BOSS","M","?","?","?","$","E","M","M","T","?","M","R","E","$","R","BOSS","M","M","?","?","?","E","R","E","T","M","M","$","R","E","R","BOSS"],"build_version":"2019-07-17","purchased_purges":3,"victory":true,"max_hp_per_floor":[68,67,66,65,64,63,69,68,67,66,65,64,64,64,63,63,62,62,61,61,60,59,59,59,59,58,58,58,57,57,56,55,55,54,54,54,53,52,51,51,50,50,49,49,49,48,47,47,46,46],"card_choices":[{"not_picked":["Masterful Stab","Dodge and Roll"],"picked":"Quick Slash","floor":1.0},{"not_picked":["Dodge and Roll","Heel Hook"],"picked":"Acrobatics","floor":3.0},{"not_picked":["Masterful Stab","Blade Dance"],"picked":"Outmaneuver","floor":7.0},{"not_picked":["Deflect","Good Instincts"],"picked":"Backflip","floor":13.0},{"not_picked":["Cloak And Dagger","Blur","Accuracy"],"picked":"SKIP","floor":14.0},{"not_picked":["Wraith Form v2","Burst"],"picked":"Venomology","floor":16.0},{"not_picked":["Quick Slash","Reflex"],"picked":"Escape Plan","floor":18.0},{"not_picked":["Sucker Punch","Chrysalis"],"picked":"Dagger Throw+1","floor":20.0},{"not_picked":["Terror","Forethought"],"picked":"Escape Plan","floor":23.0},{"not_picked":["Escape Plan","Dagger Spray+1"],"picked":"PiercingWail+1","floor":24.0},{"not_picked":["Poisoned Stab+1","Masterful Stab+1","Outmaneuver+1"],"picked":"SKIP","floor":25.0},{"not_picked":["Reflex+1","Cloak And Dagger","Sucker Punch+1"],"picked":"SKIP","floor":27.0},{"not_picked":["Quick Slash+1","Tools of the Trade","Tactician+1"],"picked":"SKIP","floor":28.0},{"not_picked":["Accuracy","Deflect","Flying Knee+1"],"picked":"SKIP","floor":30.0},{"not_picked":["Dash+1","Acrobatics"],"picked":"Prepared","floor":35.0},{"not_picked":["Cloak And Dagger","Acrobatics+1"],"picked":"Finesse","floor":36.0},{"not_picked":["Poisoned Stab+1","Dagger Spray+1","Bouncing Flask+1"],"picked":"SKIP","floor":40.0},{"not_picked":["Caltrops+1","Setup+1"],"picked":"Prepared+1","floor":42.0},{"not_picked":["Outmaneuver+1","Dagger Throw+1"],"picked":"Prepared+1","floor":44.0},{"not_picked":["Dark Shackles+1","PiercingWail+1"],"picked":"Deep Breath+1","floor":45.0},{"not_picked":["Riddle With Holes+1","Discovery+1","Acrobatics+1"],"picked":"SKIP","floor":48.0}],"player_experience":40619,"relics_obtained":[{"floor":7.0,"key":"Strawberry"},{"floor":9.0,"key":"Lantern"},{"floor":13.0,"key":"Anchor"},{"floor":20.0,"key":"Red Mask"},{"floor":21.0,"key":"Necronomicon"},{"floor":23.0,"key":"Molten Egg 2"},{"floor":26.0,"key":"Oddly Smooth Stone"},{"floor":30.0,"key":"Smiling Mask"},{"floor":37.0,"key":"Dodecahedron"},{"floor":40.0,"key":"Toxic Egg 2"},{"floor":42.0,"key":"Potion Belt"},{"floor":43.0,"key":"Shuriken"},{"floor":48.0,"key":"Ornamental Fan"}],"event_choices":[{"damage_healed":0.0,"max_hp_gain":0.0,"max_hp_loss":0.0,"gold_gain":0.0,"event_name":"Living Wall","player_choice":"Grow","floor":2.0,"gold_loss":0.0,"damage_taken":0.0,"cards_upgraded":["Apotheosis"]},{"damage_healed":0.0,"max_hp_gain":0.0,"max_hp_loss":0.0,"gold_gain":0.0,"event_name":"Golden Idol","player_choice":"Take Damage","floor":5.0,"gold_loss":0.0,"damage_taken":16.0,"relics_obtained":["Golden Idol"]},{"damage_healed":0.0,"max_hp_gain":0.0,"max_hp_loss":0.0,"gold_gain":0.0,"event_name":"FaceTrader","player_choice":"Trade","floor":11.0,"gold_loss":0.0,"damage_taken":0.0,"relics_obtained":["FaceOfCleric"]},{"damage_healed":0.0,"max_hp_gain":0.0,"max_hp_loss":0.0,"gold_gain":0.0,"event_name":"Drug Dealer","player_choice":"Inject Mutagens","floor":19.0,"gold_loss":0.0,"damage_taken":0.0,"relics_obtained":["MutagenicStrength"]},{"damage_healed":0.0,"max_hp_gain":0.0,"max_hp_loss":0.0,"gold_gain":0.0,"event_name":"Masked Bandits","player_choice":"Fought Bandits","floor":20.0,"gold_loss":0.0,"damage_taken":0.0},{"damage_healed":0.0,"max_hp_gain":0.0,"max_hp_loss":0.0,"gold_gain":0.0,"event_name":"Cursed Tome","player_choice":"Obtained Book","floor":21.0,"gold_loss":0.0,"damage_taken":16.0},{"cards_removed":["Grand Finale"],"damage_healed":0.0,"max_hp_gain":0.0,"max_hp_loss":0.0,"gold_gain":0.0,"event_name":"Falling","player_choice":"Removed Attack","floor":38.0,"gold_loss":0.0,"damage_taken":0.0},{"damage_healed":0.0,"max_hp_gain":0.0,"max_hp_loss":0.0,"gold_gain":0.0,"event_name":"Upgrade Shrine","player_choice":"Upgraded","floor":39.0,"gold_loss":0.0,"damage_taken":0.0,"cards_upgraded":["Prepared"]}],"is_beta":false,"boss_relics":[{"not_picked":["Ectoplasm","Runic Dome"],"picked":"Philosopher\u0027s Stone"},{"not_picked":["Tiny House","WristBlade"],"picked":"Cursed Key"}],"items_purged_floors":[22,31,46],"is_endless":false,"potions_floor_spawned":[1,13,16,20,24,27,28,35,42,45,48],"ascension_level":0}