{"gold_per_floor":[114,114,114,114,64,64,89,103,103,136,150,150,168,343,343,447,447,462,480,480,480,495,522,522,522],"floor_reached":25,"playtime":1203,"items_purged":[],"score":229,"play_id":"4edd5b4c-7862-49be-84e6-a2b1cb493fab","local_time":"20181202001400","is_ascension_mode":false,"campfire_choices":[{"data":"Bash","floor":6.0,"key":"SMITH"},{"floor":12.0,"key":"REST"},{"floor":15.0,"key":"RECALL"},{"floor":24,"key":"REST"}],"neow_cost":"NONE","seed_source_timestamp":30509116471329,"circlet_count":0,"master_deck":["Strike_R","Strike_R+1","Strike_R+1","Defend_R","Defend_R","Bash+1","Metallicize","Shrug It Off","Fiend Fire","Second Wind","Doubt","Barricade+1","Pummel","Metallicize+1","Rage","Intimidate","Feel No Pain+1"],"special_seed":0,"relics":["Burning Blood","Shuriken","Frozen Egg 2","Charon\u0027s Ashes","Black Star","Magic Flower","Prayer Wheel"],"potions_floor_usage":[23],"damage_taken":[{"damage":0.0,"enemies":"2 Louse","floor":1.0,"turns":2.0},{"damage":36.0,"enemies":"Lagavulin","floor":7.0,"turns":5.0},{"damage":2.0,"enemies":"Small Slimes","floor":8.0,"turns":3.0},{"damage":22.0,"enemies":"Gremlin Nob","floor":10.0,"turns":4.0},{"damage":0.0,"enemies":"Jaw Worm","floor":11.0,"turns":1.0},{"damage":0.0,"enemies":"Looter","floor":13.0,"turns":3.0},{"damage":17.0,"enemies":"The Guardian","floor":16.0,"turns":16.0},{"damage":5.0,"enemies":"Chosen","floor":18.0,"turns":6.0},{"damage":27.0,"enemies":"Shell Parasite","floor":19.0,"turns":9.0},{"damage":10.0,"enemies":"Centurion and Healer","floor":22.0,"turns":7.0},{"damage":24,"enemies":"Gremlin Leader","floor":23,"turns":7},{"damage":52,"enemies":"Book of Stabbing","floor":25,"turns":9}],"seed_played":"790417212246285552","potions_obtained":[{"floor":7.0,"key":"Energy Potion"},{"floor":13.0,"key":"Energy Potion"},{"floor":16.0,"key":"PowerPotion"}],"is_trial":false,"path_per_floor":["M","?","?","$","?","R","E","M","T","E","M","R","M","?","R","B",null,"M","M","?","?","M","E","R","E"],"character_chosen":"IRONCLAD","items_purchased":[],"campfire_rested":2,"item_purchase_floors":[],"current_hp_per_floor":[80,73,57,57,57,57,27,31,31,15,21,45,51,51,51,40,80,80,59,44,44,40,22,47,0],"gold":522,"neow_bonus":"REMOVE_CARD","is_prod":false,"is_daily":false,"chose_seed":false,"campfire_upgraded":1,"win_rate":0,"timestamp":1543738440,"path_taken":["M","?","?","$","?","R","E","M","T","E","M","R","M","?","R","BOSS","M","M","?","?","M","E","R","E"],"build_version":"2018-11-15","purchased_purges":0,"victory":false,"max_hp_per_floor":[80,80,80,80,80,80,80,80,80,80,80,80,80,80,80,80,80,80,80,85,85,85,85,85,85],"card_choices":[{"not_picked":["Clash","Entrench","Anger"],"picked":"SKIP","floor":1.0},{"not_picked":["Spot Weakness","Perfected Strike"],"picked":"Metallicize","floor":7.0},{"not_picked":["Sever Soul","Headbutt"],"picked":"Shrug It Off","floor":8.0},{"not_picked":["Seeing Red","Blood for Blood"],"picked":"Fiend Fire","floor":10.0},{"not_picked":["Havoc","Armaments"],"picked":"Second Wind","floor":11.0},{"not_picked":["Havoc","Heavy Blade","Clothesline"],"picked":"SKIP","floor":13.0},{"not_picked":["Immolate","Exhume"],"picked":"Barricade+1","floor":16.0},{"not_picked":["Thunderclap","Hemokinesis+1"],"picked":"Pummel","floor":18.0},{"not_picked":["Shrug It Off+1","Blood for Blood"],"picked":"Metallicize+1","floor":19.0},{"not_picked":["Cleave","Warcry"],"picked":"Intimidate","floor":22.0},{"not_picked":["Iron Wave","Flame Barrier"],"picked":"Feel No Pain+1","floor":23}],"player_experience":516392,"relics_obtained":[{"floor":7.0,"key":"Shuriken"},{"floor":9.0,"key":"Frozen Egg 2"},{"floor":10.0,"key":"Charon\u0027s Ashes"},{"floor":23,"key":"Magic Flower"},{"floor":23,"key":"Prayer Wheel"}],"event_choices":[{"cards_removed":["Strike_R"],"damage_healed":0.0,"max_hp_gain":0.0,"max_hp_loss":0.0,"gold_gain":0.0,"event_name":"Golden Wing","player_choice":"Card Removal","floor":2.0,"gold_loss":0.0,"damage_taken":7.0},{"damage_healed":0.0,"max_hp_gain":0.0,"max_hp_loss":0.0,"gold_gain":0.0,"event_name":"Shining Light","player_choice":"Entered Light","floor":3.0,"gold_loss":0.0,"damage_taken":16.0,"cards_upgraded":["Strike_R","Strike_R"]},{"cards_removed":["Strike_R"],"damage_healed":0.0,"max_hp_gain":0.0,"max_hp_loss":0.0,"gold_gain":0.0,"event_name":"The Cleric","player_choice":"Card Removal","floor":5.0,"gold_loss":50.0,"damage_taken":0.0},{"cards_removed":["Defend_R"],"damage_healed":0.0,"max_hp_gain":0.0,"max_hp_loss":0.0,"gold_gain":0.0,"event_name":"The Cleric","player_choice":"Card Removal","floor":5.0,"gold_loss":50.0,"damage_taken":0.0},{"damage_healed":0.0,"max_hp_gain":0.0,"max_hp_loss":0.0,"gold_gain":175.0,"event_name":"Liars Game","player_choice":"AGREE","floor":14.0,"gold_loss":0.0,"damage_taken":0.0,"cards_obtained":["Doubt"]},{"damage_healed":0.0,"max_hp_gain":5.0,"max_hp_loss":0.0,"gold_gain":0.0,"event_name":"Forgotten Altar","player_choice":"Shed Blood","floor":20.0,"gold_loss":0.0,"damage_taken":20.0},{"damage_healed":0.0,"max_hp_gain":0.0,"max_hp_loss":0.0,"gold_gain":0.0,"event_name":"The Library","player_choice":"Read","floor":21.0,"gold_loss":0.0,"damage_taken":0.0,"cards_obtained":["Rage"]}],"is_beta":false,"boss_relics":[{"not_picked":["Runic Pyramid","Ectoplasm"],"picked":"Black Star"}],"items_purged_floors":[],"is_endless":false,"potions_floor_spawned":[7,13,16],"killed_by":"Book of Stabbing","ascension_level":0}