{"gold_per_floor":[111,32,32,42,53,64,64,75,75,93,12,31,50,67,67,141,141,153,9,19,39,39,39,39],"floor_reached":24,"playtime":871,"items_purged":["Strike_B"],"score":340,"play_id":"fa715759-f78e-4693-af11-66a380cf1bf9","local_time":"20180808072810","is_ascension_mode":true,"campfire_choices":[{"floor":7.0,"key":"REST"},{"floor":15.0,"key":"REST"},{"floor":23.0,"key":"REST"}],"neow_cost":"NONE","seed_source_timestamp":56967375426088,"circlet_count":0,"master_deck":["Strike_B","Strike_B","Strike_B","Defend_B","Defend_B","Defend_B","Defend_B","Zap","Dualcast","AscendersBane","Buffer","Steam","Defragment","Conserve Battery","Sweeping Beam","FTL","Chill","Ball Lightning","Self Repair","Glacier","Biased Cognition","Cold Snap","Melter","Rip and Tear"],"special_seed":0,"relics":["Cracked Core","Bag of Marbles","Runic Dome"],"potions_floor_usage":[24],"damage_taken":[{"damage":16.0,"enemies":"2 Louse","floor":1.0,"turns":3.0},{"damage":3.0,"enemies":"Jaw Worm","floor":4.0,"turns":3.0},{"damage":7.0,"enemies":"Small Slimes","floor":5.0,"turns":3.0},{"damage":30.0,"enemies":"Gremlin Gang","floor":6.0,"turns":5.0},{"damage":4.0,"enemies":"3 Louse","floor":8.0,"turns":4.0},{"damage":9.0,"enemies":"2 Fungi Beasts","floor":10.0,"turns":3.0},{"damage":4.0,"enemies":"Blue Slaver","floor":12.0,"turns":4.0},{"damage":0.0,"enemies":"3 Louse","floor":13.0,"turns":1.0},{"damage":8.0,"enemies":"Exordium Thugs","floor":14.0,"turns":6.0},{"damage":26.0,"enemies":"Slime Boss","floor":16.0,"turns":12.0},{"damage":10.0,"enemies":"3 Byrds","floor":18.0,"turns":5.0},{"damage":18.0,"enemies":"2 Thieves","floor":20.0,"turns":4.0},{"damage":21.0,"enemies":"Snake Plant","floor":21.0,"turns":6.0},{"damage":77,"enemies":"Gremlin Leader","floor":24,"turns":9}],"seed_played":"5948318914221301714","potions_obtained":[{"floor":4.0,"key":"SkillPotion"},{"floor":8.0,"key":"SteroidPotion"}],"is_trial":false,"path_per_floor":["M","$","?","M","M","M","R","M","T","M","$","M","M","M","R","B",null,"M","$","M","M","$","R"],"character_chosen":"DEFECT","items_purchased":["Defragment","Ball Lightning","Self Repair","Melter"],"campfire_rested":3,"item_purchase_floors":[2,11,11,19],"current_hp_per_floor":[48,48,53,50,43,13,35,31,31,22,22,25,25,24,46,27,64,61,61,50,36,36,58,0],"gold":39,"neow_bonus":"ONE_RANDOM_RARE_CARD","is_prod":false,"is_daily":false,"chose_seed":false,"campfire_upgraded":0,"win_rate":0,"timestamp":1533702490,"path_taken":["M","$","?","?","M","M","R","M","T","M","$","M","M","M","R","BOSS","M","$","M","M","$","R","E"],"build_version":"2018-08-02","purchased_purges":1,"victory":false,"max_hp_per_floor":[71,71,76,76,76,76,76,76,76,76,76,76,76,76,76,76,76,76,76,76,76,76,76,76],"card_choices":[{"not_picked":["Genetic Algorithm","Gash"],"picked":"Steam","floor":1.0},{"not_picked":["Redo","Turbo"],"picked":"Conserve Battery","floor":4.0},{"not_picked":["Leap","Scrape"],"picked":"Sweeping Beam","floor":5.0},{"not_picked":["Hologram","Steam","Scrape"],"picked":"SKIP","floor":6.0},{"not_picked":["Gash","Redo"],"picked":"FTL","floor":8.0},{"not_picked":["Conserve Battery","Sweeping Beam"],"picked":"Chill","floor":10.0},{"not_picked":["Beam Cell","Compile Driver","Chill"],"picked":"SKIP","floor":12.0},{"not_picked":["Conserve Battery","Streamline","Multi-Cast"],"picked":"SKIP","floor":13.0},{"not_picked":["Turbo","Reprogram"],"picked":"Glacier","floor":14.0},{"not_picked":["Reboot","Hyperbeam"],"picked":"Biased Cognition","floor":16.0},{"not_picked":["Rebound","Gash"],"picked":"Cold Snap","floor":18.0},{"not_picked":["Tempest","Sweeping Beam","Chaos"],"picked":"SKIP","floor":20.0},{"not_picked":["Redo","Barrage"],"picked":"Rip and Tear","floor":21.0}],"player_experience":415074,"relics_obtained":[{"floor":9.0,"key":"Bag of Marbles"}],"event_choices":[{"event_name":"Big Fish","player_choice":"Donut","floor":3.0,"damage_taken":0.0}],"is_beta":false,"boss_relics":[{"not_picked":["Pandora\u0027s Box","Tiny House"],"picked":"Runic Dome"}],"items_purged_floors":[19],"is_endless":false,"potions_floor_spawned":[4,8,10,14,21],"killed_by":"Gremlin Leader","ascension_level":15}