{"gold_per_floor":[119,135,109,109,119,119,131,159,159,172,172,190,204,232,232,305,305,315,334,334,279,290,290],"floor_reached":23,"playtime":1159,"items_purged":[],"score":435,"play_id":"8c4aaefa-72ad-46ab-b91a-40888554cf8b","local_time":"20190727145521","is_ascension_mode":true,"campfire_choices":[{"data":"Perfected Strike","floor":6.0,"key":"SMITH"},{"floor":11.0,"key":"REST"},{"data":"Battle Trance","floor":15.0,"key":"SMITH"}],"neow_cost":"NONE","seed_source_timestamp":761477480538276,"circlet_count":0,"master_deck":["AscendersBane","Strike_R","Strike_R","Strike_R","Strike_R","Strike_R","Defend_R","Defend_R","Defend_R","Defend_R","Bash+1","Perfected Strike+1","Wild Strike","Twin Strike","Pommel Strike","Wild Strike","Thunderclap","Twin Strike","Immolate","Battle Trance+1","Offering","Disarm","Wild Strike+1","Wild Strike","Perfected Strike"],"special_seed":0,"relics":["Burning Blood","Mummified Hand","Prayer Wheel","Torii","Coffee Dripper"],"potions_floor_usage":[],"damage_taken":[{"damage":6.0,"enemies":"Cultist","floor":1.0,"turns":3.0},{"damage":14.0,"enemies":"Jaw Worm","floor":2.0,"turns":4.0},{"damage":8.0,"enemies":"2 Louse","floor":5.0,"turns":2.0},{"damage":26.0,"enemies":"Lots of Slimes","floor":7.0,"turns":4.0},{"damage":17.0,"enemies":"Lagavulin","floor":8.0,"turns":4.0},{"damage":8.0,"enemies":"Blue Slaver","floor":10.0,"turns":2.0},{"damage":11.0,"enemies":"Looter","floor":12.0,"turns":2.0},{"damage":0.0,"enemies":"Lots of Slimes","floor":13.0,"turns":1.0},{"damage":8.0,"enemies":"Gremlin Nob","floor":14.0,"turns":3.0},{"damage":25.0,"enemies":"Hexaghost","floor":16.0,"turns":7.0},{"damage":25.0,"enemies":"Shell Parasite","floor":18.0,"turns":3.0},{"damage":6.0,"enemies":"3 Byrds","floor":19.0,"turns":3.0},{"damage":6.0,"enemies":"3 Cultists","floor":22.0,"turns":3.0},{"damage":49,"enemies":"Slavers","floor":23,"turns":3}],"seed_played":"-8519676846476752347","potions_obtained":[{"floor":1.0,"key":"PowerPotion"},{"floor":7.0,"key":"Fire Potion"},{"floor":13.0,"key":"AttackPotion"},{"floor":14.0,"key":"LiquidBronze"},{"floor":22.0,"key":"Poison Potion"}],"is_trial":false,"path_per_floor":["M","M","$","?","M","R","M","E","T","M","R","M","M","E","R","B",null,"M","M","?","$","M","E"],"character_chosen":"IRONCLAD","items_purchased":["Twin Strike","Perfected Strike"],"campfire_rested":1,"item_purchase_floors":[3,21],"current_hp_per_floor":[75,67,67,67,65,65,45,34,34,32,56,51,57,55,55,36,71,52,52,44,44,44,0],"gold":290,"neow_bonus":"TEN_PERCENT_HP_BONUS","is_prod":false,"is_daily":false,"chose_seed":false,"campfire_upgraded":2,"win_rate":0,"timestamp":1564253721,"path_taken":["M","M","?","?","M","R","?","E","T","M","R","M","M","E","R","BOSS","M","M","?","$","?","E"],"build_version":"2019-07-17","purchased_purges":0,"victory":false,"max_hp_per_floor":[82,82,82,82,82,82,82,82,82,82,82,82,82,82,82,82,82,82,82,82,82,82,82],"card_choices":[{"not_picked":["Entrench","Pommel Strike"],"picked":"Perfected Strike","floor":1.0},{"not_picked":["Flex","Sentinel"],"picked":"Wild Strike","floor":2.0},{"not_picked":["Sentinel","Armaments","Flex"],"picked":"SKIP","floor":5.0},{"not_picked":["Inflame","Pummel"],"picked":"Pommel Strike","floor":7.0},{"not_picked":["Rampage","Headbutt"],"picked":"Wild Strike","floor":8.0},{"not_picked":["Barricade","Body Slam"],"picked":"Thunderclap","floor":10.0},{"not_picked":["Rage","Iron Wave","Sentinel"],"picked":"SKIP","floor":10.0},{"not_picked":["Bloodletting","Dropkick"],"picked":"Twin Strike","floor":12.0},{"not_picked":["Feel No Pain","Heavy Blade"],"picked":"Immolate","floor":12.0},{"not_picked":["Body Slam","Rampage"],"picked":"Battle Trance","floor":13.0},{"not_picked":["Corruption","Ghostly Armor","Body Slam"],"picked":"SKIP","floor":13.0},{"not_picked":["Seeing Red","Sword Boomerang","Searing Blow"],"picked":"SKIP","floor":14.0},{"not_picked":["Barricade","Double Tap"],"picked":"Offering","floor":16.0},{"not_picked":["Clash","Warcry"],"picked":"Disarm","floor":18.0},{"not_picked":["Warcry","Immolate"],"picked":"Wild Strike+1","floor":18.0},{"not_picked":["Shrug It Off","Corruption"],"picked":"Wild Strike","floor":19.0},{"not_picked":["Iron Wave","Flex","Shrug It Off"],"picked":"SKIP","floor":19.0},{"not_picked":["Havoc","Clothesline","Headbutt"],"picked":"SKIP","floor":22.0},{"not_picked":["Cleave","Thunderclap","Iron Wave"],"picked":"SKIP","floor":22.0}],"player_experience":2520280,"relics_obtained":[{"floor":8.0,"key":"Mummified Hand"},{"floor":9.0,"key":"Prayer Wheel"},{"floor":14.0,"key":"Torii"}],"event_choices":[{"damage_healed":0.0,"max_hp_gain":0.0,"max_hp_loss":0.0,"gold_gain":0.0,"event_name":"Living Wall","player_choice":"Grow","floor":4.0,"gold_loss":0.0,"damage_taken":0.0,"cards_upgraded":["Bash"]},{"damage_healed":0.0,"max_hp_gain":0.0,"max_hp_loss":0.0,"gold_gain":0.0,"event_name":"Knowing Skull","player_choice":"","floor":20.0,"potions_obtained":[],"gold_loss":0.0,"damage_taken":8.0,"cards_obtained":[]}],"is_beta":false,"boss_relics":[{"not_picked":["Mark of Pain","Runic Pyramid"],"picked":"Coffee Dripper"}],"items_purged_floors":[],"is_endless":false,"potions_floor_spawned":[1,7,13,14,22],"killed_by":"Slavers","ascension_level":20}