{"gold_per_floor":[113,188,201,250,262,274,331,343,355,367,379,406,429,195,195,292,292,306,396,413,425,425,425,435,435,435,463,463,388,403,25,25,123,123,139,110,127,141,173,173,185,185,185,185,199,12,23,40,40,40],"floor_reached":50,"playtime":2160,"items_purged":["Strike_G"],"score":584,"play_id":"00320529-d5af-471a-b196-647431a8c15d","local_time":"20190107223014","is_ascension_mode":true,"campfire_choices":[{"data":"Deadly Poison","floor":6.0,"key":"SMITH"},{"data":"Poisoned Stab","floor":8.0,"key":"SMITH"},{"floor":11.0,"key":"REST"},{"data":"Skewer","floor":15.0,"key":"SMITH"},{"floor":23.0,"key":"REST"},{"floor":25.0,"key":"REST"},{"data":"Envenom","floor":28.0,"key":"SMITH"},{"floor":32.0,"key":"REST"},{"floor":40.0,"key":"REST"},{"data":"A Thousand Cuts","floor":42.0,"key":"SMITH"},{"floor":44.0,"key":"REST"},{"floor":49.0,"key":"REST"}],"neow_cost":"NONE","seed_source_timestamp":36128291062487,"circlet_count":0,"master_deck":["Defend_G","Defend_G","Defend_G","Strike_G","Strike_G+1","Survivor","Neutralize+1","Deadly Poison+1","Poisoned Stab+1","Toxin Wave","A Thousand Cuts+1","Skewer+1","Envenom+1","Doppelganger+1","Infinite Blades+1","Backstab+1","Caltrops+1","Backflip","Crippling Poison","Fluid Movement","Escape Plan","Sucker Punch+1","Fluid Movement","Unload","Deflect+1","ReplayTheSpireMod:Speed Training","Parasite","Dash+1","ReplayTheSpireMod:Speed Training+1","Blur+1"],"special_seed":0,"relics":["Ring of the Snake","NeowsBlessing","MawBank","Meat on the Bone","Quantum Egg","Vampiric Spirits","Astrolabe","The Courier","Pantograph","Membership Card","Replay:Rubber Ducky","Baseball","Oddly Smooth Stone","Sozu","Incense Burner","Orichalcum","Bag of Preparation","Letter Opener"],"potions_floor_usage":[],"damage_taken":[{"damage":0.0,"enemies":"Jaw Worm","floor":1.0,"turns":1.0},{"damage":0.0,"enemies":"2 Louse","floor":3.0,"turns":1.0},{"damage":0.0,"enemies":"3 Sentries","floor":7.0,"turns":1.0},{"damage":0.0,"enemies":"Cultist","floor":12.0,"turns":2.0},{"damage":0.0,"enemies":"Blue Slaver","floor":13.0,"turns":3.0},{"damage":35.0,"enemies":"Slime Boss","floor":16.0,"turns":8.0},{"damage":20.0,"enemies":"3 Byrds","floor":18.0,"turns":4.0},{"damage":19.0,"enemies":"Spheric Guardian","floor":20.0,"turns":4.0},{"damage":0.0,"enemies":"Centurion and Healer","floor":21.0,"turns":5.0},{"damage":22.0,"enemies":"Colosseum Slavers","floor":22.0,"turns":5.0},{"damage":21.0,"enemies":"Sentry and Sphere","floor":24.0,"turns":6.0},{"damage":38.0,"enemies":"Slavers","floor":27.0,"turns":7.0},{"damage":30.0,"enemies":"Snecko","floor":30.0,"turns":6.0},{"damage":59.0,"enemies":"Automaton","floor":33.0,"turns":9.0},{"damage":25.0,"enemies":"3 Darklings","floor":35.0,"turns":5.0},{"damage":2.0,"enemies":"3 Shapes","floor":37.0,"turns":4.0},{"damage":20.0,"enemies":"Writhing Mass","floor":38.0,"turns":7.0},{"damage":8.0,"enemies":"Maw","floor":41.0,"turns":7.0},{"damage":18.0,"enemies":"Sphere and 2 Shapes","floor":45.0,"turns":4.0},{"damage":0.0,"enemies":"4 Shapes","floor":47.0,"turns":3.0},{"damage":27.0,"enemies":"3 Darklings","floor":48.0,"turns":3.0},{"damage":76,"enemies":"Awakened One","floor":50,"turns":14}],"seed_played":"288223916348685000","potions_obtained":[{"floor":1.0,"key":"Block Potion"},{"floor":3.0,"key":"Fire Potion"},{"floor":21.0,"key":"Weak Potion"},{"floor":30.0,"key":"Venom Potion"}],"is_trial":false,"path_per_floor":["M","?","M","T","?","R","E","R","T","?","R","M","M","$","R","B",null,"M","?","M","M","?","R","M","R","T","E","R","?","M","$","R","B",null,"M","$","M","M","?","R","M","R","T","R","M","$","M","M","R","B"],"character_chosen":"THE_SILENT","items_purchased":["Fruit Juice","Skewer","Membership Card","Sucker Punch+1","Replay:Rubber Ducky","Baseball","Oddly Smooth Stone","Fluid Movement","ReplayTheSpireMod:Speed Training","ReplayTheSpireMod:Speed Training+1","Bag of Preparation","Letter Opener"],"campfire_rested":7,"item_purchase_floors":[14,14,31,31,31,31,31,31,36,46,46,46],"current_hp_per_floor":[70,59,59,59,45,45,45,45,45,42,63,66,67,67,67,44,70,50,36,29,39,35,57,39,61,61,42,42,42,30,30,52,28,75,50,50,51,46,28,50,45,45,45,67,49,49,52,40,62,0],"gold":40,"neow_bonus":"THREE_ENEMY_KILL","is_prod":false,"is_daily":false,"chose_seed":false,"campfire_upgraded":5,"win_rate":0,"timestamp":1546889414,"path_taken":["M","?","M","?","?","R","E","R","T","?","R","M","M","$","R","BOSS","M","?","?","M","?","R","M","R","T","E","R","?","M","$","R","BOSS","M","$","M","M","?","R","?","R","T","R","M","$","M","M","R","BOSS"],"build_version":"2019-01-03v4","purchased_purges":1,"victory":false,"max_hp_per_floor":[70,70,70,70,70,70,70,70,70,70,70,70,70,70,70,70,70,70,70,70,75,75,75,75,75,75,75,75,75,75,75,75,75,75,75,75,75,75,75,75,75,75,75,75,75,75,75,75,75,75],"card_choices":[{"not_picked":["ReplayTheSpireMod:Exploit Weakness","Underhanded Strike","Slice"],"picked":"SKIP","floor":1.0},{"not_picked":["Underhanded Strike","Deflect"],"picked":"Deadly Poison","floor":3.0},{"not_picked":["Underhanded Strike","Hidden Blade"],"picked":"Poisoned Stab","floor":7.0},{"not_picked":["Draining Mist","Prepared","Toxin Wave"],"picked":"SKIP","floor":12.0},{"not_picked":["Draining Mist","Prepared"],"picked":"Toxin Wave","floor":12.0},{"not_picked":["Dodge and Roll","Accuracy"],"picked":"A Thousand Cuts","floor":13.0},{"not_picked":["Malaise","A Thousand Cuts"],"picked":"Envenom","floor":16.0},{"not_picked":["Quick Slash","Predator"],"picked":"Caltrops+1","floor":18.0},{"not_picked":["Predator","Quick Slash"],"picked":"Backflip","floor":20.0},{"not_picked":["Poisoned Stab","Deadly Poison"],"picked":"Crippling Poison","floor":21.0},{"not_picked":["Reflex","Hidden Blade","Calculated Gamble"],"picked":"SKIP","floor":24.0},{"not_picked":["Predator","Eviscerate"],"picked":"Fluid Movement","floor":27.0},{"not_picked":["Deflect","Deadly Poison"],"picked":"Escape Plan","floor":30.0},{"not_picked":["A Thousand Cuts","Poison Darts"],"picked":"Unload","floor":33.0},{"not_picked":["Dagger Spray","Caltrops"],"picked":"Deflect+1","floor":35.0},{"not_picked":["Tactician+1","Slice+1","Dodge and Roll"],"picked":"SKIP","floor":37.0},{"not_picked":["Quick Slash","Backflip","Riddle With Holes"],"picked":"SKIP","floor":38.0},{"not_picked":["Reflex+1","Bouncing Flask","Sucker Punch"],"picked":"SKIP","floor":41.0},{"not_picked":["Bane","Reflex+1"],"picked":"Dash+1","floor":45.0},{"not_picked":["Dagger Throw+1","Hidden Blade+1"],"picked":"Blur+1","floor":47.0},{"not_picked":["Outmaneuver","Quick Slash","ReplayTheSpireMod:Shiv Toss+1"],"picked":"SKIP","floor":48.0}],"player_experience":663071,"relics_obtained":[{"floor":4.0,"key":"MawBank"},{"floor":7.0,"key":"Meat on the Bone"},{"floor":9.0,"key":"Quantum Egg"},{"floor":26.0,"key":"The Courier"},{"floor":27.0,"key":"Pantograph"},{"floor":39.0,"key":"Incense Burner"},{"floor":43.0,"key":"Orichalcum"}],"event_choices":[{"damage_healed":0.0,"max_hp_gain":0.0,"max_hp_loss":0.0,"gold_gain":75.0,"event_name":"World of Goop","player_choice":"Gather Gold","floor":2.0,"gold_loss":0.0,"damage_taken":11.0},{"damage_healed":0.0,"max_hp_gain":0.0,"max_hp_loss":0.0,"gold_gain":0.0,"event_name":"Shining Light","player_choice":"Entered Light","floor":5.0,"gold_loss":0.0,"damage_taken":14.0,"cards_upgraded":["Strike_G","Neutralize"]},{"damage_healed":0.0,"max_hp_gain":0.0,"max_hp_loss":0.0,"gold_gain":0.0,"event_name":"Scrap Ooze","player_choice":"Success","floor":10.0,"gold_loss":0.0,"damage_taken":3.0,"relics_obtained":["Vampiric Spirits"]},{"damage_healed":0.0,"max_hp_gain":0.0,"max_hp_loss":0.0,"gold_gain":90.0,"event_name":"Knowing Skull","player_choice":"GOLD ","floor":19.0,"potions_obtained":[],"gold_loss":0.0,"damage_taken":14.0,"cards_obtained":[]},{"damage_healed":0.0,"max_hp_gain":0.0,"max_hp_loss":0.0,"gold_gain":0.0,"event_name":"Colosseum","player_choice":"Fight","floor":22.0,"gold_loss":0.0,"damage_taken":0.0},{"damage_healed":0.0,"max_hp_gain":0.0,"max_hp_loss":0.0,"gold_gain":0.0,"event_name":"Colosseum","player_choice":"Fled From Nobs","floor":22.0,"gold_loss":0.0,"damage_taken":0.0},{"cards_removed":["Defend_G"],"damage_healed":0.0,"max_hp_gain":0.0,"max_hp_loss":0.0,"gold_gain":0.0,"event_name":"Beggar","player_choice":"Gave Gold","floor":29.0,"gold_loss":75.0,"damage_taken":0.0}],"is_beta":false,"boss_relics":[{"not_picked":["Kintsugi","Tiny House"],"picked":"Astrolabe"},{"not_picked":["Fusion Hammer","Runic Dome"],"picked":"Sozu"}],"items_purged_floors":[14],"is_endless":false,"potions_floor_spawned":[1,3,16,20,21,30,37,38,41,48],"killed_by":"Awakened One","ascension_level":4}