{"gold_per_floor":[115,115,115,134,134,134,172,195,195,195,230,3,24,24],"floor_reached":14,"playtime":472,"items_purged":["Strike_B"],"score":118,"play_id":"db318f3f-ea6b-4c87-9375-9b7b230ebe55","local_time":"20180826092411","is_ascension_mode":true,"campfire_choices":[{"data":"Gash","floor":6.0,"key":"SMITH"}],"neow_cost":"","seed_source_timestamp":0,"circlet_count":0,"master_deck":["Strike_B","Strike_B","Defend_B","Defend_B","Defend_B","Defend_B","Zap","Dualcast","Sweeping Beam","Gash+1","Genetic Algorithm","Gash","Beam Cell","Gash","Coolheaded","Hello World","Force Field"],"special_seed":0,"relics":["Cracked Core","Golden Idol","Bag of Preparation","Matryoshka","Mercury Hourglass","Bronze Scales","Letter Opener"],"potions_floor_usage":[],"damage_taken":[{"damage":8.0,"enemies":"2 Louse","floor":1.0,"turns":3.0},{"damage":1.0,"enemies":"Cultist","floor":4.0,"turns":3.0},{"damage":38.0,"enemies":"3 Sentries","floor":7.0,"turns":9.0},{"damage":6.0,"enemies":"Jaw Worm","floor":8.0,"turns":2.0},{"damage":32.0,"enemies":"Lagavulin","floor":11.0,"turns":5.0},{"damage":0.0,"enemies":"2 Fungi Beasts","floor":13.0,"turns":2.0},{"damage":13,"enemies":"3 Sentries","floor":14,"turns":2}],"seed_played":"2348434431839069417","potions_obtained":[{"floor":2.0,"key":"Regen Potion"},{"floor":2.0,"key":"Block Potion"},{"floor":2.0,"key":"SneckoOil"},{"floor":7.0,"key":"Swift Potion"},{"floor":13.0,"key":"Dexterity Potion"}],"is_trial":false,"path_per_floor":["M","?","?","M","?","R","E","M","T","T","E","$","M"],"character_chosen":"DEFECT","items_purchased":["Gash","Coolheaded","Hello World"],"campfire_rested":0,"item_purchase_floors":[12,12,12],"current_hp_per_floor":[67,67,67,66,66,66,43,37,37,37,5,5,5,0],"gold":24,"neow_bonus":"","is_prod":false,"is_daily":false,"chose_seed":false,"campfire_upgraded":1,"win_rate":0,"timestamp":1535300651,"path_taken":["M","?","?","M","?","R","E","M","T","?","E","$","M","E"],"build_version":"2018-08-23v2","purchased_purges":1,"victory":false,"max_hp_per_floor":[75,75,69,69,69,69,69,69,69,69,69,69,69,69],"card_choices":[{"not_picked":["Compile Driver","Aggregate"],"picked":"Sweeping Beam","floor":1.0},{"not_picked":["Turbo","Coolheaded"],"picked":"Gash","floor":4.0},{"not_picked":["Rip and Tear","Barrage"],"picked":"Genetic Algorithm","floor":7.0},{"not_picked":["Turbo","Coolheaded"],"picked":"Gash","floor":8.0},{"not_picked":["Meteor Strike","Capacitor"],"picked":"Beam Cell","floor":11.0},{"not_picked":["Coolheaded","Reprogram"],"picked":"Force Field","floor":13.0}],"player_experience":198371,"relics_obtained":[{"floor":7.0,"key":"Bag of Preparation"},{"floor":9.0,"key":"Matryoshka"},{"floor":10.0,"key":"Mercury Hourglass"},{"floor":10.0,"key":"Bronze Scales"},{"floor":11.0,"key":"Letter Opener"}],"event_choices":[{"event_name":"The Lab","player_choice":"Got Potions","floor":2.0,"damage_taken":0.0},{"event_name":"Golden Idol","player_choice":"Lose Max HP","floor":3.0,"damage_taken":0.0},{"event_name":"Purifier","player_choice":"One Purge","floor":5.0,"damage_taken":0.0}],"is_beta":false,"boss_relics":[],"items_purged_floors":[12],"is_endless":false,"potions_floor_spawned":[7,13],"killed_by":"3 Sentries","ascension_level":4}