{"gold_per_floor":[118,131,56,56,56,86,86,100,100,375,391,391],"floor_reached":12,"playtime":292,"items_purged":["Defend_G"],"score":78,"play_id":"80166674-e7da-4b9a-8b91-887acc3f3bac","local_time":"20190711161929","is_ascension_mode":false,"campfire_choices":[{"floor":7,"key":"RECALL"}],"neow_cost":"NONE","seed_source_timestamp":2820208155496,"circlet_count":0,"master_deck":["Strike_G","Strike_G","Strike_G","Strike_G","Strike_G","Defend_G","Defend_G","Defend_G","Defend_G","Survivor","Neutralize+1","Noxious Fumes","Tactician","Regret","Regret"],"relics":["Cursed Key","Question Card","Smiling Mask"],"potions_floor_usage":[6,12,12],"damage_taken":[{"damage":0,"enemies":"2 Louse","floor":1,"turns":2},{"damage":5,"enemies":"Cultist","floor":2,"turns":4},{"damage":37,"enemies":"Gremlin Nob","floor":6,"turns":7},{"damage":0,"enemies":"Jaw Worm","floor":8,"turns":3},{"damage":19,"enemies":"Red Slaver","floor":11,"turns":6},{"damage":9,"enemies":"Lagavulin","floor":12,"turns":3}],"seed_played":"1017107814360503489","potions_obtained":[{"floor":2,"key":"Block Potion"},{"floor":8,"key":"Dexterity Potion"},{"floor":11,"key":"AttackPotion"}],"is_trial":false,"path_per_floor":["M","M","$","?","$","E","R","M","T","?","M","E"],"character_chosen":"THE_SILENT","items_purchased":[],"campfire_rested":0,"item_purchase_floors":[],"current_hp_per_floor":[70,65,65,65,65,28,28,28,28,28,9,0],"gold":391,"neow_bonus":"BOSS_RELIC","is_prod":false,"is_daily":false,"chose_seed":false,"campfire_upgraded":0,"win_rate":0,"timestamp":1562887169,"path_taken":["M","M","$","?","?","E","R","?","T","?","M","E"],"build_version":"2019-07-05","purchased_purges":1,"victory":false,"max_hp_per_floor":[70,70,70,70,70,70,70,70,70,70,70,70],"card_choices":[{"not_picked":["Slice","Expertise","Blade Dance"],"picked":"SKIP","floor":1},{"not_picked":["Masterful Stab","Calculated Gamble","Flying Knee"],"picked":"SKIP","floor":2},{"not_picked":["Prepared","Calculated Gamble"],"picked":"Noxious Fumes","floor":6},{"not_picked":["Calculated Gamble","PiercingWail","Dagger Spray"],"picked":"Tactician","floor":8},{"not_picked":["Backflip","Bullet Time","Outmaneuver","Flying Knee"],"picked":"SKIP","floor":11}],"player_experience":556105,"relics_obtained":[{"floor":6,"key":"Question Card"},{"floor":9,"key":"Smiling Mask"}],"event_choices":[{"damage_healed":0,"gold_gain":0,"player_choice":"Upgraded","damage_taken":0,"max_hp_gain":0,"max_hp_loss":0,"event_name":"Upgrade Shrine","floor":4,"gold_loss":0,"cards_upgraded":["Neutralize"]},{"damage_healed":0,"gold_gain":275,"player_choice":"Desecrate","damage_taken":0,"max_hp_gain":0,"max_hp_loss":0,"event_name":"Golden Shrine","floor":10,"gold_loss":0,"cards_obtained":["Regret"]}],"is_beta":false,"boss_relics":[],"items_purged_floors":[3],"is_endless":false,"potions_floor_spawned":[2,8,11],"killed_by":"Lagavulin","ascension_level":0}