{"gold_per_floor":[111,111,123,134,134,165,16,16,39,39,73,85,85,103,103,198,198,213,227,227],"floor_reached":20,"playtime":1475,"items_purged":["Strike_R"],"score":255,"play_id":"8f25f724-2224-408c-a9b8-f5597e843219","local_time":"20190714131254","is_ascension_mode":true,"campfire_choices":[{"data":"Rampage","floor":13,"key":"SMITH"},{"data":"Spot Weakness","floor":15,"key":"SMITH"}],"neow_cost":"NONE","seed_source_timestamp":149645019908600,"circlet_count":0,"master_deck":["Strike_R","Strike_R","Strike_R","Defend_R","Defend_R","Defend_R","Defend_R","Bash","Cleave+1","Clothesline","Feed+1","Spot Weakness+1","Ghostly Armor","Rampage+1","Burning Pact","Battle Trance","Flex","Feel No Pain","Demon Form","Inflame+1"],"relics":["Burning Blood","Bag of Preparation","Potion Belt","Whetstone","Black Star"],"potions_floor_usage":[16,16,20],"damage_taken":[{"damage":4,"enemies":"Small Slimes","floor":1,"turns":3},{"damage":4,"enemies":"Jaw Worm","floor":3,"turns":3},{"damage":1,"enemies":"Cultist","floor":4,"turns":3},{"damage":31,"enemies":"Gremlin Nob","floor":6,"turns":4},{"damage":20,"enemies":"3 Sentries","floor":11,"turns":7},{"damage":6,"enemies":"3 Louse","floor":12,"turns":3},{"damage":13,"enemies":"Lots of Slimes","floor":14,"turns":4},{"damage":47,"enemies":"The Guardian","floor":16,"turns":12},{"damage":28,"enemies":"2 Thieves","floor":18,"turns":4},{"damage":14,"enemies":"Chosen","floor":19,"turns":4},{"damage":53,"enemies":"Snake Plant","floor":20,"turns":6}],"seed_played":"-7625549851326045951","potions_obtained":[{"floor":4,"key":"GamblersBrew"},{"floor":11,"key":"FearPotion"},{"floor":14,"key":"AttackPotion"},{"floor":18,"key":"Weak Potion"},{"floor":19,"key":"Swift Potion"}],"is_trial":false,"path_per_floor":["M","?","M","M","?","E","$","?","T","$","E","M","R","M","R","B",null,"M","M","M"],"character_chosen":"IRONCLAD","items_purchased":["Burning Pact"],"campfire_rested":0,"item_purchase_floors":[7],"current_hp_per_floor":[80,80,83,86,86,64,64,69,69,69,58,62,62,59,59,18,83,61,53,0],"gold":227,"neow_bonus":"THREE_CARDS","is_prod":false,"is_daily":false,"chose_seed":false,"campfire_upgraded":2,"win_rate":0,"timestamp":1563124374,"path_taken":["M","?","M","M","?","E","$","?","T","?","E","M","R","M","R","BOSS","M","?","M"],"build_version":"2019-07-05","purchased_purges":1,"victory":false,"max_hp_per_floor":[80,80,83,86,86,89,89,94,94,94,97,101,101,105,105,105,105,105,105,105],"card_choices":[{"not_picked":["Perfected Strike","Spot Weakness"],"picked":"Cleave","floor":0},{"not_picked":["Bloodletting","Heavy Blade"],"picked":"Clothesline","floor":1},{"not_picked":["Blood for Blood","Armaments"],"picked":"Spot Weakness","floor":3},{"not_picked":["Infernal Blade","Pommel Strike"],"picked":"Ghostly Armor","floor":4},{"not_picked":["Shockwave","Twin Strike"],"picked":"Rampage","floor":6},{"not_picked":["Second Wind","Rampage"],"picked":"Battle Trance","floor":11},{"not_picked":["Twin Strike","Brutality"],"picked":"Flex","floor":12},{"not_picked":["Infernal Blade","Warcry"],"picked":"Feel No Pain","floor":14},{"not_picked":["Offering","Dark Embrace"],"picked":"Demon Form","floor":16},{"not_picked":["Clash","Anger","Cleave"],"picked":"SKIP","floor":18},{"not_picked":["Blood for Blood","Bloodletting"],"picked":"Inflame+1","floor":19}],"player_experience":474605,"relics_obtained":[{"floor":6,"key":"Bag of Preparation"},{"floor":9,"key":"Potion Belt"},{"floor":11,"key":"Whetstone"}],"event_choices":[{"damage_healed":0,"gold_gain":0,"cards_transformed":["Strike_R"],"player_choice":"Change","damage_taken":0,"max_hp_gain":0,"max_hp_loss":0,"event_name":"Living Wall","floor":2,"gold_loss":0,"cards_obtained":["Feed"]},{"damage_healed":0,"gold_gain":0,"player_choice":"Ignored","damage_taken":0,"max_hp_gain":0,"max_hp_loss":0,"event_name":"Liars Game","floor":5,"gold_loss":0},{"damage_healed":0,"gold_gain":0,"player_choice":"Donut","damage_taken":0,"max_hp_gain":5,"max_hp_loss":0,"event_name":"Big Fish","floor":8,"gold_loss":0}],"is_beta":false,"boss_relics":[{"not_picked":["Runic Dome","Lizard Tail"],"picked":"Black Star"}],"items_purged_floors":[7],"is_endless":false,"potions_floor_spawned":[4,11,14,18,19],"killed_by":"Snake Plant","ascension_level":5}