{"gold_per_floor":[116,116,116,128,128,128,157,157,157,185,196,196,209,269,269,269],"floor_reached":16,"playtime":472,"items_purged":[],"score":189,"play_id":"1332c675-8a22-415c-9de3-354780f2d3b5","local_time":"20180830002503","is_ascension_mode":true,"campfire_choices":[{"data":"Zap","floor":6,"key":"SMITH"},{"floor":8,"key":"REST"},{"floor":15,"key":"REST"}],"neow_cost":"NONE","seed_source_timestamp":32478045920619,"circlet_count":0,"master_deck":["Strike_B","Strike_B","Strike_B","Defend_B","Defend_B","Defend_B","Defend_B","Zap+1","Dualcast","AscendersBane","BootSequence","Conserve Battery","Glacier","Seek","Melter","Streamline"],"relics":["Cracked Core","Sundial","Centennial Puzzle","Juzu Bracelet","Vajra","Pen Nib"],"potions_floor_usage":[],"damage_taken":[{"damage":8,"enemies":"2 Louse","floor":1,"turns":4},{"damage":0,"enemies":"Cultist","floor":4,"turns":4},{"damage":46,"enemies":"Gremlin Nob","floor":7,"turns":5},{"damage":24,"enemies":"3 Sentries","floor":10,"turns":12},{"damage":0,"enemies":"Jaw Worm","floor":11,"turns":3},{"damage":2,"enemies":"Blue Slaver","floor":13,"turns":3},{"damage":34,"enemies":"The Guardian","floor":16,"turns":11}],"seed_played":"-3933173907527450439","potions_obtained":[{"floor":10,"key":"SpeedPotion"},{"floor":11,"key":"FearPotion"}],"is_trial":false,"path_per_floor":["M","?","?","M","?","R","E","R","T","E","M","?","M","?","R"],"character_chosen":"DEFECT","items_purchased":[],"campfire_rested":2,"item_purchase_floors":[],"current_hp_per_floor":[56,56,61,61,61,61,15,37,37,13,13,13,11,11,33,0],"gold":269,"neow_bonus":"TRANSFORM_CARD","is_prod":false,"is_daily":false,"chose_seed":false,"campfire_upgraded":1,"win_rate":0,"timestamp":1535577903,"path_taken":["M","?","?","M","?","R","E","R","T","E","M","?","M","?","R","BOSS"],"build_version":"2018-08-23v2","purchased_purges":0,"victory":false,"max_hp_per_floor":[71,71,76,76,76,76,76,76,76,76,76,76,76,76,76,76],"card_choices":[{"not_picked":["Rebound","Coolheaded"],"picked":"Conserve Battery","floor":1},{"not_picked":["Redo","Conserve Battery","Turbo"],"picked":"SKIP","floor":4},{"not_picked":["Tempest","Cold Snap"],"picked":"Glacier","floor":7},{"not_picked":["BootSequence","Stack"],"picked":"Seek","floor":10},{"not_picked":["Static Discharge","Stack"],"picked":"Melter","floor":11},{"not_picked":["Barrage","Rebound"],"picked":"Streamline","floor":13}],"player_experience":449731,"relics_obtained":[{"floor":2,"key":"Sundial"},{"floor":7,"key":"Centennial Puzzle"},{"floor":9,"key":"Juzu Bracelet"},{"floor":10,"key":"Vajra"}],"event_choices":[{"event_name":"Wheel of Change","player_choice":"Relic","floor":2,"damage_taken":0},{"event_name":"Big Fish","player_choice":"Donut","floor":3,"damage_taken":0},{"event_name":"Liars Game","player_choice":"disagreed","floor":5,"damage_taken":0},{"event_name":"Accursed Blacksmith","player_choice":"Rummage","floor":12,"damage_taken":0},{"event_name":"Golden Wing","player_choice":"Gained Gold","floor":14,"damage_taken":0}],"is_beta":false,"boss_relics":[],"items_purged_floors":[],"is_endless":false,"potions_floor_spawned":[10,11,13],"killed_by":"The Guardian","ascension_level":15}