{"gold_per_floor":[110,121,121,134,152,177,177,190,190,190,203,203,233,248,248,248],"floor_reached":16,"playtime":452,"items_purged":[],"score":137,"play_id":"396823ed-655d-4ccd-ab72-109f49a1eee9","local_time":"20180813042811","is_ascension_mode":true,"campfire_choices":[{"floor":7,"key":"REST"},{"floor":10,"key":"REST"},{"floor":12,"key":"REST"},{"data":"Well Laid Plans","floor":15,"key":"SMITH"}],"neow_cost":"NONE","seed_source_timestamp":44549601914342,"circlet_count":0,"master_deck":["Defend_G","Defend_G","Defend_G","Defend_G","Defend_G+1","Strike_G","Strike_G","Strike_G","Strike_G","Strike_G+1","Survivor","Neutralize","Backflip","Dash","PiercingWail","Deflect","Well Laid Plans+1","Dagger Spray","Noxious Fumes"],"special_seed":0,"relics":["Ring of the Snake","NeowsBlessing","Centennial Puzzle","Pen Nib","Bronze Scales"],"potions_floor_usage":[6,6,16],"damage_taken":[{"damage":0.0,"enemies":"2 Louse","floor":1.0,"turns":1.0},{"damage":0.0,"enemies":"Small Slimes","floor":2.0,"turns":1.0},{"damage":0.0,"enemies":"Jaw Worm","floor":4.0,"turns":1.0},{"damage":12.0,"enemies":"Gremlin Gang","floor":5.0,"turns":6.0},{"damage":30,"enemies":"Gremlin Nob","floor":6,"turns":6},{"damage":20,"enemies":"Large Slime","floor":8,"turns":7},{"damage":0,"enemies":"3 Louse","floor":11,"turns":4},{"damage":20,"enemies":"Lagavulin","floor":13,"turns":8},{"damage":1,"enemies":"Looter","floor":14,"turns":3},{"damage":22,"enemies":"The Guardian","floor":16,"turns":3}],"seed_played":"-7255686493995466417","potions_obtained":[{"floor":1.0,"key":"Strength Potion"},{"floor":5.0,"key":"Block Potion"},{"floor":6,"key":"Block Potion"},{"floor":11,"key":"PowerPotion"}],"is_trial":false,"path_per_floor":["M","M","?","M","M","E","R","M","T","R","M","R","E","M","R"],"character_chosen":"THE_SILENT","items_purchased":[],"campfire_rested":3,"item_purchase_floors":[],"current_hp_per_floor":[70,70,56,56,44,14,35,15,15,36,36,57,37,36,36,14],"gold":248,"neow_bonus":"THREE_ENEMY_KILL","is_prod":false,"is_daily":false,"chose_seed":false,"campfire_upgraded":1,"win_rate":0,"timestamp":1534123691,"path_taken":["M","M","?","?","M","E","R","M","T","R","M","R","E","M","R","BOSS"],"build_version":"2018-08-09","purchased_purges":0,"victory":false,"max_hp_per_floor":[70,70,70,70,70,70,70,70,70,70,70,70,70,70,70,70],"card_choices":[{"not_picked":["Calculated Gamble","PiercingWail"],"picked":"Backflip","floor":1.0},{"not_picked":["Blade Dance","Dagger Spray"],"picked":"Dash","floor":2.0},{"not_picked":["Slice","Flechettes","PiercingWail"],"picked":"SKIP","floor":4.0},{"not_picked":["Slice","Flechettes"],"picked":"PiercingWail","floor":4.0},{"not_picked":["All Out Attack","Blade Dance","Backflip"],"picked":"SKIP","floor":5.0},{"not_picked":["Acrobatics","Dodge and Roll"],"picked":"Deflect","floor":6},{"not_picked":["Finisher","Masterful Stab"],"picked":"Well Laid Plans","floor":8},{"not_picked":["Outmaneuver","Prepared"],"picked":"Dagger Spray","floor":11},{"not_picked":["Catalyst","Dagger Spray","Underhanded Strike"],"picked":"SKIP","floor":13},{"not_picked":["Quick Slash","Poisoned Stab"],"picked":"Noxious Fumes","floor":14}],"player_experience":420684,"relics_obtained":[{"floor":6,"key":"Centennial Puzzle"},{"floor":9,"key":"Pen Nib"},{"floor":13,"key":"Bronze Scales"}],"event_choices":[{"event_name":"Shining Light","player_choice":"Entered Light","floor":3.0,"damage_taken":0.0}],"is_beta":false,"boss_relics":[],"items_purged_floors":[],"is_endless":false,"potions_floor_spawned":[1,5,6,11],"killed_by":"The Guardian","ascension_level":4}