{"gold_per_floor":[109,109,127,142,32,32,32,32,32,32,52,52,77,95,95,95],"floor_reached":16,"playtime":444,"items_purged":["Strike_G"],"score":193,"play_id":"70d6c263-1734-480e-a476-05ceb8eac111","local_time":"20190621005456","is_ascension_mode":true,"campfire_choices":[{"data":"Neutralize","floor":6,"key":"SMITH"},{"data":"Terror","floor":15,"key":"SMITH"}],"neow_cost":"NONE","seed_source_timestamp":60783713012412,"circlet_count":0,"master_deck":["AscendersBane","Defend_G","Defend_G","Defend_G","Defend_G","Defend_G","Strike_G","Strike_G","Strike_G","Strike_G","Survivor","Neutralize+1","Leg Sweep","Deflect","Poisoned Stab+1","Escape Plan","Terror+1"],"relics":["Ring of the Snake","Bronze Scales","Frozen Egg 2","Regal Pillow"],"potions_floor_usage":[8,13,16,16],"damage_taken":[{"damage":0,"enemies":"2 Louse","floor":1,"turns":3},{"damage":2,"enemies":"Cultist","floor":3,"turns":4},{"damage":1,"enemies":"Small Slimes","floor":4,"turns":4},{"damage":0,"enemies":"Gremlin Nob","floor":8,"turns":2},{"damage":4,"enemies":"3 Louse","floor":11,"turns":3},{"damage":18,"enemies":"3 Sentries","floor":13,"turns":9},{"damage":2,"enemies":"2 Fungi Beasts","floor":14,"turns":5},{"damage":43,"enemies":"Slime Boss","floor":16,"turns":6}],"seed_played":"-5159438674303216028","potions_obtained":[{"floor":2,"key":"SmokeBomb"},{"floor":2,"key":"FairyPotion"},{"floor":4,"key":"LiquidBronze"},{"floor":11,"key":"Explosive Potion"},{"floor":13,"key":"SkillPotion"}],"is_trial":false,"path_per_floor":["M","?","M","M","$","R","?","E","T","$","M","?","E","M","R","B"],"character_chosen":"THE_SILENT","items_purchased":["Escape Plan"],"campfire_rested":0,"item_purchase_floors":[5],"current_hp_per_floor":[59,59,57,56,56,56,56,56,56,56,52,52,34,32,32,0],"gold":95,"neow_bonus":"RANDOM_COMMON_RELIC","is_prod":false,"is_daily":false,"chose_seed":false,"campfire_upgraded":2,"win_rate":0,"timestamp":1561067696,"path_taken":["M","?","M","?","?","R","?","E","T","$","M","?","E","M","R","BOSS"],"build_version":"2019-01-23","purchased_purges":1,"victory":false,"max_hp_per_floor":[66,66,66,66,66,66,66,66,66,66,66,66,66,66,66,66],"card_choices":[{"not_picked":["Dodge and Roll","Choke"],"picked":"Leg Sweep","floor":1},{"not_picked":["Poisoned Stab","PiercingWail"],"picked":"Deflect","floor":3},{"not_picked":["Prepared","Bane"],"picked":"Poisoned Stab","floor":4},{"not_picked":["Choke","Dodge and Roll","Acrobatics"],"picked":"SKIP","floor":11},{"not_picked":["Dodge and Roll","Night Terror","Accuracy+1"],"picked":"SKIP","floor":13},{"not_picked":["Poisoned Stab","Dagger Spray"],"picked":"Terror","floor":14}],"player_experience":987874,"relics_obtained":[{"floor":9,"key":"Frozen Egg 2"},{"floor":13,"key":"Regal Pillow"}],"event_choices":[{"damage_healed":0,"gold_gain":0,"player_choice":"Got Potions","damage_taken":0,"max_hp_gain":0,"max_hp_loss":0,"event_name":"Lab","floor":2,"gold_loss":0},{"damage_healed":0,"gold_gain":0,"player_choice":"Leave","damage_taken":0,"max_hp_gain":0,"max_hp_loss":0,"event_name":"The Cleric","floor":7,"gold_loss":0},{"damage_healed":0,"gold_gain":0,"player_choice":"Grow","damage_taken":0,"max_hp_gain":0,"max_hp_loss":0,"event_name":"Living Wall","floor":12,"gold_loss":0,"cards_upgraded":["Poisoned Stab"]}],"is_beta":false,"boss_relics":[],"items_purged_floors":[5],"is_endless":false,"potions_floor_spawned":[4,11,13,14],"killed_by":"Slime Boss","ascension_level":15}