{"gold_per_floor":[110,185,197,197,122,153,53,53,53,86,104,126,139,65,65,166,166,176,202,117,117,135,170,170],"floor_reached":24,"playtime":876,"items_purged":["Strike_R","Strike_R"],"score":247,"play_id":"16858ce3-c9ad-444f-8840-5be00c1846e8","local_time":"20190712001923","is_ascension_mode":false,"campfire_choices":[{"data":"Bash","floor":8.0,"key":"SMITH"},{"data":"Whirlwind","floor":15.0,"key":"SMITH"}],"neow_cost":"NONE","seed_source_timestamp":18902164812969,"circlet_count":0,"master_deck":["Bash+1","Whirlwind+1","Dropkick","Fire Breathing","Headbutt","Battle Trance","Infernal Blade","Inflame","Feel No Pain","True Grit"],"special_seed":0,"relics":["Burning Blood","NeowsBlessing","Anchor","Bag of Preparation","Odd Mushroom","Pandora\u0027s Box","Red Mask","Centennial Puzzle","Potion Belt"],"potions_floor_usage":[16,16],"damage_taken":[{"damage":0.0,"enemies":"Small Slimes","floor":1.0,"turns":1.0},{"damage":0.0,"enemies":"Cultist","floor":3.0,"turns":1.0},{"damage":0.0,"enemies":"3 Sentries","floor":6.0,"turns":1.0},{"damage":27.0,"enemies":"Gremlin Nob","floor":10.0,"turns":4.0},{"damage":0.0,"enemies":"2 Louse","floor":11.0,"turns":2.0},{"damage":16.0,"enemies":"The Mushroom Lair","floor":12.0,"turns":5.0},{"damage":1.0,"enemies":"2 Fungi Beasts","floor":13.0,"turns":3.0},{"damage":43,"enemies":"The Guardian","floor":16,"turns":14},{"damage":0,"enemies":"Chosen","floor":18,"turns":3},{"damage":10,"enemies":"Masked Bandits","floor":19,"turns":3},{"damage":6,"enemies":"3 Byrds","floor":22,"turns":3},{"damage":45,"enemies":"Gremlin Leader","floor":23,"turns":7},{"damage":40,"enemies":"Snecko","floor":24,"turns":5}],"seed_played":"-4295450349215125813","potions_obtained":[{"floor":1.0,"key":"Ancient Potion"},{"floor":6.0,"key":"FearPotion"},{"floor":11.0,"key":"SkillPotion"},{"floor":22,"key":"Strength Potion"}],"is_trial":false,"path_per_floor":["M","?","M","?","$","E","$","R","T","E","M","?","M","$","R","B",null,"M","?","?","?","M","E","M"],"character_chosen":"IRONCLAD","items_purchased":["Dropkick"],"campfire_rested":0,"item_purchase_floors":[14],"current_hp_per_floor":[80,72,78,62,62,68,68,68,68,47,53,43,48,48,48,11,80,80,76,76,76,76,37,0],"gold":170,"neow_bonus":"THREE_ENEMY_KILL","is_prod":false,"is_daily":false,"chose_seed":false,"campfire_upgraded":2,"win_rate":0,"timestamp":1562915963,"path_taken":["M","?","?","?","$","E","$","R","T","E","M","?","M","?","R","BOSS","M","?","?","?","M","E","M"],"build_version":"2019-07-05","purchased_purges":2,"victory":false,"max_hp_per_floor":[80,80,80,80,80,80,80,80,80,80,80,80,80,80,80,80,80,80,80,80,80,80,80,80],"card_choices":[{"not_picked":["Hemokinesis","Bloodletting","Clash"],"picked":"SKIP","floor":1.0},{"not_picked":["Headbutt","Combust","Uppercut"],"picked":"SKIP","floor":3.0},{"not_picked":["Anger","Body Slam","Heavy Blade"],"picked":"SKIP","floor":6.0},{"not_picked":["Thunderclap","Feel No Pain","Blood for Blood"],"picked":"SKIP","floor":10.0},{"not_picked":["Perfected Strike","Fire Breathing","Flex"],"picked":"SKIP","floor":11.0},{"not_picked":["True Grit","Cleave"],"picked":"Whirlwind","floor":13.0},{"not_picked":["Sentinel","Pommel Strike","Heavy Blade"],"picked":"SKIP","floor":18},{"not_picked":["Perfected Strike+1","Flex","Rupture+1"],"picked":"SKIP","floor":22},{"not_picked":["Havoc","Blood for Blood+1","Evolve"],"picked":"SKIP","floor":23}],"player_experience":562237,"relics_obtained":[{"floor":6.0,"key":"Anchor"},{"floor":10.0,"key":"Bag of Preparation"},{"floor":12.0,"key":"Odd Mushroom"},{"floor":19,"key":"Red Mask"},{"floor":23,"key":"Potion Belt"}],"event_choices":[{"damage_healed":0.0,"max_hp_gain":0.0,"max_hp_loss":0.0,"gold_gain":75.0,"event_name":"FaceTrader","player_choice":"Touch","floor":2.0,"gold_loss":0.0,"damage_taken":8.0},{"damage_healed":0.0,"max_hp_gain":0.0,"max_hp_loss":0.0,"gold_gain":0.0,"event_name":"Shining Light","player_choice":"Entered Light","floor":4.0,"gold_loss":0.0,"damage_taken":16.0,"cards_upgraded":["Strike_R","Strike_R"]},{"damage_healed":0.0,"max_hp_gain":0.0,"max_hp_loss":0.0,"gold_gain":0.0,"event_name":"Mushrooms","player_choice":"Fought Mushrooms","floor":12.0,"gold_loss":0.0,"damage_taken":0.0},{"damage_healed":0,"gold_gain":0,"player_choice":"Fought Bandits","damage_taken":0,"max_hp_gain":0,"max_hp_loss":0,"event_name":"Masked Bandits","floor":19,"gold_loss":0},{"damage_healed":0,"gold_gain":0,"player_choice":"Obtained Relic","damage_taken":0,"relics_obtained":["Centennial Puzzle"],"max_hp_gain":0,"max_hp_loss":0,"event_name":"Addict","floor":20,"gold_loss":85},{"damage_healed":0,"gold_gain":0,"player_choice":"Ignored","damage_taken":0,"max_hp_gain":0,"max_hp_loss":0,"event_name":"Vampires","floor":21,"gold_loss":0}],"is_beta":false,"boss_relics":[{"not_picked":["Orrery","Ectoplasm"],"picked":"Pandora\u0027s Box"}],"items_purged_floors":[5,7],"is_endless":false,"potions_floor_spawned":[1,6,11,12,22],"killed_by":"Snecko","ascension_level":0}