{"gold_per_floor":[113,113,134,157,172,172,172,172,172,172,185,208,208,283,283,408,408,423,423,423,443,72,72],"floor_reached":23,"playtime":1096,"items_purged":["Defend_B"],"score":242,"play_id":"d26e7bba-b02c-488c-aae2-ab7ab4577cba","local_time":"20180906164015","is_ascension_mode":true,"campfire_choices":[{"data":"Zap","floor":6,"key":"SMITH"},{"data":"Dualcast","floor":8,"key":"SMITH"},{"data":"Scrape","floor":13,"key":"SMITH"},{"floor":15,"key":"REST"}],"neow_cost":"NONE","seed_source_timestamp":27105978241724,"circlet_count":0,"master_deck":["Defend_B","Defend_B","Defend_B","Zap+1","Dualcast+1","Coolheaded+1","Heatsinks","Capacitor","Genetic Algorithm+1","Scrape+1","All For One","Defragment","RitualDagger","Bite","Bite","Bite","Bite","Bite","Gash","Conserve Battery+1"],"relics":["Cracked Core","Vajra","Golden Idol","Toxic Egg 2","Matryoshka","Runic Pyramid","Potion Belt"],"potions_floor_usage":[12,16,23],"damage_taken":[{"damage":5,"enemies":"Small Slimes","floor":1,"turns":3},{"damage":5,"enemies":"2 Louse","floor":3,"turns":2},{"damage":1,"enemies":"Cultist","floor":4,"turns":4},{"damage":16,"enemies":"Looter","floor":5,"turns":4},{"damage":9,"enemies":"Red Slaver","floor":11,"turns":3},{"damage":8,"enemies":"Gremlin Gang","floor":12,"turns":6},{"damage":10,"enemies":"The Guardian","floor":16,"turns":13},{"damage":47,"enemies":"3 Byrds","floor":18,"turns":6},{"damage":9,"enemies":"Chosen","floor":21,"turns":6},{"damage":43,"enemies":"Slavers","floor":23,"turns":3}],"seed_played":"-1329412265713276397","potions_obtained":[{"floor":4,"key":"Strength Potion"},{"floor":5,"key":"Explosive Potion"},{"floor":12,"key":"GamblersBrew"},{"floor":18,"key":"Weak Potion"}],"is_trial":false,"path_per_floor":["M","?","M","M","M","R","?","R","T","?","M","M","R","?","R","B",null,"M","?","?","M","$"],"character_chosen":"DEFECT","items_purchased":["Conserve Battery+1","Potion Belt","FairyPotion"],"campfire_rested":1,"item_purchase_floors":[22,22,22],"current_hp_per_floor":[70,69,64,63,47,47,47,47,47,47,38,30,30,19,39,29,69,22,16,16,19,19,0],"gold":72,"neow_bonus":"RANDOM_COMMON_RELIC","is_prod":false,"is_daily":false,"chose_seed":false,"campfire_upgraded":3,"win_rate":0,"timestamp":1536277215,"path_taken":["M","?","?","M","M","R","?","R","T","?","M","M","R","?","R","BOSS","M","?","?","M","?","E"],"build_version":"2018-08-30","purchased_purges":1,"victory":false,"max_hp_per_floor":[75,69,69,69,69,69,69,69,69,69,69,69,69,69,69,69,69,69,69,48,48,48,48],"card_choices":[{"not_picked":["Redo","Sweeping Beam","Stack"],"picked":"SKIP","floor":1},{"not_picked":["Ball Lightning","Sunder"],"picked":"Coolheaded","floor":3},{"not_picked":["Streamline","Ball Lightning"],"picked":"Heatsinks","floor":4},{"not_picked":["Compile Driver","Conserve Battery"],"picked":"Capacitor","floor":5},{"not_picked":["Sunder","Go for the Eyes"],"picked":"Genetic Algorithm+1","floor":11},{"not_picked":["Redo+1","Rebound"],"picked":"Scrape","floor":12},{"not_picked":["Creative AI","Rainbow+1"],"picked":"All For One","floor":16},{"not_picked":["Compile Driver+1","Double Energy+1"],"picked":"Defragment","floor":18},{"not_picked":["FTL","Hello World+1"],"picked":"Gash","floor":21}],"player_experience":264934,"relics_obtained":[{"floor":9,"key":"Matryoshka"}],"event_choices":[{"event_name":"Golden Idol","player_choice":"Lose Max HP","floor":2,"damage_taken":0},{"event_name":"WeMeetAgain","player_choice":"Potion","floor":7,"damage_taken":0},{"event_name":"Accursed Blacksmith","player_choice":"Forge","floor":10,"damage_taken":0},{"event_name":"World of Goop","player_choice":"Gather Gold","floor":14,"damage_taken":0},{"event_name":"Nest","player_choice":"Joined the Cult","floor":19,"damage_taken":0},{"event_name":"Vampires","player_choice":"Became a vampire","floor":20,"damage_taken":0}],"is_beta":false,"boss_relics":[{"not_picked":["FrozenCore","Lizard Tail"],"picked":"Runic Pyramid"}],"items_purged_floors":[22],"is_endless":false,"potions_floor_spawned":[4,5,12,18],"killed_by":"Slavers","ascension_level":4}