{"gold_per_floor":[116,116,126,126,151,191,191,40,40,60,60,60,60,75,75,195,195,218,238,253,253,5,5,5,20,20,40,61,77,6,30,30,150,150,170,189,253,28,28,28,28,0,69,92,117,157,173,193,193,193],"floor_reached":51,"playtime":2651,"items_purged":["Parasite","Strike_R"],"score":708,"play_id":"528ce62c-d723-486a-b784-0307c162d890","local_time":"20181007131639","is_ascension_mode":false,"campfire_choices":[{"data":"Rage","floor":7.0,"key":"SMITH"},{"data":"Immolate","floor":11.0,"key":"SMITH"},{"data":"Rampage","floor":15.0,"key":"SMITH"},{"floor":23.0,"key":"REST"},{"floor":32.0,"key":"REST"},{"floor":40.0,"key":"REST"},{"floor":49,"key":"REST"}],"neow_cost":"CURSE","seed_source_timestamp":0,"circlet_count":0,"master_deck":["Defend_R","Defend_R+1","Defend_R","Bash+1","Brutality","Shrug It Off","True Grit","Rage+1","Intimidate+1","Immolate+1","Seeing Red+1","Rampage+1","Double Tap+1","Battle Trance+1","Infernal Blade+1","Demon Form","Armaments+1","Inflame","Seeing Red+1","Feed","Shrug It Off+1","Power Through+1","Rupture","Disarm+1","Fire Breathing+1"],"special_seed":0,"relics":["Burning Blood","Golden Idol","Toxic Egg 2","Pear","Mercury Hourglass","Fusion Hammer","Blood Vial","Shuriken","Empty Cage","Gambling Chip","OrangePellets","Red Mask","Meat on the Bone","Dead Branch"],"potions_floor_usage":[46,46,46,50],"damage_taken":[{"damage":7.0,"enemies":"2 Louse","floor":1.0,"turns":3.0},{"damage":2.0,"enemies":"Small Slimes","floor":3.0,"turns":4.0},{"damage":6.0,"enemies":"Jaw Worm","floor":5.0,"turns":3.0},{"damage":29.0,"enemies":"Gremlin Nob","floor":6.0,"turns":5.0},{"damage":0.0,"enemies":"Exordium Thugs","floor":10.0,"turns":3.0},{"damage":0.0,"enemies":"2 Fungi Beasts","floor":14.0,"turns":1.0},{"damage":30.0,"enemies":"Hexaghost","floor":16.0,"turns":7.0},{"damage":2.0,"enemies":"Chosen","floor":18.0,"turns":4.0},{"damage":13.0,"enemies":"2 Thieves","floor":19.0,"turns":3.0},{"damage":3.0,"enemies":"Snake Plant","floor":20.0,"turns":3.0},{"damage":24.0,"enemies":"Centurion and Healer","floor":25.0,"turns":4.0},{"damage":6.0,"enemies":"Snecko","floor":27.0,"turns":5.0},{"damage":4.0,"enemies":"Sentry and Sphere","floor":28.0,"turns":3.0},{"damage":15.0,"enemies":"Snake Plant","floor":29.0,"turns":3.0},{"damage":0.0,"enemies":"3 Cultists","floor":31.0,"turns":2.0},{"damage":17.0,"enemies":"Champ","floor":33.0,"turns":8.0},{"damage":34.0,"enemies":"Orb Walker","floor":35.0,"turns":6.0},{"damage":17.0,"enemies":"3 Darklings","floor":36.0,"turns":4.0},{"damage":4.0,"enemies":"Mysterious Sphere","floor":37.0,"turns":3.0},{"damage":9.0,"enemies":"4 Shapes","floor":44.0,"turns":2.0},{"damage":25.0,"enemies":"Transient","floor":45.0,"turns":5.0},{"damage":37,"enemies":"2 Orb Walkers","floor":46,"turns":5},{"damage":3,"enemies":"Sphere and 2 Shapes","floor":47,"turns":1},{"damage":1,"enemies":"3 Darklings","floor":48,"turns":3},{"damage":24,"enemies":"Donu and Deca","floor":50,"turns":8}],"seed_played":"5059767030927792061","potions_obtained":[{"floor":6.0,"key":"LiquidBronze"},{"floor":16.0,"key":"EssenceOfSteel"},{"floor":20.0,"key":"Ancient Potion"},{"floor":27.0,"key":"Strength Potion"},{"floor":36.0,"key":"Strength Potion"},{"floor":39.0,"key":"Regen Potion"},{"floor":39.0,"key":"Block Potion"},{"floor":46,"key":"Block Potion"},{"floor":48,"key":"Swift Potion"}],"is_trial":false,"path_per_floor":["M","?","M","?","M","E","R","$","T","M","R","?","?","M","R","B",null,"M","M","M","?","$","R","?","M","T","M","M","M","$","M","R","B",null,"M","M","?","$","?","R","?","?","T","M","M","E","M","M","R","B"],"character_chosen":"IRONCLAD","items_purchased":["Immolate","Blood Vial","Inflame","OrangePellets","Rupture"],"campfire_rested":4,"item_purchase_floors":[8,22,30,38,38],"current_hp_per_floor":[79,79,80,74,74,51,51,51,61,67,67,51,39,45,45,21,81,81,74,77,77,77,81,81,63,63,65,69,62,62,70,81,70,81,53,44,48,48,48,72,72,72,72,71,54,55,60,67,85,67],"gold":193,"neow_bonus":"THREE_RARE_CARDS","is_prod":false,"is_daily":false,"chose_seed":false,"campfire_upgraded":3,"win_rate":0,"timestamp":1538943399,"path_taken":["M","?","M","?","M","E","R","$","T","?","R","?","?","?","R","BOSS","M","M","?","?","$","R","?","?","T","M","M","?","?","M","R","BOSS","M","M","?","$","?","R","?","?","T","M","?","E","M","M","R","BOSS"],"build_version":"2018-10-04v2","purchased_purges":2,"victory":true,"max_hp_per_floor":[80,80,80,74,74,74,74,71,81,81,81,81,81,81,81,81,81,81,81,81,81,81,81,81,81,81,81,81,81,81,81,81,81,81,81,81,81,81,81,81,81,81,81,81,81,85,85,85,85,85],"card_choices":[{"not_picked":["Limit Break","Berserk"],"picked":"Brutality","floor":0.0},{"not_picked":["True Grit","Headbutt"],"picked":"Shrug It Off","floor":1.0},{"not_picked":["Perfected Strike","Pommel Strike"],"picked":"True Grit","floor":3.0},{"not_picked":["Thunderclap","Intimidate"],"picked":"Rage","floor":5.0},{"not_picked":["Carnage","Hemokinesis"],"picked":"Intimidate","floor":6.0},{"not_picked":["Flex+1","Shrug It Off+1"],"picked":"Seeing Red+1","floor":10.0},{"not_picked":["True Grit+1","Pommel Strike"],"picked":"Rampage","floor":14.0},{"not_picked":["Reaper","Immolate"],"picked":"Double Tap+1","floor":16.0},{"not_picked":["Second Wind+1","Flex+1"],"picked":"Battle Trance+1","floor":18.0},{"not_picked":["Thunderclap","Dual Wield+1","Corruption"],"picked":"SKIP","floor":19.0},{"not_picked":["Cleave","Fire Breathing"],"picked":"Infernal Blade+1","floor":20.0},{"not_picked":["Anger","Sever Soul","Perfected Strike+1"],"picked":"SKIP","floor":25.0},{"not_picked":["Havoc+1","Combust","Perfected Strike"],"picked":"SKIP","floor":27.0},{"not_picked":["Combust","Rampage","Thunderclap"],"picked":"SKIP","floor":28.0},{"not_picked":["Cleave","Clothesline+1"],"picked":"Armaments+1","floor":29.0},{"not_picked":["Feel No Pain+1","Shockwave+1"],"picked":"Seeing Red+1","floor":31.0},{"not_picked":["Offering+1","Juggernaut"],"picked":"Feed","floor":33.0},{"not_picked":["Thunderclap+1","Anger+1"],"picked":"Shrug It Off+1","floor":35.0},{"not_picked":["Twin Strike","Warcry+1"],"picked":"Power Through+1","floor":36.0},{"not_picked":["Armaments+1","Bludgeon"],"picked":"Disarm+1","floor":44.0},{"not_picked":["Anger","Clothesline","True Grit+1"],"picked":"SKIP","floor":45.0},{"not_picked":["Fiend Fire","Blood for Blood+1","Heavy Blade"],"picked":"SKIP","floor":46},{"not_picked":["Anger+1","Pommel Strike+1","True Grit+1"],"picked":"SKIP","floor":47},{"not_picked":["Cleave","Flex+1"],"picked":"Fire Breathing+1","floor":48}],"player_experience":344403,"relics_obtained":[{"floor":6.0,"key":"Toxic Egg 2"},{"floor":9.0,"key":"Pear"},{"floor":26.0,"key":"Shuriken"},{"floor":37.0,"key":"Gambling Chip"},{"floor":43.0,"key":"Meat on the Bone"},{"floor":46,"key":"Dead Branch"}],"event_choices":[{"event_name":"Living Wall","player_choice":"Forget","floor":2.0,"damage_taken":0.0},{"event_name":"Golden Idol","player_choice":"Lose Max HP","floor":4.0,"damage_taken":0.0},{"event_name":"Shining Light","player_choice":"Entered Light","floor":12.0,"damage_taken":0.0},{"event_name":"Scrap Ooze","player_choice":"success","floor":13.0,"damage_taken":12.0},{"event_name":"Drug Dealer","player_choice":"Became Test Subject","floor":21.0,"damage_taken":0.0},{"event_name":"Ghosts","player_choice":"Ignored","floor":24.0,"damage_taken":0.0},{"event_name":"Mysterious Sphere","player_choice":"Fight","floor":37.0,"damage_taken":0.0},{"event_name":"The Lab","player_choice":"Got Potions","floor":39.0,"damage_taken":0.0},{"event_name":"Falling","player_choice":"Removed Attack","floor":41.0,"damage_taken":0.0},{"event_name":"Tomb of Lord Red Mask","player_choice":"Paid","floor":42.0,"damage_taken":0.0}],"is_beta":false,"boss_relics":[{"not_picked":["Eternal Feather","Black Star"],"picked":"Fusion Hammer"},{"not_picked":["Tiny House","Velvet Choker"],"picked":"Empty Cage"}],"items_purged_floors":[8,22],"is_endless":false,"potions_floor_spawned":[6,16,20,27,29,36,46,48],"ascension_level":0}