{"gold_per_floor":[117,137,149,149,149,177,177,199,269,289,307,307,272,298,298,399,399,411,431,92,17,30,30],"floor_reached":23,"playtime":1934,"items_purged":[],"score":201,"play_id":"14988419-de47-4489-b069-b8378e60b469","local_time":"20180725173527","is_ascension_mode":false,"campfire_choices":[{"data":"Envenom","floor":7,"key":"SMITH"},{"floor":12,"key":"REST"},{"floor":15,"key":"REST"}],"neow_cost":"NONE","seed_source_timestamp":1001344589714,"circlet_count":0,"master_deck":["Defend_G","Defend_G","Defend_G","Defend_G","Strike_G","Strike_G","Strike_G","Survivor","Neutralize","Flechettes","Poisoned Stab","Acrobatics","Dagger Throw","Skewer","Envenom+1","Bane","Deflect","Dodge and Roll","Predator","Adrenaline","Predator","Acrobatics","Riddle With Holes","Adrenaline","Flying Knee","Blind","Tactician"],"relics":["Ring of the Snake","Ancient Tea Set","Odd Mushroom","Letter Opener","Boot","HoveringKite"],"potions_floor_usage":[11,16],"damage_taken":[{"damage":0,"enemies":"Small Slimes","floor":1,"turns":3},{"damage":0,"enemies":"Cultist","floor":2,"turns":3},{"damage":3,"enemies":"2 Louse","floor":3,"turns":4},{"damage":24,"enemies":"3 Sentries","floor":6,"turns":10},{"damage":35,"floor":8,"turns":5},{"damage":5,"enemies":"Exordium Wildlife","floor":10,"turns":5},{"damage":0,"enemies":"Looter","floor":11,"turns":2},{"damage":13,"enemies":"Gremlin Nob","floor":14,"turns":4},{"damage":57,"enemies":"The Guardian","floor":16,"turns":10},{"damage":32,"enemies":"Spheric Guardian","floor":18,"turns":6},{"damage":28,"enemies":"2 Thieves","floor":19,"turns":4},{"damage":3,"enemies":"Chosen and Byrds","floor":22,"turns":4},{"damage":7,"enemies":"Gremlin Leader","floor":23,"turns":2}],"seed_played":"2172490591510149828","potions_obtained":[{"floor":10,"key":"AttackPotion"},{"floor":14,"key":"Regen Potion"},{"floor":16,"key":"Ancient Potion"},{"floor":22,"key":"Ancient Potion"}],"is_trial":false,"path_per_floor":["M","M","M","?","?","E","R","?","T","M","M","R","?","E","R","B",null,"M","M","$","?","M"],"character_chosen":"THE_SILENT","items_purchased":["Riddle With Holes","Adrenaline","Flying Knee","Blind"],"campfire_rested":2,"item_purchase_floors":[20,20,20,20],"current_hp_per_floor":[70,70,67,67,67,43,43,8,8,3,3,24,41,28,49,7,70,38,10,10,10,7,0],"gold":30,"neow_bonus":"TRANSFORM_CARD","is_prod":false,"is_daily":false,"chose_seed":false,"campfire_upgraded":1,"win_rate":0.0,"timestamp":1532536527,"path_taken":["M","M","M","?","?","E","R","?","T","M","?","R","?","E","R","BOSS","M","?","$","?","M","E"],"build_version":"2018-07-19v2","purchased_purges":0,"victory":false,"max_hp_per_floor":[70,70,70,70,70,70,70,70,70,70,70,70,70,70,70,70,70,70,70,70,70,70,70],"card_choices":[{"not_picked":["Backflip","Quick Slash"],"picked":"Poisoned Stab","floor":1},{"not_picked":["Sucker Punch","Prepared"],"picked":"Acrobatics","floor":2},{"not_picked":["Dagger Spray","Prepared"],"picked":"Dagger Throw","floor":3},{"not_picked":["Deadly Poison","Outmaneuver"],"picked":"Envenom","floor":6},{"not_picked":["Sucker Punch","Dagger Spray"],"picked":"Bane","floor":8},{"not_picked":["Dagger Spray","Choke"],"picked":"Deflect","floor":10},{"not_picked":["Acrobatics","Prepared"],"picked":"Dodge and Roll","floor":11},{"not_picked":["Bane","Outmaneuver"],"picked":"Predator","floor":14},{"not_picked":["Malaise","Doppelganger"],"picked":"Adrenaline","floor":16},{"not_picked":["Dagger Spray+1","PiercingWail+1"],"picked":"Predator","floor":18},{"not_picked":["Slice","Choke"],"picked":"Acrobatics","floor":19},{"not_picked":["Catalyst","Underhanded Strike"],"picked":"Tactician","floor":22}],"player_experience":51331,"relics_obtained":[{"floor":6,"key":"Ancient Tea Set"},{"floor":8,"key":"Odd Mushroom"},{"floor":9,"key":"Letter Opener"},{"floor":14,"key":"Boot"}],"event_choices":[{"event_name":"Transmorgrifier","player_choice":"Transform","floor":4,"damage_taken":0},{"event_name":"Golden Wing","player_choice":"Ignored","floor":5,"damage_taken":0},{"event_name":"Mushrooms","player_choice":"Fought Mushrooms","floor":8,"damage_taken":0},{"event_name":"The Cleric","player_choice":"Healed","floor":13,"damage_taken":0},{"event_name":"Beggar","player_choice":"Gave Gold","floor":21,"damage_taken":0}],"is_beta":false,"boss_relics":[{"not_picked":["Empty Cage","Sozu"],"picked":"HoveringKite"}],"items_purged_floors":[],"is_endless":false,"potions_floor_spawned":[10,14,16,22],"killed_by":"Gremlin Leader","ascension_level":0}