{"gold_per_floor":[113,63,63,75,92,119,194,194,194,194,194,194,210,225,225,225],"floor_reached":16,"playtime":316,"items_purged":[],"score":100,"play_id":"4254b209-1ca1-4e0f-90fb-f665aac94c5d","local_time":"20180929170216","is_ascension_mode":false,"campfire_choices":[{"data":"Anger","floor":8,"key":"SMITH"},{"data":"Feel No Pain","floor":10,"key":"SMITH"},{"data":"Havoc","floor":12,"key":"SMITH"},{"data":"Reaper","floor":15,"key":"SMITH"}],"neow_cost":"NONE","seed_source_timestamp":8335401670809,"circlet_count":0,"master_deck":["Strike_R","Strike_R","Strike_R","Strike_R","Strike_R","Defend_R","Defend_R","Bash","Shrug It Off","Anger+1","Feel No Pain+1","Havoc+1","Anger","Reaper+1"],"relics":["Burning Blood","Bronze Scales","Turnip","Meat on the Bone","Orichalcum"],"potions_floor_usage":[6,16],"damage_taken":[{"damage":6,"enemies":"Jaw Worm","floor":1,"turns":3},{"damage":0,"enemies":"2 Louse","floor":4,"turns":3},{"damage":6,"enemies":"Cultist","floor":5,"turns":3},{"damage":36,"enemies":"Lagavulin","floor":6,"turns":5},{"damage":11,"enemies":"3 Louse","floor":13,"turns":2},{"damage":8,"enemies":"Red Slaver","floor":14,"turns":3},{"damage":68,"enemies":"The Guardian","floor":16,"turns":9}],"seed_played":"8602715147863238193","potions_obtained":[{"floor":1,"key":"PowerPotion"},{"floor":13,"key":"BloodPotion"},{"floor":14,"key":"SteroidPotion"}],"is_trial":false,"path_per_floor":["M","?","?","M","M","E","?","R","T","R","?","R","M","M","R"],"character_chosen":"IRONCLAD","items_purchased":[],"campfire_rested":0,"item_purchase_floors":[],"current_hp_per_floor":[80,80,80,80,80,50,39,39,39,39,36,36,43,53,53,0],"gold":225,"neow_bonus":"RANDOM_COMMON_RELIC","is_prod":false,"is_daily":false,"chose_seed":false,"campfire_upgraded":4,"win_rate":0,"timestamp":1538265736,"path_taken":["M","?","?","M","?","E","?","R","T","R","?","R","?","M","R","BOSS"],"build_version":"2018-09-27","purchased_purges":0,"victory":false,"max_hp_per_floor":[80,80,80,80,80,80,80,80,80,80,80,80,80,80,80,80],"card_choices":[{"not_picked":["Pummel","Sentinel"],"picked":"Shrug It Off","floor":1},{"not_picked":["Iron Wave","Twin Strike"],"picked":"Anger","floor":4},{"not_picked":["Bloodletting","Clash"],"picked":"Feel No Pain","floor":5},{"not_picked":["Warcry","Entrench"],"picked":"Havoc","floor":6},{"not_picked":["Iron Wave","Sword Boomerang"],"picked":"Anger","floor":13},{"not_picked":["Pommel Strike","True Grit"],"picked":"Reaper","floor":14}],"player_experience":342824,"relics_obtained":[{"floor":6,"key":"Turnip"},{"floor":9,"key":"Meat on the Bone"}],"event_choices":[{"event_name":"The Cleric","player_choice":"Card Removal","floor":2,"damage_taken":0},{"event_name":"Purifier","player_choice":"One Purge","floor":3,"damage_taken":0},{"event_name":"World of Goop","player_choice":"Gather Gold","floor":7,"damage_taken":0},{"event_name":"Scrap Ooze","player_choice":"success","floor":11,"damage_taken":3}],"is_beta":false,"boss_relics":[],"items_purged_floors":[],"is_endless":false,"potions_floor_spawned":[1,13,14],"killed_by":"The Guardian","ascension_level":0}