{"gold_per_floor":[111,111,131,39,53,81,99,99,125,125,145,163,163,183,183,260,260,277,294,0,0],"floor_reached":21,"playtime":696,"items_purged":[],"score":311,"play_id":"df5d6161-55de-45b7-976a-1517e9dead49","local_time":"20180804055107","is_ascension_mode":true,"campfire_choices":[{"floor":8,"key":"REST"},{"data":"Bash","floor":13,"key":"SMITH"},{"floor":15,"key":"REST"}],"neow_cost":"NONE","seed_source_timestamp":50760547335742,"circlet_count":0,"master_deck":["Strike_R","Strike_R","Strike_R","Defend_R","Defend_R","Defend_R","Defend_R","Bash+1","AscendersBane","Armaments+1","Cleave","Finesse","Shrug It Off","Pommel Strike","Clash","Juggernaut","Clothesline"],"relics":["Burning Blood","Anchor","Potion Belt","Sozu"],"potions_floor_usage":[16,19],"damage_taken":[{"damage":2,"enemies":"2 Louse","floor":1,"turns":4},{"damage":11,"enemies":"Cultist","floor":3,"turns":4},{"damage":8,"enemies":"Small Slimes","floor":5,"turns":3},{"damage":54,"enemies":"Lagavulin","floor":6,"turns":9},{"damage":0,"enemies":"3 Louse","floor":7,"turns":3},{"damage":4,"enemies":"Exordium Thugs","floor":11,"turns":3},{"damage":1,"enemies":"Red Slaver","floor":12,"turns":4},{"damage":0,"enemies":"Large Slime","floor":14,"turns":6},{"damage":70,"enemies":"Hexaghost","floor":16,"turns":12},{"damage":32,"enemies":"3 Byrds","floor":18,"turns":6},{"damage":20,"enemies":"Spheric Guardian","floor":19,"turns":5},{"damage":30,"enemies":"Snecko","floor":21,"turns":4}],"seed_played":"-3419634577410043047","potions_obtained":[{"floor":3,"key":"GamblersBrew"},{"floor":5,"key":"Strength Potion"},{"floor":7,"key":"Fire Potion"}],"is_trial":false,"path_per_floor":["M","?","M","$","M","E","M","R","T","?","M","M","R","M","R","B",null,"M","M","?"],"character_chosen":"IRONCLAD","items_purchased":["Finesse"],"campfire_rested":2,"item_purchase_floors":[4],"current_hp_per_floor":[72,72,67,67,65,17,23,45,45,45,47,52,52,58,75,11,59,33,19,19,0],"gold":0,"neow_bonus":"TRANSFORM_CARD","is_prod":false,"is_daily":false,"chose_seed":false,"campfire_upgraded":1,"win_rate":0,"timestamp":1533351067,"path_taken":["M","?","M","$","M","E","M","R","T","?","M","M","R","M","R","BOSS","M","M","?","M"],"build_version":"2018-08-02","purchased_purges":0,"victory":false,"max_hp_per_floor":[75,75,75,75,75,75,75,75,75,75,75,75,75,75,75,75,75,75,75,75,75],"card_choices":[{"not_picked":["Warcry","True Grit"],"picked":"Cleave","floor":1},{"not_picked":["Headbutt","Hemokinesis","Twin Strike"],"picked":"SKIP","floor":3},{"not_picked":["Searing Blow","Seeing Red"],"picked":"Shrug It Off","floor":5},{"not_picked":["Reaper","Perfected Strike","Pummel"],"picked":"SKIP","floor":6},{"not_picked":["Uppercut","Power Through"],"picked":"Pommel Strike","floor":7},{"not_picked":["Twin Strike","Entrench","Burning Pact"],"picked":"SKIP","floor":11},{"not_picked":["Warcry","Clash","Corruption"],"picked":"SKIP","floor":12},{"not_picked":["Shrug It Off","Havoc"],"picked":"Clash","floor":14},{"not_picked":["Brutality","Offering"],"picked":"Juggernaut","floor":16},{"not_picked":["Combust","Evolve"],"picked":"Clothesline","floor":18},{"not_picked":["Thunderclap","Clothesline","Clash+1"],"picked":"SKIP","floor":19}],"player_experience":403432,"relics_obtained":[{"floor":6,"key":"Anchor"},{"floor":9,"key":"Potion Belt"}],"event_choices":[{"event_name":"Bonfire Elementals","player_choice":"BASIC","floor":2,"damage_taken":0},{"event_name":"Living Wall","player_choice":"Grow","floor":10,"damage_taken":0},{"event_name":"Masked Bandits","player_choice":"Paid Bandits 294 gold","floor":20,"damage_taken":0}],"is_beta":false,"boss_relics":[{"not_picked":["Calling Bell","Philosopher\u0027s Stone"],"picked":"Sozu"}],"items_purged_floors":[],"is_endless":false,"potions_floor_spawned":[3,5,7],"killed_by":"Snecko","ascension_level":14}