{"gold_per_floor":[111,61,61,85,85,85,102,102,102,27,47,47,64,76,76,173,173,183,183,183,183,200,229,229,229,229,260,260,279,293,306,306,410,410,427,443,495,495,495,522,522,622,703,720,178,209,223,250,250,250],"floor_reached":51,"playtime":3176,"items_purged":["Strike_B","Hello World"],"score":1029,"play_id":"7b2a2c85-40cd-426a-8ad8-cb18acb4c593","local_time":"20180911230422","is_ascension_mode":true,"campfire_choices":[{"data":"Dualcast","floor":6.0,"key":"SMITH"},{"data":"Zap","floor":8.0,"key":"SMITH"},{"data":"Genetic Algorithm","floor":12.0,"key":"SMITH"},{"data":"Conserve Battery","floor":15.0,"key":"SMITH"},{"data":"Creative AI","floor":24.0,"key":"SMITH"},{"data":"Heatsinks","floor":28.0,"key":"SMITH"},{"data":"Ghostly","floor":32.0,"key":"SMITH"},{"data":"Fusion","floor":41,"key":"SMITH"},{"data":"Ghostly","floor":49,"key":"SMITH"}],"neow_cost":"","seed_source_timestamp":0,"circlet_count":0,"master_deck":["Defend_B","Defend_B","Dualcast+1","Heatsinks+1","Genetic Algorithm+1","Conserve Battery+1","Creative AI+1","Static Discharge+1","Self Repair","Streamline+1","Doom and Gloom+1","Self Repair+1","Chaos+1","Ghostly+1","Ghostly","Ghostly","Ghostly","Ghostly+1","Turbo+1","Darkness+1","Echo Form","Chill","BootSequence+1","Conserve Battery+1","Flash of Steel","Fusion+1","Capacitor"],"special_seed":0,"relics":["Cracked Core","Bronze Scales","Letter Opener","Meat on the Bone","Empty Cage","Whetstone","Pantograph","Gremlin Horn","Nuclear Battery","Incense Burner","Mercury Hourglass","Pear","Mummified Hand","Orichalcum","DataDisk"],"potions_floor_usage":[50,50],"damage_taken":[{"damage":3.0,"enemies":"2 Louse","floor":1.0,"turns":3.0},{"damage":13.0,"enemies":"Jaw Worm","floor":7.0,"turns":4.0},{"damage":0.0,"enemies":"Cultist","floor":11.0,"turns":3.0},{"damage":9.0,"enemies":"Exordium Thugs","floor":13.0,"turns":3.0},{"damage":0.0,"enemies":"3 Louse","floor":14.0,"turns":2.0},{"damage":40.0,"enemies":"Hexaghost","floor":16.0,"turns":10.0},{"damage":9.0,"enemies":"Shell Parasite","floor":18.0,"turns":6.0},{"damage":12.0,"enemies":"Spheric Guardian","floor":22.0,"turns":5.0},{"damage":28.0,"enemies":"Gremlin Leader","floor":23.0,"turns":7.0},{"damage":24.0,"enemies":"Slavers","floor":27.0,"turns":6.0},{"damage":4.0,"enemies":"Centurion and Healer","floor":29.0,"turns":6.0},{"damage":3.0,"enemies":"Shelled Parasite and Fungi","floor":30.0,"turns":3.0},{"damage":6.0,"enemies":"3 Cultists","floor":31.0,"turns":5.0},{"damage":10,"enemies":"Collector","floor":33,"turns":8},{"damage":1,"enemies":"3 Shapes","floor":35,"turns":6},{"damage":0,"enemies":"3 Darklings","floor":36,"turns":4},{"damage":5,"enemies":"Mysterious Sphere","floor":37,"turns":5},{"damage":0,"enemies":"2 Orb Walkers","floor":40,"turns":7},{"damage":2,"enemies":"Sphere and 2 Shapes","floor":44,"turns":6},{"damage":1,"enemies":"Giant Head","floor":46,"turns":8},{"damage":0,"enemies":"4 Shapes","floor":47,"turns":2},{"damage":0,"enemies":"Nemesis","floor":48,"turns":7},{"damage":15,"enemies":"Donu and Deca","floor":50,"turns":9}],"seed_played":"3821022173473347082","potions_obtained":[{"floor":11.0,"key":"SneckoOil"},{"floor":16.0,"key":"Ancient Potion"},{"floor":22.0,"key":"Explosive Potion"},{"floor":23.0,"key":"SneckoOil"},{"floor":33,"key":"Weak Potion"},{"floor":36,"key":"Weak Potion"},{"floor":44,"key":"SteroidPotion"},{"floor":48,"key":"FocusPotion"}],"is_trial":false,"path_per_floor":["M","?","$","T","?","R","M","R","T","$","M","R","M","M","R","B",null,"M","?","?","?","M","E","R","?","T","E","R","M","M","M","R","B",null,"M","M","?","?","?","E","R","?","T","M","$","E","M","E","R","B"],"character_chosen":"DEFECT","items_purchased":["Mummified Hand","FairyPotion","Capacitor"],"campfire_rested":0,"item_purchase_floors":[45,45,45],"current_hp_per_floor":[72,72,72,72,54,54,41,41,41,41,41,41,44,44,44,16,60,51,51,51,51,46,47,47,37,37,37,37,37,37,37,37,37,37,36,36,37,37,37,37,37,37,47,47,47,47,47,47,47,47],"gold":250,"neow_bonus":"","is_prod":false,"is_daily":false,"chose_seed":false,"campfire_upgraded":9,"win_rate":0,"timestamp":1536732262,"path_taken":["M","?","$","?","?","R","M","R","T","?","M","R","?","M","R","BOSS","M","?","?","?","M","E","R","?","T","E","R","M","?","M","R","BOSS","M","M","?","?","?","E","R","?","T","M","$","E","?","E","R","BOSS"],"build_version":"2018-09-06","purchased_purges":2,"victory":true,"max_hp_per_floor":[75,75,75,75,75,75,75,75,75,75,75,75,75,75,75,75,75,75,75,75,75,75,75,75,37,37,37,37,37,37,37,37,37,37,37,37,37,37,37,37,37,37,47,47,47,47,47,47,47,47],"card_choices":[{"not_picked":["Cold Snap","Double Energy"],"picked":"Heatsinks","floor":1.0},{"not_picked":["Aggregate","Skim"],"picked":"Genetic Algorithm","floor":7.0},{"not_picked":["Capacitor","Force Field","Ball Lightning"],"picked":"SKIP","floor":11.0},{"not_picked":["Tempest","Sweeping Beam","Leap"],"picked":"SKIP","floor":13.0},{"not_picked":["Compile Driver","Barrage"],"picked":"Conserve Battery","floor":14.0},{"not_picked":["Core Surge","Reboot"],"picked":"Creative AI","floor":16.0},{"not_picked":["Barrage","Defragment"],"picked":"Static Discharge+1","floor":18.0},{"not_picked":["Stack","Go for the Eyes"],"picked":"Self Repair+1","floor":22.0},{"not_picked":["Tempest","Gash+1"],"picked":"Chaos+1","floor":23.0},{"not_picked":["Sunder","Reboot"],"picked":"Turbo+1","floor":27.0},{"not_picked":["Loop","Capacitor+1","Cold Snap"],"picked":"SKIP","floor":29.0},{"not_picked":["Sweeping Beam","Hello World"],"picked":"Darkness+1","floor":30.0},{"not_picked":["Rip and Tear","Stack","Turbo"],"picked":"SKIP","floor":31.0},{"not_picked":["Creative AI","Rainbow"],"picked":"Echo Form","floor":33},{"not_picked":["Cold Snap+1","Hologram+1"],"picked":"Chill","floor":35},{"not_picked":["Self Repair","Redo"],"picked":"BootSequence+1","floor":36},{"not_picked":["Lockon+1","Compile Driver+1"],"picked":"Conserve Battery+1","floor":37},{"not_picked":["Dark Shackles","Magnetism"],"picked":"Flash of Steel","floor":39},{"not_picked":["Leap","Rebound+1"],"picked":"Fusion","floor":40},{"not_picked":["Streamline+1","Go for the Eyes+1","Stack+1"],"picked":"SKIP","floor":44},{"not_picked":["Conserve Battery","Double Energy","Loop"],"picked":"SKIP","floor":46},{"not_picked":["Beam Cell","Rebound","Hologram"],"picked":"SKIP","floor":47},{"not_picked":["Coolheaded","Gash","Auto Shields+1"],"picked":"SKIP","floor":48}],"player_experience":283480,"relics_obtained":[{"floor":4.0,"key":"Bronze Scales"},{"floor":9.0,"key":"Meat on the Bone"},{"floor":23.0,"key":"Whetstone"},{"floor":26.0,"key":"Pantograph"},{"floor":27.0,"key":"Gremlin Horn"},{"floor":37,"key":"Incense Burner"},{"floor":40,"key":"Mercury Hourglass"},{"floor":43,"key":"Pear"},{"floor":46,"key":"Orichalcum"},{"floor":48,"key":"DataDisk"}],"event_choices":[{"event_name":"The Cleric","player_choice":"Card Removal","floor":2.0,"damage_taken":0.0},{"event_name":"Scrap Ooze","player_choice":"success","floor":5.0,"damage_taken":18.0},{"event_name":"Match and Keep!","player_choice":"2 cards matched","floor":19.0,"damage_taken":0.0},{"event_name":"Drug Dealer","player_choice":"Became Test Subject","floor":20.0,"damage_taken":0.0},{"event_name":"The Mausoleum","player_choice":"No","floor":21.0,"damage_taken":0.0},{"event_name":"Ghosts","player_choice":"Became a Ghost","floor":25.0,"damage_taken":0.0},{"event_name":"Mysterious Sphere","player_choice":"Fight","floor":37,"damage_taken":0},{"event_name":"Purifier","player_choice":"One Purge","floor":38,"damage_taken":0},{"event_name":"SensoryStone","player_choice":"Memory 1","floor":39,"damage_taken":0},{"event_name":"Golden Shrine","player_choice":"Pray","floor":42,"damage_taken":0}],"is_beta":false,"boss_relics":[{"not_picked":["White Beast Statue","Astrolabe"],"picked":"Empty Cage"},{"not_picked":["Coffee Dripper","Lizard Tail"],"picked":"Nuclear Battery"}],"items_purged_floors":[10,45],"is_endless":false,"potions_floor_spawned":[11,16,22,23,33,36,44,46,48],"ascension_level":5}