{"gold_per_floor":[114,131,5,5,15,42,42,60,138,138,138,158,172,191,191,289,339,350,365,385,44,63,63],"floor_reached":23,"playtime":1714,"items_purged":["Bash","Strike_R"],"score":197,"play_id":"de9255c8-e879-40c7-9e3d-d84843244cd5","local_time":"20190508230828","is_ascension_mode":false,"campfire_choices":[{"data":"Uppercut","floor":7,"key":"SMITH"},{"data":"True Grit","floor":10,"key":"SMITH"},{"data":"Seeing Red","floor":15,"key":"SMITH"}],"neow_cost":"NONE","seed_source_timestamp":240410313908535,"circlet_count":0,"master_deck":["Strike_R","Strike_R","Strike_R","Defend_R","Defend_R","Defend_R+1","Uppercut+1","Shrug It Off","Limit Break","True Grit+1","Headbutt","Seeing Red+1","Juggernaut","Disarm","Warcry","Warcry","Dark Embrace"],"relics":["Burning Blood","Ginger","Tiny House","Frozen Egg 2"],"potions_floor_usage":[6,6,16,19,19],"damage_taken":[{"damage":8,"enemies":"Cultist","floor":1,"turns":5},{"damage":0,"enemies":"Small Slimes","floor":2,"turns":3},{"damage":0,"enemies":"2 Louse","floor":5,"turns":3},{"damage":48,"enemies":"Lagavulin","floor":6,"turns":10},{"damage":7,"enemies":"Large Slime","floor":8,"turns":5},{"damage":7,"enemies":"Lots of Slimes","floor":12,"turns":5},{"damage":0,"enemies":"Blue Slaver","floor":13,"turns":4},{"damage":2,"enemies":"Looter","floor":14,"turns":4},{"damage":40,"enemies":"The Guardian","floor":16,"turns":15},{"damage":15,"enemies":"Shell Parasite","floor":18,"turns":9},{"damage":32,"enemies":"2 Thieves","floor":19,"turns":5},{"damage":7,"enemies":"Snecko","floor":20,"turns":6},{"damage":24,"enemies":"Snake Plant","floor":22,"turns":6},{"damage":42,"enemies":"Gremlin Leader","floor":23,"turns":4}],"seed_played":"-8055393948092968581","potions_obtained":[{"floor":2,"key":"AttackPotion"},{"floor":5,"key":"BloodPotion"},{"floor":13,"key":"Fire Potion"},{"floor":14,"key":"Regen Potion"},{"floor":17,"key":"Poison Potion"},{"floor":18,"key":"Explosive Potion"},{"floor":20,"key":"AttackPotion"}],"is_trial":false,"path_per_floor":["M","M","$","?","M","E","R","M","T","R","?","M","M","M","R","B",null,"M","M","M","$","M","E"],"character_chosen":"IRONCLAD","items_purchased":["Shrug It Off","Frozen Egg 2"],"campfire_rested":0,"item_purchase_floors":[3,21],"current_hp_per_floor":[78,80,80,85,85,51,51,50,50,50,43,42,48,52,52,33,90,81,55,54,54,36,0],"gold":63,"neow_bonus":"REMOVE_CARD","is_prod":false,"is_daily":false,"chose_seed":false,"campfire_upgraded":3,"win_rate":0,"timestamp":1557349708,"path_taken":["M","M","?","?","M","E","R","M","T","R","?","M","M","M","R","BOSS","M","M","M","$","M","E"],"build_version":"2019-01-23","purchased_purges":2,"victory":false,"max_hp_per_floor":[80,80,80,85,85,85,85,85,85,85,85,85,85,85,85,85,90,90,90,90,90,90,90],"card_choices":[{"not_picked":["Wild Strike","Spot Weakness","Flex"],"picked":"SKIP","floor":1},{"not_picked":["Heavy Blade","Infernal Blade"],"picked":"Uppercut","floor":2},{"not_picked":["Armaments","Wild Strike"],"picked":"Limit Break","floor":5},{"not_picked":["Spot Weakness","Thunderclap","Infernal Blade"],"picked":"SKIP","floor":6},{"not_picked":["Sentinel","Flex"],"picked":"True Grit","floor":8},{"not_picked":["True Grit","Clothesline","Thunderclap"],"picked":"SKIP","floor":12},{"not_picked":["Heavy Blade","Brutality"],"picked":"Headbutt","floor":13},{"not_picked":["Anger","Flex"],"picked":"Seeing Red","floor":14},{"not_picked":["Barricade","Immolate"],"picked":"Juggernaut","floor":16},{"not_picked":["Pommel Strike","Shrug It Off"],"picked":"Disarm","floor":17},{"not_picked":["Infernal Blade","Reckless Charge"],"picked":"Warcry","floor":18},{"not_picked":["Pommel Strike","Thunderclap"],"picked":"Warcry","floor":19},{"not_picked":["Sword Boomerang+1","Iron Wave+1"],"picked":"Dark Embrace","floor":20},{"not_picked":["Sever Soul+1","Dropkick","Bloodletting"],"picked":"SKIP","floor":22}],"player_experience":242090,"relics_obtained":[{"floor":6,"key":"Ginger"}],"event_choices":[{"damage_healed":0,"gold_gain":0,"player_choice":"Donut","damage_taken":0,"max_hp_gain":5,"max_hp_loss":0,"event_name":"Big Fish","floor":4,"gold_loss":0},{"cards_removed":["Strike_R"],"damage_healed":0,"gold_gain":0,"player_choice":"Card Removal","damage_taken":7,"max_hp_gain":0,"max_hp_loss":0,"event_name":"Golden Wing","floor":11,"gold_loss":0}],"is_beta":false,"boss_relics":[{"not_picked":["Ectoplasm","Eternal Feather"],"picked":"Tiny House"}],"items_purged_floors":[3,21],"is_endless":false,"potions_floor_spawned":[2,5,13,14,18,20],"killed_by":"Gremlin Leader","ascension_level":0}