{"gold_per_floor":[117,137,137,137,155,155,165,198,198,198,226,251,261,22,22,119,119,119,89,14,14,14,14,14,14,14,14,14,14,14,14,14,14,14,14,14,14,0,0,0,0,0,0,0,0,0],"floor_reached":46,"playtime":4766,"items_purged":["Strike_G"],"score":452,"play_id":"2890f867-db17-49aa-adeb-070bc735dab3","local_time":"20190124163856","is_ascension_mode":false,"campfire_choices":[{"floor":6.0,"key":"REST"},{"data":"Well Laid Plans","floor":10.0,"key":"SMITH"},{"floor":15,"key":"REST"},{"floor":23,"key":"REST"},{"floor":28,"key":"RECALL"},{"floor":32,"key":"REST"},{"floor":40,"key":"REST"},{"data":"A Thousand Cuts","floor":42,"key":"SMITH"}],"neow_cost":"NONE","seed_source_timestamp":0,"circlet_count":0,"master_deck":["Defend_G","Defend_G","Defend_G","Defend_G","Strike_G","Strike_G","Strike_G","Survivor","Neutralize","Well Laid Plans+1","Dagger Spray","Sucker Punch","Backstab","Skewer","Caltrops","PiercingWail","Caltrops","A Thousand Cuts+1","Blur","Endless Agony","Backflip","RitualDagger","After Image","Footwork+1","Blur","Burst","Cloak And Dagger+1","Mayhem","Dark Shackles","Terror+1","Finisher","Blur+1"],"special_seed":0,"relics":["Ring of the Snake","NeowsBlessing","Vajra","Singing Bowl","Art of War","Odd Mushroom","Pantograph","Kunai","Ectoplasm","Paper Crane","Sozu","Red Mask","Omamori"],"potions_floor_usage":[16,16,21,25,33,33,35],"damage_taken":[{"damage":0.0,"enemies":"Jaw Worm","floor":1.0,"turns":1.0},{"damage":0.0,"enemies":"Small Slimes","floor":2.0,"turns":1.0},{"damage":0.0,"enemies":"2 Louse","floor":5.0,"turns":1.0},{"damage":4.0,"enemies":"Looter","floor":7.0,"turns":3.0},{"damage":5.0,"enemies":"3 Sentries","floor":8.0,"turns":5.0},{"damage":1.0,"enemies":"The Mushroom Lair","floor":11.0,"turns":3.0},{"damage":17.0,"enemies":"Gremlin Nob","floor":12.0,"turns":4.0},{"damage":0,"enemies":"2 Fungi Beasts","floor":13,"turns":2},{"damage":20,"enemies":"Slime Boss","floor":16,"turns":10},{"damage":12,"enemies":"Spheric Guardian","floor":18,"turns":4},{"damage":10,"enemies":"2 Thieves","floor":19,"turns":4},{"damage":12,"enemies":"3 Cultists","floor":21,"turns":6},{"damage":14,"enemies":"Snecko","floor":22,"turns":6},{"damage":4,"enemies":"Gremlin Leader","floor":25,"turns":7},{"damage":8,"enemies":"Snake Plant","floor":29,"turns":4},{"damage":18,"enemies":"Sentry and Sphere","floor":31,"turns":6},{"damage":16,"enemies":"Automaton","floor":33,"turns":13},{"damage":27,"enemies":"3 Darklings","floor":35,"turns":5},{"damage":7,"enemies":"Orb Walker","floor":39,"turns":4},{"damage":12,"enemies":"Jaw Worm Horde","floor":41,"turns":4},{"damage":24,"enemies":"Transient","floor":44,"turns":5},{"damage":13,"enemies":"Sphere and 2 Shapes","floor":45,"turns":7},{"damage":7,"enemies":"Jaw Worm Horde","floor":46,"turns":2}],"seed_played":"-9043756442112066304","potions_obtained":[{"floor":5.0,"key":"Explosive Potion"},{"floor":12,"key":"Explosive Potion"},{"floor":13,"key":"Explosive Potion"},{"floor":18,"key":"Block Potion"},{"floor":21,"key":"SteroidPotion"},{"floor":25,"key":"Strength Potion"},{"floor":29,"key":"Energy Potion"},{"floor":33,"key":"Fire Potion"}],"is_trial":false,"path_per_floor":["M","M","?","?","M","R","M","E","T","R","?","E","M","$","R","B",null,"M","M","$","M","M","R","?","E","T","$","R","M","?","M","R","B",null,"M","?","?","?","M","R","M","R","T","M","M","M"],"character_chosen":"THE_SILENT","items_purchased":["Kunai"],"campfire_rested":5,"item_purchase_floors":[14],"current_hp_per_floor":[70,70,63,45,45,66,62,57,57,57,56,39,39,39,60,50,70,58,48,48,38,24,45,39,35,35,35,35,27,51,33,54,56,72,45,45,37,37,30,52,40,40,40,16,5,0],"gold":0,"neow_bonus":"THREE_ENEMY_KILL","is_prod":false,"is_daily":false,"chose_seed":false,"campfire_upgraded":2,"win_rate":0,"timestamp":1548365936,"path_taken":["M","M","?","?","M","R","M","E","T","R","?","E","M","$","R","BOSS","M","M","$","M","M","R","?","E","T","$","R","M","?","M","R","BOSS","M","?","?","?","M","R","M","R","T","M","M","M"],"build_version":"2019-01-23","purchased_purges":1,"victory":false,"max_hp_per_floor":[70,70,70,70,70,70,70,70,70,70,70,70,70,70,70,70,70,70,70,70,72,72,72,72,72,72,72,72,72,72,72,72,72,72,72,72,74,74,74,74,74,74,74,74,76,76],"card_choices":[{"not_picked":["Bane","Dash"],"picked":"Well Laid Plans","floor":1.0},{"not_picked":["PiercingWail","Tactician"],"picked":"Dagger Spray","floor":2.0},{"not_picked":["Prepared","Flying Knee"],"picked":"Sucker Punch","floor":5.0},{"not_picked":["All Out Attack","Setup"],"picked":"Backstab","floor":7.0},{"not_picked":["Flying Knee","Backflip"],"picked":"Skewer","floor":8.0},{"not_picked":["Deflect","Underhanded Strike"],"picked":"Caltrops","floor":11.0},{"not_picked":["Heel Hook","Endless Agony"],"picked":"PiercingWail","floor":12},{"not_picked":["Dagger Throw","Flying Knee"],"picked":"Caltrops","floor":13},{"not_picked":["Tools of the Trade","Bullet Time"],"picked":"A Thousand Cuts","floor":16},{"not_picked":["Deadly Poison","Dagger Throw+1"],"picked":"Blur","floor":18},{"not_picked":["Predator","Bane+1"],"picked":"Endless Agony","floor":19},{"not_picked":["Concentrate+1","Calculated Gamble","Poisoned Stab"],"picked":"Singing Bowl","floor":21},{"not_picked":["Outmaneuver","Poisoned Stab"],"picked":"Backflip","floor":22},{"not_picked":["Acrobatics","Choke"],"picked":"After Image","floor":25},{"not_picked":["Slice","Sucker Punch+1"],"picked":"Footwork+1","floor":29},{"not_picked":["Deadly Poison","Expertise"],"picked":"Blur","floor":31},{"not_picked":["After Image","Tools of the Trade"],"picked":"Burst","floor":33},{"not_picked":["Calculated Gamble+1","Underhanded Strike"],"picked":"Cloak And Dagger+1","floor":35},{"not_picked":["Secret Technique","Finesse","Swift Strike"],"picked":"Singing Bowl","floor":37},{"not_picked":["Impatience","Secret Technique"],"picked":"Mayhem","floor":37},{"not_picked":["Jack Of All Trades","Swift Strike"],"picked":"Dark Shackles","floor":37},{"not_picked":["Setup","Acrobatics+1"],"picked":"Terror+1","floor":39},{"not_picked":["Underhanded Strike+1","Dodge and Roll"],"picked":"Finisher","floor":41},{"not_picked":["Catalyst","Dagger Throw+1"],"picked":"Blur+1","floor":44},{"not_picked":["Tactician","Prepared","Heel Hook"],"picked":"Singing Bowl","floor":45}],"player_experience":147009,"relics_obtained":[{"floor":8.0,"key":"Singing Bowl"},{"floor":9.0,"key":"Art of War"},{"floor":11.0,"key":"Odd Mushroom"},{"floor":12,"key":"Pantograph"},{"floor":25,"key":"Paper Crane"},{"floor":43,"key":"Omamori"}],"event_choices":[{"cards_removed":["Strike_G"],"damage_healed":0.0,"max_hp_gain":0.0,"max_hp_loss":0.0,"gold_gain":0.0,"event_name":"Golden Wing","player_choice":"Card Removal","floor":3.0,"gold_loss":0.0,"damage_taken":7.0},{"damage_healed":0.0,"max_hp_gain":0.0,"max_hp_loss":0.0,"gold_gain":0.0,"event_name":"Scrap Ooze","player_choice":"Success","floor":4.0,"gold_loss":0.0,"damage_taken":18.0,"relics_obtained":["Vajra"]},{"damage_healed":0.0,"max_hp_gain":0.0,"max_hp_loss":0.0,"gold_gain":0.0,"event_name":"Mushrooms","player_choice":"Fought Mushrooms","floor":11.0,"gold_loss":0.0,"damage_taken":0.0},{"damage_healed":0,"gold_gain":0,"player_choice":"Joined the Cult","damage_taken":6,"max_hp_gain":0,"max_hp_loss":0,"event_name":"Nest","floor":24,"gold_loss":0,"cards_obtained":["RitualDagger"]},{"damage_healed":24,"gold_gain":0,"player_choice":"Heal","damage_taken":0,"max_hp_gain":0,"max_hp_loss":0,"event_name":"The Library","floor":30,"gold_loss":0},{"cards_removed":["Defend_G"],"damage_healed":0,"gold_gain":0,"player_choice":"Removed Skill","damage_taken":0,"max_hp_gain":0,"max_hp_loss":0,"event_name":"Falling","floor":36,"gold_loss":0},{"damage_healed":0,"gold_gain":0,"player_choice":"Memory 3","damage_taken":10,"max_hp_gain":0,"max_hp_loss":0,"event_name":"SensoryStone","floor":37,"gold_loss":0},{"damage_healed":0,"gold_gain":0,"player_choice":"Paid","damage_taken":0,"relics_obtained":["Red Mask"],"max_hp_gain":0,"max_hp_loss":0,"event_name":"Tomb of Lord Red Mask","floor":38,"gold_loss":14}],"is_beta":false,"boss_relics":[{"not_picked":["Calling Bell","Ring of the Serpent"],"picked":"Ectoplasm"},{"not_picked":["Empty Cage","Fusion Hammer"],"picked":"Sozu"}],"items_purged_floors":[20],"is_endless":false,"potions_floor_spawned":[5,12,13,18,21,25,29,33,39,44],"killed_by":"Jaw Worm Horde","ascension_level":0}