{"gold_per_floor":[111,111,286,301,301,26,40,57,57,57,77,95,95,95,95,169,169,181,181,196,246,146,146,146],"floor_reached":24,"playtime":977,"items_purged":["Doubt","Strike_B"],"score":307,"play_id":"e8bff84a-b095-4d0b-8279-5cb5718038c5","local_time":"20181229174336","is_ascension_mode":true,"campfire_choices":[{"floor":15,"key":"REST"},{"floor":23,"key":"REST"}],"neow_cost":"NONE","seed_source_timestamp":1038889707257865,"circlet_count":0,"master_deck":["AscendersBane","Strike_B","Strike_B","Defend_B","Defend_B","Defend_B","Defend_B+1","Zap","Dualcast+1","Loop","Conserve Battery","Coolheaded","BootSequence","White Noise","Rainbow","Cold Snap+1"],"relics":["Cracked Core","Pantograph","Runic Capacitor","Matryoshka","Ancient Tea Set","Mummified Hand","Molten Egg 2","Philosopher\u0027s Stone","Ornamental Fan","Lantern","Vajra"],"potions_floor_usage":[8],"damage_taken":[{"damage":14,"enemies":"Small Slimes","floor":1,"turns":3},{"damage":0,"enemies":"2 Louse","floor":4,"turns":3},{"damage":1,"enemies":"Cultist","floor":7,"turns":3},{"damage":15,"enemies":"Gremlin Gang","floor":8,"turns":3},{"damage":11,"enemies":"Exordium Thugs","floor":11,"turns":6},{"damage":0,"enemies":"Looter","floor":12,"turns":4},{"damage":25,"enemies":"The Guardian","floor":16,"turns":12},{"damage":33,"enemies":"3 Byrds","floor":18,"turns":5},{"damage":20,"enemies":"Chosen","floor":20,"turns":6},{"damage":42,"enemies":"3 Cultists","floor":24,"turns":4}],"seed_played":"-5712758472771553357","potions_obtained":[{"floor":4,"key":"Explosive Potion"},{"floor":8,"key":"Dexterity Potion"},{"floor":18,"key":"LiquidBronze"}],"is_trial":false,"path_per_floor":["M","?","?","M","?","$","M","M","T","T","M","M","$","?","R","B",null,"M","?","M","T","$","R","M"],"character_chosen":"DEFECT","items_purchased":["Runic Capacitor"],"campfire_rested":2,"item_purchase_floors":[6],"current_hp_per_floor":[54,39,39,39,32,32,31,16,16,16,5,5,5,5,27,27,63,30,30,10,10,10,32,0],"gold":146,"neow_bonus":"REMOVE_CARD","is_prod":false,"is_daily":false,"chose_seed":false,"campfire_upgraded":0,"win_rate":0,"timestamp":1546073016,"path_taken":["M","?","?","M","?","$","M","M","T","?","M","M","$","?","R","BOSS","M","?","?","?","?","R","M"],"build_version":"2018-12-20","purchased_purges":2,"victory":false,"max_hp_per_floor":[75,75,75,75,75,75,75,75,75,75,75,75,75,75,75,75,75,75,75,75,75,75,75,75],"card_choices":[{"not_picked":["Turbo","Scrape","Beam Cell"],"picked":"SKIP","floor":1},{"not_picked":["Beam Cell","Storm"],"picked":"Loop","floor":4},{"not_picked":["Reprogram","Beam Cell"],"picked":"Conserve Battery","floor":7},{"not_picked":["Hologram","Barrage"],"picked":"Coolheaded","floor":8},{"not_picked":["Chill","Sweeping Beam"],"picked":"BootSequence","floor":11},{"not_picked":["Steam Power","Coolheaded"],"picked":"White Noise","floor":12},{"not_picked":["Reboot","Hyperbeam+1"],"picked":"Rainbow","floor":16},{"not_picked":["Leap","Sweeping Beam+1","Doom and Gloom+1"],"picked":"SKIP","floor":18},{"not_picked":["Compile Driver+1","Go for the Eyes+1"],"picked":"Cold Snap+1","floor":20}],"player_experience":688895,"relics_obtained":[{"floor":9,"key":"Matryoshka"},{"floor":10,"key":"Ancient Tea Set"},{"floor":10,"key":"Mummified Hand"},{"floor":14,"key":"Molten Egg 2"},{"floor":21,"key":"Lantern"},{"floor":21,"key":"Vajra"}],"event_choices":[{"damage_healed":0,"gold_gain":0,"player_choice":"Entered Light","damage_taken":15,"max_hp_gain":0,"max_hp_loss":0,"event_name":"Shining Light","floor":2,"gold_loss":0,"cards_upgraded":["Defend_B","Dualcast"]},{"damage_healed":0,"gold_gain":175,"player_choice":"AGREE","damage_taken":0,"max_hp_gain":0,"max_hp_loss":0,"event_name":"Liars Game","floor":3,"gold_loss":0,"cards_obtained":["Doubt"]},{"damage_healed":0,"gold_gain":0,"player_choice":"Success","damage_taken":7,"relics_obtained":["Pantograph"],"max_hp_gain":0,"max_hp_loss":0,"event_name":"Scrap Ooze","floor":5,"gold_loss":0},{"damage_healed":0,"gold_gain":0,"player_choice":"Relic","damage_taken":0,"max_hp_gain":0,"max_hp_loss":0,"event_name":"Wheel of Change","floor":14,"gold_loss":0},{"damage_healed":0,"gold_gain":0,"player_choice":"Gave Potion","damage_taken":0,"relics_obtained":["Ornamental Fan"],"max_hp_gain":0,"max_hp_loss":0,"event_name":"WeMeetAgain","floor":19,"gold_loss":0}],"is_beta":false,"boss_relics":[{"not_picked":["Ectoplasm","Astrolabe"],"picked":"Philosopher\u0027s Stone"}],"items_purged_floors":[6,22],"is_endless":false,"potions_floor_spawned":[4,8,18],"killed_by":"3 Cultists","ascension_level":13}