{"gold_per_floor":[112,131,131,147,97,130,130,148,148,177,177,211,227,227,227,348,348,364,61,81,81,95,135,135,234,259,292,292,417,432,453,453,578,608,631,631,631,756,769,808,21,60,130,149,149,162,162,9,9,9,9,9,9,42,42],"floor_reached":55,"playtime":3575,"items_purged":["Normality"],"score":1029,"play_id":"a9b6a0bb-4d3d-4a20-90fb-998f3761d1b7","local_time":"20190114173017","is_ascension_mode":true,"campfire_choices":[{"floor":7,"key":"REST"},{"data":"Zap","floor":15,"key":"SMITH"},{"data":"Glacier","floor":24,"key":"SMITH"},{"data":"Dualcast","floor":28,"key":"SMITH"},{"floor":32,"key":"RECALL"},{"floor":45,"key":"DIG"},{"floor":49,"key":"DIG"},{"floor":52,"key":"DIG"}],"neow_cost":"NONE","seed_source_timestamp":499266017999044,"circlet_count":0,"master_deck":["Defend_B","Defend_B+1","Zap+1","Dualcast+1","BootSequence+1","Steam","Ball Lightning","Melter+1","Coolheaded","Sweeping Beam+1","Hello World","Beam Cell+1","Buffer+1","Self Repair+1","Glacier+1","Bite+1","Bite+1","Bite+1","Bite+1","Bite+1","Streamline+1","Cold Snap+1","Doubt","Decay","Dramatic Entrance+1","Stack","Buffer+1","Defragment+1","Capacitor+1","BootSequence","White Noise"],"relics":["Cracked Core","Mercury Hourglass","Molten Egg 2","Letter Opener","Bronze Scales","Golden Idol","Cables","Frozen Egg 2","Busted Crown","Meat on the Bone","Oddly Smooth Stone","The Courier","Incense Burner","Sundial","Calling Bell","Tiny Chest","Dodecahedron","Thread and Needle","FossilizedHelix","Ornamental Fan","PreservedInsect","Shovel","War Paint","StoneCalendar","Smiling Mask","Singing Bowl","Bag of Marbles","Bottled Lightning","Boot"],"potions_floor_usage":[16,29,29,40,40,40,46,50,54,55],"damage_taken":[{"damage":12,"enemies":"Small Slimes","floor":1,"turns":2},{"damage":0,"enemies":"Cultist","floor":2,"turns":4},{"damage":0,"enemies":"2 Louse","floor":4,"turns":2},{"damage":24,"enemies":"Lagavulin","floor":6,"turns":6},{"damage":0,"enemies":"2 Fungi Beasts","floor":8,"turns":2},{"damage":8,"enemies":"Gremlin Nob","floor":10,"turns":3},{"damage":10,"enemies":"Lagavulin","floor":12,"turns":4},{"damage":0,"enemies":"Blue Slaver","floor":13,"turns":2},{"damage":0,"enemies":"Slime Boss","floor":16,"turns":5},{"damage":5,"enemies":"2 Thieves","floor":18,"turns":3},{"damage":0,"enemies":"Chosen","floor":20,"turns":3},{"damage":1,"enemies":"Centurion and Healer","floor":22,"turns":5},{"damage":14,"enemies":"Gremlin Leader","floor":23,"turns":6},{"damage":3,"enemies":"Slavers","floor":27,"turns":3},{"damage":3,"enemies":"Colosseum Slavers","floor":29,"turns":3},{"damage":0,"enemies":"Colosseum Nobs","floor":29,"turns":3},{"damage":0,"enemies":"Cultist and Chosen","floor":30,"turns":4},{"damage":4,"enemies":"Snake Plant","floor":31,"turns":3},{"damage":29,"enemies":"Collector","floor":33,"turns":10},{"damage":0,"enemies":"3 Shapes","floor":35,"turns":4},{"damage":0,"enemies":"Mind Bloom Boss Battle","floor":38,"turns":6},{"damage":0,"enemies":"Orb Walker","floor":39,"turns":3},{"damage":19,"enemies":"Nemesis","floor":40,"turns":7},{"damage":0,"enemies":"Reptomancer","floor":42,"turns":6},{"damage":0,"enemies":"Spire Growth","floor":44,"turns":4},{"damage":0,"enemies":"Maw","floor":46,"turns":7},{"damage":20,"enemies":"Awakened One","floor":50,"turns":15},{"damage":39,"enemies":"Shield and Spear","floor":54,"turns":5},{"damage":70,"enemies":"The Heart","floor":55,"turns":3}],"seed_played":"-6146934117866982451","potions_obtained":[{"floor":1,"key":"LiquidBronze"},{"floor":10,"key":"Ancient Potion"},{"floor":12,"key":"Swift Potion"},{"floor":13,"key":"SkillPotion"},{"floor":22,"key":"PowerPotion"},{"floor":31,"key":"SneckoOil"},{"floor":35,"key":"GamblersBrew"},{"floor":38,"key":"AttackPotion"},{"floor":39,"key":"FearPotion"},{"floor":44,"key":"Swift Potion"},{"floor":54,"key":"Dexterity Potion"}],"is_trial":false,"path_per_floor":["M","M","?","M","?","E","R","M","T","E","?","E","M","T","R","B",null,"M","$","M","?","M","E","R","?","T","E","R","?","M","M","R","B",null,"M","?","?","?","M","E","$","E","T","M","R","M","?","$","R","B",null,"R","$","E","B"],"character_chosen":"DEFECT","items_purchased":["Self Repair+1","Blood Vial","Glacier","PreservedInsect","Shovel","Defragment+1","War Paint","StoneCalendar","PowerPotion","FocusPotion"],"campfire_rested":1,"item_purchase_floors":[19,19,19,41,41,41,41,41,48,48],"current_hp_per_floor":[70,70,70,70,70,46,70,70,70,62,62,52,52,52,52,52,76,71,71,76,76,76,76,76,76,76,76,76,76,76,76,76,74,76,76,76,76,76,76,76,76,76,76,76,76,78,78,78,78,78,78,78,78,58,0],"gold":42,"neow_bonus":"TEN_PERCENT_HP_BONUS","is_prod":false,"is_daily":false,"chose_seed":false,"campfire_upgraded":3,"win_rate":0,"timestamp":1547505017,"path_taken":["M","M","?","?","?","E","R","M","T","E","?","E","M","?","R","BOSS","M","$","M","?","M","E","R","?","T","E","R","?","M","M","R","BOSS","M","?","?","?","M","E","$","E","T","M","R","M","?","$","R","BOSS","R","$","E","BOSS"],"build_version":"2019-01-10","purchased_purges":1,"victory":false,"max_hp_per_floor":[82,82,82,82,82,82,82,82,82,82,76,76,76,76,76,76,76,76,76,76,76,76,76,76,76,76,76,76,76,76,76,76,76,76,76,76,76,76,76,76,76,76,76,76,76,78,78,78,78,78,78,78,78,78,78],"card_choices":[{"not_picked":["Barrage","Streamline"],"picked":"BootSequence","floor":1},{"not_picked":["Rebound","Redo"],"picked":"Steam","floor":2},{"not_picked":["Doom and Gloom","Lockon"],"picked":"Ball Lightning","floor":4},{"not_picked":["Skim","Chill"],"picked":"Melter","floor":6},{"not_picked":["Gash+1","Steam Power"],"picked":"Coolheaded","floor":8},{"not_picked":["Leap","Scrape+1"],"picked":"Sweeping Beam+1","floor":10},{"not_picked":["Multi-Cast","Reprogram"],"picked":"Hello World","floor":12},{"not_picked":["Gash+1","Rebound+1"],"picked":"Beam Cell+1","floor":13},{"not_picked":["Reboot","Creative AI+1"],"picked":"Buffer+1","floor":16},{"not_picked":["Hello World+1"],"picked":"SKIP","floor":18},{"not_picked":["Steam"],"picked":"SKIP","floor":20},{"not_picked":["BootSequence"],"picked":"SKIP","floor":22},{"not_picked":[],"picked":"Streamline+1","floor":23},{"not_picked":["Heatsinks+1"],"picked":"SKIP","floor":27},{"not_picked":[],"picked":"Cold Snap+1","floor":29},{"not_picked":["Gash+1"],"picked":"SKIP","floor":30},{"not_picked":["Doom and Gloom+1"],"picked":"SKIP","floor":31},{"not_picked":[],"picked":"Core Surge+1","floor":33},{"not_picked":["Doom and Gloom+1"],"picked":"SKIP","floor":35},{"not_picked":[],"picked":"Dramatic Entrance+1","floor":36},{"not_picked":[],"picked":"Stack","floor":38},{"not_picked":["Barrage+1"],"picked":"SKIP","floor":39},{"not_picked":[],"picked":"Buffer+1","floor":40},{"not_picked":["Reinforced Body"],"picked":"SKIP","floor":42},{"not_picked":[],"picked":"Capacitor+1","floor":44},{"not_picked":["Conserve Battery"],"picked":"Singing Bowl","floor":46},{"not_picked":[],"picked":"White Noise","floor":54}],"player_experience":219549,"relics_obtained":[{"floor":6,"key":"Molten Egg 2"},{"floor":9,"key":"Letter Opener"},{"floor":10,"key":"Bronze Scales"},{"floor":12,"key":"Cables"},{"floor":14,"key":"Frozen Egg 2"},{"floor":23,"key":"Meat on the Bone"},{"floor":26,"key":"Oddly Smooth Stone"},{"floor":27,"key":"The Courier"},{"floor":29,"key":"Incense Burner"},{"floor":29,"key":"Sundial"},{"floor":34,"key":"Tiny Chest"},{"floor":34,"key":"Dodecahedron"},{"floor":34,"key":"Thread and Needle"},{"floor":38,"key":"FossilizedHelix"},{"floor":40,"key":"Ornamental Fan"},{"floor":42,"key":"Smiling Mask"},{"floor":45,"key":"Singing Bowl"},{"floor":49,"key":"Bag of Marbles"},{"floor":52,"key":"Bottled Lightning"},{"floor":54,"key":"Boot"}],"event_choices":[{"damage_healed":0,"gold_gain":0,"player_choice":"Gave Potion","damage_taken":0,"relics_obtained":["Mercury Hourglass"],"max_hp_gain":0,"max_hp_loss":0,"event_name":"WeMeetAgain","floor":3,"gold_loss":0},{"cards_removed":["Defend_B"],"damage_healed":0,"gold_gain":0,"player_choice":"Card Removal","damage_taken":0,"max_hp_gain":0,"max_hp_loss":0,"event_name":"The Cleric","floor":5,"gold_loss":50},{"damage_healed":0,"gold_gain":0,"player_choice":"Lose Max HP","damage_taken":0,"relics_obtained":["Golden Idol"],"max_hp_gain":0,"max_hp_loss":6,"event_name":"Golden Idol","floor":11,"gold_loss":0},{"damage_healed":0,"gold_gain":0,"player_choice":"Became a vampire (Vial)","damage_taken":0,"max_hp_gain":0,"max_hp_loss":0,"event_name":"Vampires","floor":21,"relics_lost":["Blood Vial"],"gold_loss":0,"cards_obtained":["Bite","Bite","Bite","Bite","Bite"]},{"damage_healed":0,"gold_gain":99,"player_choice":"Stole From Cult","damage_taken":0,"max_hp_gain":0,"max_hp_loss":0,"event_name":"Nest","floor":25,"gold_loss":0},{"damage_healed":0,"gold_gain":0,"player_choice":"Fight","damage_taken":0,"max_hp_gain":0,"max_hp_loss":0,"event_name":"Colosseum","floor":29,"gold_loss":0},{"damage_healed":0,"gold_gain":0,"player_choice":"Fought Nobs","damage_taken":0,"max_hp_gain":0,"max_hp_loss":0,"event_name":"Colosseum","floor":29,"gold_loss":0},{"damage_healed":0,"gold_gain":0,"player_choice":"Memory 1","damage_taken":0,"max_hp_gain":0,"max_hp_loss":0,"event_name":"SensoryStone","floor":36,"gold_loss":0},{"cards_removed":["Core Surge"],"damage_healed":0,"gold_gain":0,"player_choice":"Removed Attack","damage_taken":0,"max_hp_gain":0,"max_hp_loss":0,"event_name":"Falling","floor":37,"gold_loss":0},{"damage_healed":0,"gold_gain":0,"player_choice":"Fight","damage_taken":0,"max_hp_gain":0,"max_hp_loss":0,"event_name":"MindBloom","floor":38,"gold_loss":0},{"damage_healed":0,"gold_gain":0,"cards_transformed":["Defend_B"],"player_choice":"Transformed","damage_taken":0,"max_hp_gain":0,"max_hp_loss":0,"event_name":"Transmorgrifier","floor":47,"gold_loss":0,"cards_obtained":["BootSequence"]}],"is_beta":false,"boss_relics":[{"not_picked":["Pandora\u0027s Box","White Beast Statue"],"picked":"Busted Crown"},{"not_picked":["Philosopher\u0027s Stone","Fusion Hammer"],"picked":"Calling Bell"}],"items_purged_floors":[48],"is_endless":false,"potions_floor_spawned":[1,10,12,13,22,23,31,35,38,39,44,54],"killed_by":"The Heart","ascension_level":3}