{"gold_per_floor":[111,122,122,122,2,31,31,57,134,134,150,178,190,365,365,466,466,466,284,284,284,284,284,284,284,284,284,284,284,284,284,284,284,284,284,284,284,284,284,284,284,184,184,184,184,184,184,184,184,184],"floor_reached":50,"playtime":1993,"items_purged":["Pain","Doubt"],"score":982,"play_id":"84732a61-578d-48c0-b287-5f26d8bf2127","local_time":"20181217162720","is_ascension_mode":true,"campfire_choices":[{"data":"Zap","floor":7.0,"key":"SMITH"},{"floor":15.0,"key":"REST"},{"floor":24,"key":"REST"},{"floor":32,"key":"REST"},{"floor":40,"key":"REST"},{"data":"Go for the Eyes","floor":44,"key":"SMITH"},{"floor":46,"key":"REST"},{"floor":49,"key":"RECALL"}],"neow_cost":"NONE","seed_source_timestamp":0,"circlet_count":0,"master_deck":["AscendersBane","Defend_B","Defend_B","Zap+1","Dualcast","Coolheaded","Compile Driver","Conserve Battery","Genetic Algorithm","Skim+1","Sweeping Beam","Ball Lightning","Coolheaded+1","Ball Lightning","Core Surge","Chill+1","J.A.X.+1","Go for the Eyes+1","Compile Driver+1","Streamline+1","Core Surge","Beam Cell+1","Bite","Bite","Bite","Bite","Bite","Fission+1","Creative AI+1","Buffer+1","Turbo+1","Hologram+1","Ball Lightning+1","Dark Shackles+1","Rebound+1","Recycle+1","Undo+1","Go for the Eyes+1"],"special_seed":0,"relics":["Cracked Core","NeowsBlessing","WarpedTongs","Centennial Puzzle","Toxic Egg 2","Kunai","Ancient Tea Set","Ectoplasm","PreservedInsect","Ornamental Fan","Strawberry","Omamori","Shuriken","Astrolabe","Oddly Smooth Stone"],"potions_floor_usage":[28,33,45,50,50,50,50,50],"damage_taken":[{"damage":0.0,"enemies":"Cultist","floor":1.0,"turns":1.0},{"damage":0.0,"enemies":"2 Louse","floor":2.0,"turns":1.0},{"damage":0.0,"enemies":"Lagavulin","floor":6.0,"turns":1.0},{"damage":23.0,"enemies":"3 Sentries","floor":8.0,"turns":8.0},{"damage":10.0,"enemies":"Jaw Worm","floor":11.0,"turns":3.0},{"damage":24.0,"enemies":"Gremlin Nob","floor":12.0,"turns":4.0},{"damage":3.0,"enemies":"3 Louse","floor":13.0,"turns":4.0},{"damage":19.0,"enemies":"Slime Boss","floor":16.0,"turns":10.0},{"damage":9,"enemies":"Shell Parasite","floor":18,"turns":5},{"damage":5,"enemies":"3 Byrds","floor":21,"turns":4},{"damage":25,"enemies":"Book of Stabbing","floor":23,"turns":5},{"damage":3,"enemies":"Snake Plant","floor":25,"turns":3},{"damage":3,"enemies":"Gremlin Leader","floor":27,"turns":4},{"damage":15,"enemies":"Centurion and Healer","floor":28,"turns":5},{"damage":11,"enemies":"Book of Stabbing","floor":29,"turns":3},{"damage":63,"enemies":"Automaton","floor":33,"turns":8},{"damage":40,"enemies":"3 Darklings","floor":35,"turns":4},{"damage":0,"enemies":"Orb Walker","floor":36,"turns":3},{"damage":3,"enemies":"Maw","floor":39,"turns":8},{"damage":3,"enemies":"Reptomancer","floor":41,"turns":4},{"damage":45,"enemies":"Writhing Mass","floor":45,"turns":5},{"damage":8,"enemies":"3 Darklings","floor":48,"turns":4},{"damage":83,"enemies":"Donu and Deca","floor":50,"turns":7}],"seed_played":"6375321850734055899","potions_obtained":[{"floor":11.0,"key":"Strength Potion"},{"floor":12.0,"key":"EntropicBrew"},{"floor":13.0,"key":"SmokeBomb"},{"floor":25,"key":"Regen Potion"},{"floor":28,"key":"Fruit Juice"},{"floor":33,"key":"PowerPotion"},{"floor":35,"key":"EssenceOfSteel"},{"floor":45,"key":"Regen Potion"}],"is_trial":false,"path_per_floor":["M","M","$","?","$","E","R","E","T","?","M","E","M","?","R","B",null,"M","$","?","M","$","E","R","M","T","E","M","E","?","?","R","B",null,"M","M","?","?","M","R","E","$","T","R","M","R","$","M","R","B"],"character_chosen":"DEFECT","items_purchased":["Conserve Battery","PreservedInsect","Chill+1"],"campfire_rested":5,"item_purchase_floors":[5,19,19],"current_hp_per_floor":[68,68,68,68,68,68,68,45,45,45,35,11,8,8,30,11,59,50,50,50,45,45,20,42,39,46,43,33,22,22,22,40,16,49,15,25,25,25,30,48,49,49,49,49,16,34,34,34,34,0],"gold":184,"neow_bonus":"THREE_ENEMY_KILL","is_prod":false,"is_daily":false,"chose_seed":false,"campfire_upgraded":2,"win_rate":0,"timestamp":1545082040,"path_taken":["M","?","$","?","?","E","R","E","T","?","M","E","?","?","R","BOSS","M","$","?","M","$","E","R","M","T","E","M","E","?","?","R","BOSS","M","M","?","?","M","R","E","$","T","R","M","R","$","M","R","BOSS"],"build_version":"2018-12-13","purchased_purges":2,"victory":false,"max_hp_per_floor":[75,75,75,75,75,75,75,75,75,75,75,75,75,75,75,75,75,75,75,75,75,75,75,75,75,82,82,87,87,87,60,60,60,60,60,60,60,60,60,60,60,60,60,60,60,60,60,60,60,60],"card_choices":[{"not_picked":["Recycle","Rebound"],"picked":"Coolheaded","floor":1.0},{"not_picked":["Turbo","Lockon"],"picked":"Compile Driver","floor":2.0},{"not_picked":["Storm","Redo"],"picked":"Genetic Algorithm","floor":6.0},{"not_picked":["Barrage","Turbo"],"picked":"Skim","floor":8.0},{"not_picked":["Stack+1","Beam Cell"],"picked":"Ball Lightning","floor":11.0},{"not_picked":["Conserve Battery+1","Leap+1"],"picked":"Coolheaded+1","floor":12.0},{"not_picked":["Steam+1","Leap+1"],"picked":"Ball Lightning","floor":13.0},{"not_picked":["Thunder Strike","Biased Cognition"],"picked":"Core Surge","floor":16.0},{"not_picked":["Gash","Ball Lightning","Skim+1"],"picked":"SKIP","floor":18},{"not_picked":["Conserve Battery+1","Cold Snap"],"picked":"Go for the Eyes","floor":21},{"not_picked":["Leap+1","Defragment+1"],"picked":"Compile Driver+1","floor":23},{"not_picked":["Hologram+1","White Noise+1"],"picked":"Streamline+1","floor":25},{"not_picked":["Redo+1","Lockon"],"picked":"Core Surge","floor":27},{"not_picked":["Redo+1","Scrape"],"picked":"Aggregate+1","floor":28},{"not_picked":["Meteor Strike","Melter"],"picked":"Beam Cell+1","floor":29},{"not_picked":["Biased Cognition","Multi-Cast+1"],"picked":"Fission+1","floor":33},{"not_picked":["Cold Snap","Sweeping Beam"],"picked":"Hologram+1","floor":35},{"not_picked":["Sunder+1","Static Discharge"],"picked":"Ball Lightning+1","floor":36},{"not_picked":["Mind Blast","PanicButton+1"],"picked":"Dark Shackles+1","floor":37},{"not_picked":["Stack+1","Go for the Eyes+1"],"picked":"Rebound+1","floor":39},{"not_picked":["Rip and Tear","Hologram+1"],"picked":"Recycle+1","floor":41},{"not_picked":["Redo+1","Steam+1"],"picked":"Undo+1","floor":45},{"not_picked":["Auto Shields+1","Scrape+1"],"picked":"Go for the Eyes+1","floor":48}],"player_experience":357399,"relics_obtained":[{"floor":6.0,"key":"Centennial Puzzle"},{"floor":8.0,"key":"Toxic Egg 2"},{"floor":9.0,"key":"Kunai"},{"floor":12.0,"key":"Ancient Tea Set"},{"floor":23,"key":"Ornamental Fan"},{"floor":26,"key":"Strawberry"},{"floor":27,"key":"Omamori"},{"floor":29,"key":"Shuriken"},{"floor":41,"key":"Oddly Smooth Stone"}],"event_choices":[{"damage_healed":0.0,"max_hp_gain":0.0,"max_hp_loss":0.0,"gold_gain":0.0,"event_name":"Accursed Blacksmith","player_choice":"Rummage","floor":4.0,"gold_loss":0.0,"damage_taken":0.0,"relics_obtained":["WarpedTongs"],"cards_obtained":["Pain"]},{"damage_healed":0.0,"max_hp_gain":0.0,"max_hp_loss":0.0,"gold_gain":0.0,"cards_transformed":["Strike_B"],"event_name":"Transmorgrifier","player_choice":"Transformed","floor":10.0,"gold_loss":0.0,"damage_taken":0.0,"cards_obtained":["Sweeping Beam"]},{"damage_healed":0.0,"max_hp_gain":0.0,"max_hp_loss":0.0,"gold_gain":175.0,"event_name":"Liars Game","player_choice":"AGREE","floor":14.0,"gold_loss":0.0,"damage_taken":0.0,"cards_obtained":["Doubt"]},{"damage_healed":0,"gold_gain":0,"player_choice":"Obtain J.A.X.","damage_taken":0,"max_hp_gain":0,"max_hp_loss":0,"event_name":"Drug Dealer","floor":20,"gold_loss":0,"cards_obtained":["J.A.X."]},{"damage_healed":0,"gold_gain":0,"player_choice":"Smashed Altar","damage_taken":0,"max_hp_gain":0,"max_hp_loss":0,"event_name":"Forgotten Altar","floor":30,"gold_loss":0,"cards_obtained":["Decay"]},{"damage_healed":0,"gold_gain":0,"player_choice":"Became a vampire","damage_taken":0,"max_hp_gain":0,"max_hp_loss":27,"event_name":"Vampires","floor":31,"gold_loss":0,"cards_obtained":["Bite","Bite","Bite","Bite","Bite"]},{"damage_healed":0,"gold_gain":0,"player_choice":"Memory 1","damage_taken":0,"max_hp_gain":0,"max_hp_loss":0,"event_name":"SensoryStone","floor":37,"gold_loss":0},{"damage_healed":0,"gold_gain":0,"player_choice":"Ignored","damage_taken":0,"max_hp_gain":0,"max_hp_loss":0,"event_name":"Tomb of Lord Red Mask","floor":38,"gold_loss":0}],"is_beta":false,"boss_relics":[{"not_picked":["Busted Crown","White Beast Statue"],"picked":"Ectoplasm"},{"not_picked":["Runic Pyramid","Inserter"],"picked":"Astrolabe"}],"items_purged_floors":[5,42],"is_endless":false,"potions_floor_spawned":[11,12,13,25,27,28,33,35,45,48],"killed_by":"Donu and Deca","ascension_level":10}