{"gold_per_floor":[118,137,58,58,58,92,92,120,120,132,150,150,166,191,191,293,293,308,88,68,82,102,102,129,151,187,215,238,261,273,297,309,423,435,464,476,488,38,0,0,27,40,40,60,73,73,85,104,104,104],"floor_reached":51,"playtime":2860,"items_purged":["Strike_R","Strike_R"],"score":823,"play_id":"e4a8fca2-9bac-4476-8fb7-a541f07e2c66","local_time":"20190207125043","is_ascension_mode":false,"campfire_choices":[{"data":"Bash","floor":12,"key":"SMITH"},{"data":"Power Through","floor":15,"key":"SMITH"},{"data":"Infernal Blade","floor":23,"key":"SMITH"},{"data":"Metallicize","floor":30,"key":"SMITH"},{"data":"Shrug It Off","floor":32,"key":"SMITH"},{"data":"Seeing Red","floor":40,"key":"SMITH"},{"data":"Iron Wave","floor":46,"key":"SMITH"},{"floor":49,"key":"REST"}],"neow_cost":"NONE","seed_source_timestamp":619669367131709,"circlet_count":0,"master_deck":["Strike_R","Strike_R","Strike_R","Defend_R","Defend_R","Defend_R","Defend_R","Bash+1","Shrug It Off+1","Metallicize+1","Clothesline","Wild Strike","Infernal Blade+1","Seeing Red+1","Power Through+1","Reaper","Disarm+1","Iron Wave+1","Shame","Armaments+1","Parasite","Whirlwind"],"relics":["Burning Blood","Mercury Hourglass","Thread and Needle","Bottled Lightning","Champion Belt","Cursed Key","Omamori","MawBank","Bag of Preparation","Lizard Tail","Blue Candle","Ice Cream","Red Mask","Regal Pillow","FossilizedHelix"],"potions_floor_usage":[8,16,24,33,33,35,47,50,50,50],"damage_taken":[{"damage":0,"enemies":"Small Slimes","floor":1,"turns":4},{"damage":0,"enemies":"2 Louse","floor":2,"turns":3},{"damage":23,"enemies":"Gremlin Nob","floor":6,"turns":5},{"damage":10,"enemies":"3 Sentries","floor":8,"turns":9},{"damage":0,"enemies":"Cultist","floor":10,"turns":3},{"damage":0,"enemies":"3 Louse","floor":11,"turns":2},{"damage":3,"enemies":"Exordium Thugs","floor":13,"turns":3},{"damage":3,"enemies":"Gremlin Nob","floor":14,"turns":4},{"damage":42,"enemies":"Hexaghost","floor":16,"turns":11},{"damage":0,"enemies":"Shell Parasite","floor":18,"turns":8},{"damage":8,"enemies":"3 Byrds","floor":21,"turns":6},{"damage":26,"enemies":"3 Cultists","floor":22,"turns":8},{"damage":0,"enemies":"Book of Stabbing","floor":24,"turns":7},{"damage":18,"enemies":"Snecko","floor":25,"turns":7},{"damage":0,"enemies":"Snake Plant","floor":27,"turns":4},{"damage":6,"enemies":"Shelled Parasite and Fungi","floor":28,"turns":5},{"damage":0,"enemies":"3 Cultists","floor":29,"turns":6},{"damage":5,"enemies":"Cultist and Chosen","floor":31,"turns":8},{"damage":55,"enemies":"Champ","floor":33,"turns":15},{"damage":14,"enemies":"3 Darklings","floor":35,"turns":8},{"damage":66,"enemies":"Nemesis","floor":41,"turns":13},{"damage":1,"enemies":"Orb Walker","floor":42,"turns":5},{"damage":5,"enemies":"3 Darklings","floor":44,"turns":8},{"damage":7,"enemies":"Writhing Mass","floor":45,"turns":5},{"damage":1,"enemies":"Sphere and 2 Shapes","floor":47,"turns":8},{"damage":25,"enemies":"Spire Growth","floor":48,"turns":9},{"damage":55,"enemies":"Awakened One","floor":50,"turns":12}],"seed_played":"-1894000323042000335","potions_obtained":[{"floor":6,"key":"SkillPotion"},{"floor":7,"key":"Block Potion"},{"floor":7,"key":"Strength Potion"},{"floor":10,"key":"Strength Potion"},{"floor":20,"key":"Energy Potion"},{"floor":24,"key":"Fruit Juice"},{"floor":27,"key":"SkillPotion"},{"floor":33,"key":"Explosive Potion"},{"floor":44,"key":"Block Potion"},{"floor":47,"key":"SteroidPotion"}],"is_trial":false,"path_per_floor":["M","M","$","?","?","E","?","E","T","M","M","R","M","E","R","B",null,"M","$","?","M","M","R","E","M","T","M","M","M","R","M","R","B",null,"M","?","T","$","?","R","E","M","T","M","M","R","M","M","R","B",null],"character_chosen":"IRONCLAD","items_purchased":["Metallicize","Omamori","PowerPotion","Ice Cream"],"campfire_rested":1,"item_purchase_floors":[3,19,38,38],"current_hp_per_floor":[88,88,88,88,93,76,76,72,72,78,84,84,87,90,90,54,93,93,93,93,93,81,81,96,90,90,96,97,98,98,98,98,58,98,98,93,93,93,93,93,34,39,39,52,51,51,56,41,83,56],"gold":104,"neow_bonus":"TEN_PERCENT_HP_BONUS","is_prod":false,"is_daily":false,"chose_seed":false,"campfire_upgraded":7,"win_rate":0,"timestamp":1549561843,"path_taken":["M","M","$","?","?","E","?","E","T","?","M","R","M","E","R","BOSS","M","$","?","M","M","R","E","M","T","M","M","M","R","M","R","BOSS","M","?","?","$","?","R","E","M","T","M","M","R","M","M","R","BOSS"],"build_version":"2019-01-23","purchased_purges":2,"victory":true,"max_hp_per_floor":[88,88,88,88,93,93,93,93,93,93,93,93,93,93,93,93,93,93,93,93,93,93,93,98,98,98,98,98,98,98,98,98,98,98,98,93,93,93,93,93,93,93,93,93,93,93,93,93,93,93],"card_choices":[{"not_picked":["Warcry","Rupture","Thunderclap"],"picked":"SKIP","floor":1},{"not_picked":["Intimidate","Cleave"],"picked":"Shrug It Off","floor":2},{"not_picked":["Clash","Burning Pact"],"picked":"Clothesline","floor":6},{"not_picked":["Pummel","Cleave"],"picked":"Wild Strike","floor":8},{"not_picked":["Twin Strike","Impervious"],"picked":"Infernal Blade","floor":10},{"not_picked":["Heavy Blade","Evolve"],"picked":"Seeing Red","floor":11},{"not_picked":["Pommel Strike","Corruption"],"picked":"Power Through","floor":13},{"not_picked":["Searing Blow","Heavy Blade","Intimidate"],"picked":"SKIP","floor":14},{"not_picked":["Dark Embrace","Fiend Fire"],"picked":"Reaper","floor":16},{"not_picked":["Second Wind+1","Armaments"],"picked":"Disarm+1","floor":18},{"not_picked":["Rampage","Thunderclap","Cleave"],"picked":"SKIP","floor":21},{"not_picked":["Corruption","Perfected Strike"],"picked":"Iron Wave","floor":22},{"not_picked":["Sentinel","Rupture+1","Havoc"],"picked":"SKIP","floor":24},{"not_picked":["Disarm","Intimidate+1","Flex"],"picked":"SKIP","floor":25},{"not_picked":["Perfected Strike","Pummel","Flex+1"],"picked":"SKIP","floor":27},{"not_picked":["Burning Pact+1","Anger+1","Iron Wave"],"picked":"SKIP","floor":28},{"not_picked":["Thunderclap","Limit Break","Wild Strike"],"picked":"SKIP","floor":29},{"not_picked":["Shockwave","Thunderclap","Second Wind"],"picked":"SKIP","floor":31},{"not_picked":["Clothesline+1","Burning Pact+1","Body Slam"],"picked":"SKIP","floor":35},{"not_picked":["Sentinel","Sever Soul","Pommel Strike"],"picked":"SKIP","floor":41},{"not_picked":["Hemokinesis+1","Dual Wield+1","Flex+1"],"picked":"SKIP","floor":42},{"not_picked":["Pommel Strike+1","Berserk"],"picked":"Armaments+1","floor":44},{"not_picked":["Anger+1","Body Slam+1","Combust+1"],"picked":"SKIP","floor":45},{"not_picked":["Hemokinesis+1","Dual Wield+1","Clash+1"],"picked":"SKIP","floor":47},{"not_picked":["Feel No Pain+1","Armaments+1"],"picked":"Whirlwind","floor":48}],"player_experience":197477,"relics_obtained":[{"floor":6,"key":"Mercury Hourglass"},{"floor":8,"key":"Thread and Needle"},{"floor":9,"key":"Bottled Lightning"},{"floor":14,"key":"Champion Belt"},{"floor":24,"key":"MawBank"},{"floor":26,"key":"Bag of Preparation"},{"floor":37,"key":"Blue Candle"},{"floor":41,"key":"Regal Pillow"},{"floor":43,"key":"FossilizedHelix"}],"event_choices":[{"damage_healed":0,"gold_gain":0,"player_choice":"Leave","damage_taken":0,"max_hp_gain":0,"max_hp_loss":0,"event_name":"The Cleric","floor":4,"gold_loss":0},{"damage_healed":0,"gold_gain":0,"player_choice":"Donut","damage_taken":0,"max_hp_gain":5,"max_hp_loss":0,"event_name":"Big Fish","floor":5,"gold_loss":0},{"damage_healed":0,"gold_gain":0,"player_choice":"Got Potions","damage_taken":0,"max_hp_gain":0,"max_hp_loss":0,"event_name":"Lab","floor":7,"gold_loss":0},{"damage_healed":0,"gold_gain":0,"player_choice":"Bought 1 Potion","damage_taken":0,"max_hp_gain":0,"max_hp_loss":0,"event_name":"The Woman in Blue","floor":20,"gold_loss":0},{"damage_healed":0,"gold_gain":0,"player_choice":"Max HP","damage_taken":0,"max_hp_gain":0,"max_hp_loss":5,"event_name":"Winding Halls","floor":36,"gold_loss":0},{"damage_healed":0,"gold_gain":0,"player_choice":"Paid","damage_taken":0,"relics_obtained":["Red Mask"],"max_hp_gain":0,"max_hp_loss":0,"event_name":"Tomb of Lord Red Mask","floor":39,"gold_loss":38}],"is_beta":false,"boss_relics":[{"not_picked":["Busted Crown","Black Star"],"picked":"Cursed Key"},{"not_picked":["Runic Dome","Eternal Feather"],"picked":"Lizard Tail"}],"items_purged_floors":[19,38],"is_endless":false,"potions_floor_spawned":[6,10,11,13,24,27,28,31,33,44,47],"ascension_level":0}