{"gold_per_floor":[118,129,129,4,4,34,34,61,61,61,22,32,32,51,51,147,147,160,60,75,38,56,81,96,96,96,124,124,141,141,169,169,272,272,289,289,304,404,452,484,498,498,498,498,18,32,48,64,64,64],"floor_reached":51,"playtime":4337,"items_purged":["Strike_G"],"score":817,"play_id":"154c4d2c-011d-40f2-b66b-1650e13cdbf0","local_time":"20190130182844","is_ascension_mode":true,"campfire_choices":[{"data":"Backstab","floor":7.0,"key":"SMITH"},{"data":"Noxious Fumes","floor":10.0,"key":"SMITH"},{"data":"Backstab","floor":13.0,"key":"SMITH"},{"data":"Neutralize","floor":15.0,"key":"SMITH"},{"data":"Dash","floor":25.0,"key":"SMITH"},{"data":"Burst","floor":30.0,"key":"SMITH"},{"data":"Glass Knife","floor":32.0,"key":"SMITH"},{"data":"Catalyst","floor":44,"key":"SMITH"},{"data":"Backstab","floor":49,"key":"SMITH"}],"neow_cost":"NONE","seed_source_timestamp":0,"circlet_count":0,"master_deck":["Defend_G","Defend_G","Defend_G+1","Defend_G","Defend_G","Strike_G","Strike_G","Strike_G+1","Strike_G","Survivor","Neutralize+1","Sucker Punch","Backstab+1","Noxious Fumes+1","Cloak And Dagger","Deflect","Backstab+1","Concentrate","Glass Knife+1","Deadly Poison+1","Deadly Poison","Bouncing Flask","Dash+1","Crippling Poison+1","Cloak And Dagger+1","Dodge and Roll+1","Burst+1","Adrenaline","Catalyst+1","Caltrops","Backflip+1","Blur","PiercingWail+1","Escape Plan+1","After Image+1","Infinite Blades+1","Footwork+1","Backstab+1","Dodge and Roll","Wraith Form v2+1","PiercingWail"],"special_seed":0,"relics":["Ring of the Snake","Letter Opener","Sundial","Blood Vial","Meat on the Bone","Sozu","Bag of Preparation","Pantograph","Omamori","Regal Pillow","Vajra","Cursed Key","The Specimen","Prayer Wheel","Frozen Egg 2","Ninja Scroll","Membership Card","Kunai","Strawberry"],"potions_floor_usage":[],"damage_taken":[{"damage":2.0,"enemies":"Small Slimes","floor":1.0,"turns":5.0},{"damage":1.0,"enemies":"Jaw Worm","floor":2.0,"turns":3.0},{"damage":9.0,"enemies":"3 Sentries","floor":6.0,"turns":7.0},{"damage":13.0,"enemies":"Lagavulin","floor":8.0,"turns":8.0},{"damage":0.0,"enemies":"2 Louse","floor":12.0,"turns":2.0},{"damage":0.0,"enemies":"Blue Slaver","floor":14.0,"turns":1.0},{"damage":8.0,"enemies":"The Guardian","floor":16.0,"turns":12.0},{"damage":0.0,"enemies":"3 Byrds","floor":18.0,"turns":5.0},{"damage":0.0,"enemies":"Spheric Guardian","floor":20.0,"turns":3.0},{"damage":18.0,"enemies":"Shelled Parasite and Fungi","floor":22.0,"turns":5.0},{"damage":37.0,"enemies":"Book of Stabbing","floor":23.0,"turns":6.0},{"damage":14.0,"enemies":"Chosen and Byrds","floor":24.0,"turns":5.0},{"damage":0.0,"enemies":"Gremlin Leader","floor":27.0,"turns":6.0},{"damage":18.0,"enemies":"Snake Plant","floor":29.0,"turns":3.0},{"damage":18.0,"enemies":"Slavers","floor":31.0,"turns":4.0},{"damage":46.0,"enemies":"Automaton","floor":33.0,"turns":9.0},{"damage":6,"enemies":"Orb Walker","floor":35,"turns":2},{"damage":0,"enemies":"3 Shapes","floor":37,"turns":2},{"damage":6,"enemies":"Mind Bloom Boss Battle","floor":38,"turns":5},{"damage":24,"enemies":"2 Orb Walkers","floor":39,"turns":4},{"damage":27,"enemies":"Nemesis","floor":40,"turns":5},{"damage":0,"enemies":"Jaw Worm Horde","floor":41,"turns":4},{"damage":0,"enemies":"Sphere and 2 Shapes","floor":46,"turns":4},{"damage":8,"enemies":"Maw","floor":47,"turns":7},{"damage":0,"enemies":"Transient","floor":48,"turns":5},{"damage":58,"enemies":"Awakened One","floor":50,"turns":18}],"seed_played":"-3828054825826729149","potions_obtained":[{"floor":2.0,"key":"Energy Potion"},{"floor":6.0,"key":"Regen Potion"},{"floor":12.0,"key":"Block Potion"}],"is_trial":false,"path_per_floor":["M","M","?","$","?","E","R","E","T","R","$","M","R","M","R","B",null,"M","$","M","$","M","E","M","R","T","E","?","M","R","E","R","B",null,"M","?","M","?","?","E","M","?","T","R","$","M","M","M","R","B",null],"character_chosen":"THE_SILENT","items_purchased":["Noxious Fumes","Cloak And Dagger","Concentrate","Deadly Poison","Bouncing Flask","After Image+1","Membership Card","Kunai","Strawberry"],"campfire_rested":0,"item_purchase_floors":[4,4,11,19,21,45,45,45,45],"current_hp_per_floor":[75,74,62,62,47,38,38,40,40,40,40,42,42,44,44,50,77,77,77,77,77,59,36,36,36,36,50,50,46,46,42,42,35,77,71,71,73,71,49,36,50,50,50,50,57,59,53,55,55,34],"gold":64,"neow_bonus":"TEN_PERCENT_HP_BONUS","is_prod":false,"is_daily":false,"chose_seed":false,"campfire_upgraded":9,"win_rate":0,"timestamp":1548890924,"path_taken":["M","M","?","$","?","E","R","E","T","R","?","M","R","M","R","BOSS","M","$","M","$","M","E","M","R","T","E","?","M","R","E","R","BOSS","M","?","M","?","?","E","M","?","T","R","$","M","M","M","R","BOSS"],"build_version":"2019-01-23","purchased_purges":1,"victory":true,"max_hp_per_floor":[77,77,77,77,77,77,77,77,77,77,77,77,77,77,77,77,77,77,77,77,77,77,77,77,77,77,77,77,77,77,77,77,77,77,77,77,77,77,77,77,77,73,73,73,80,80,80,80,80,80],"card_choices":[{"not_picked":["Escape Plan","Flying Knee"],"picked":"Sucker Punch","floor":1.0},{"not_picked":["Slice","Masterful Stab"],"picked":"Backstab","floor":2.0},{"not_picked":["Finisher","Distraction"],"picked":"Deflect","floor":6.0},{"not_picked":["Flying Knee","Escape Plan"],"picked":"Backstab","floor":8.0},{"not_picked":["Acrobatics","Escape Plan","Concentrate"],"picked":"SKIP","floor":12.0},{"not_picked":["Escape Plan","Outmaneuver","All Out Attack"],"picked":"SKIP","floor":14.0},{"not_picked":["Burst","Bullet Time"],"picked":"Glass Knife","floor":16.0},{"not_picked":["Sucker Punch","Blade Dance+1"],"picked":"Deadly Poison+1","floor":18.0},{"not_picked":["Calculated Gamble","Acrobatics","Dagger Throw"],"picked":"SKIP","floor":20.0},{"not_picked":["Deflect","Predator+1"],"picked":"Dash","floor":22.0},{"not_picked":["Cloak And Dagger","Dodge and Roll"],"picked":"Crippling Poison+1","floor":23.0},{"not_picked":["Slice","Bouncing Flask"],"picked":"Cloak And Dagger+1","floor":24.0},{"not_picked":["Acrobatics+1","Tactician+1"],"picked":"Dodge and Roll+1","floor":27.0},{"not_picked":["Dagger Throw+1","Dagger Spray"],"picked":"Burst","floor":29.0},{"not_picked":["Outmaneuver","Dash"],"picked":"Slice","floor":31.0},{"not_picked":["Tools of the Trade","Glass Knife"],"picked":"Adrenaline","floor":33.0},{"not_picked":["Slice","Reflex"],"picked":"Catalyst","floor":35},{"not_picked":["Dagger Spray","Blade Dance","Riddle With Holes"],"picked":"SKIP","floor":37},{"not_picked":["Terror+1","Quick Slash"],"picked":"Caltrops","floor":38},{"not_picked":["Tactician","Slice+1"],"picked":"Backflip+1","floor":39},{"not_picked":["Sucker Punch","Flying Knee"],"picked":"Blur","floor":40},{"not_picked":["Noxious Fumes+1","Caltrops+1"],"picked":"PiercingWail+1","floor":41},{"not_picked":["Bane","Underhanded Strike"],"picked":"Escape Plan+1","floor":41},{"not_picked":["Deflect","Flechettes"],"picked":"Infinite Blades+1","floor":46},{"not_picked":["Terror","Phantasmal Killer"],"picked":"Footwork+1","floor":46},{"not_picked":["Cloak And Dagger","Terror"],"picked":"Backstab","floor":47},{"not_picked":["Acrobatics","Slice+1"],"picked":"Dodge and Roll","floor":47},{"not_picked":["Dagger Throw+1","Tactician"],"picked":"Wraith Form v2+1","floor":48},{"not_picked":["Prepared+1","Flying Knee"],"picked":"PiercingWail","floor":48}],"player_experience":178948,"relics_obtained":[{"floor":6.0,"key":"Sundial"},{"floor":8.0,"key":"Blood Vial"},{"floor":9.0,"key":"Meat on the Bone"},{"floor":23.0,"key":"Bag of Preparation"},{"floor":26.0,"key":"Pantograph"},{"floor":27.0,"key":"Omamori"},{"floor":31.0,"key":"Vajra"},{"floor":38,"key":"The Specimen"},{"floor":39,"key":"Prayer Wheel"},{"floor":40,"key":"Frozen Egg 2"},{"floor":43,"key":"Ninja Scroll"}],"event_choices":[{"damage_healed":0.0,"max_hp_gain":0.0,"max_hp_loss":0.0,"gold_gain":0.0,"event_name":"Scrap Ooze","player_choice":"Success","floor":3.0,"gold_loss":0.0,"damage_taken":12.0,"relics_obtained":["Letter Opener"]},{"damage_healed":0.0,"max_hp_gain":0.0,"max_hp_loss":0.0,"gold_gain":0.0,"event_name":"Shining Light","player_choice":"Entered Light","floor":5.0,"gold_loss":0.0,"damage_taken":15.0,"cards_upgraded":["Strike_G","Defend_G"]},{"damage_healed":0.0,"max_hp_gain":0.0,"max_hp_loss":0.0,"gold_gain":0.0,"event_name":"The Mausoleum","player_choice":"Opened","floor":28.0,"gold_loss":0.0,"damage_taken":0.0,"relics_obtained":["Regal Pillow"],"cards_obtained":["Writhe"]},{"cards_removed":["Slice"],"damage_healed":0,"gold_gain":0,"player_choice":"Removed Attack","damage_taken":0,"max_hp_gain":0,"max_hp_loss":0,"event_name":"Falling","floor":36,"gold_loss":0},{"damage_healed":0,"gold_gain":0,"player_choice":"Fight","damage_taken":0,"max_hp_gain":0,"max_hp_loss":0,"event_name":"MindBloom","floor":38,"gold_loss":0},{"damage_healed":0,"gold_gain":0,"player_choice":"Fight","damage_taken":0,"max_hp_gain":0,"max_hp_loss":0,"event_name":"Mysterious Sphere","floor":39,"gold_loss":0},{"damage_healed":0,"gold_gain":0,"player_choice":"Max HP","damage_taken":0,"max_hp_gain":0,"max_hp_loss":4,"event_name":"Winding Halls","floor":42,"gold_loss":0}],"is_beta":false,"boss_relics":[{"not_picked":["Velvet Choker","WristBlade"],"picked":"Sozu"},{"not_picked":["Coffee Dripper","Runic Dome"],"picked":"Cursed Key"}],"items_purged_floors":[19],"is_endless":false,"potions_floor_spawned":[2,6,12,23,27,35,39,41,46],"ascension_level":2}