{"gold_per_floor":[109,109,34,52,72,101,101,130,180,180,196,225,225,235,235,313,313,313,233,148,148,148,148,148,148,148,7,7,7,7,7,7,7,7,7,7,7,7,7,7,7,7,7,7,7,7,7,7,7,7,7],"floor_reached":52,"playtime":3181,"items_purged":["Pain"],"score":2403,"play_id":"aac5ee1e-74df-441b-84b0-c6214e89112c","local_time":"20181025034438","is_ascension_mode":true,"campfire_choices":[{"floor":7.0,"key":"REST"},{"floor":10.0,"key":"REST"},{"floor":13.0,"key":"REST"},{"floor":15.0,"key":"REST"},{"floor":30,"key":"REST"},{"floor":32,"key":"REST"},{"floor":41,"key":"REST"},{"floor":45,"key":"REST"},{"floor":46,"key":"REST"},{"floor":47,"key":"REST"},{"floor":49,"key":"REST"}],"neow_cost":"NONE","seed_source_timestamp":495795102376300,"circlet_count":0,"master_deck":["Defend_G+1","Defend_G+1","Defend_G+1","Defend_G+1","Defend_G+1","Strike_G+1","Strike_G+1","Strike_G+1","Survivor","Neutralize","AscendersBane","Underhanded Strike","Crippling Poison","Flying Knee","Noxious Fumes","Dagger Throw","Blur","Footwork","Crippling Poison+1","After Image","PiercingWail","Ghostly","Ghostly","Ghostly+1","Ghostly","Ghostly","Tactician","Dodge and Roll+1","Catalyst","Acrobatics","Catalyst+1","Well Laid Plans","Burst","Heel Hook","Backflip","Leg Sweep+1","Acrobatics","Acrobatics+1","Predator"],"special_seed":0,"relics":["Fusion Hammer","WarpedTongs","Mummified Hand","Strawberry","Blood Vial","Dream Catcher","Ectoplasm","Sundial","War Paint","Darkstone Periapt","WingedGreaves","Cursed Key","FossilizedHelix","Pen Nib"],"potions_floor_usage":[29,33,40,51],"damage_taken":[{"damage":2.0,"enemies":"2 Louse","floor":1.0,"turns":3.0},{"damage":3.0,"enemies":"Cultist","floor":4.0,"turns":4.0},{"damage":0.0,"enemies":"Small Slimes","floor":5.0,"turns":3.0},{"damage":9.0,"enemies":"3 Sentries","floor":6.0,"turns":12.0},{"damage":27.0,"enemies":"Lagavulin","floor":8.0,"turns":6.0},{"damage":9.0,"enemies":"Exordium Wildlife","floor":11.0,"turns":4.0},{"damage":42.0,"enemies":"Gremlin Nob","floor":12.0,"turns":5.0},{"damage":16.0,"enemies":"3 Louse","floor":14.0,"turns":2.0},{"damage":13.0,"enemies":"Hexaghost","floor":16.0,"turns":9.0},{"damage":1,"enemies":"Spheric Guardian","floor":18,"turns":6},{"damage":7,"enemies":"2 Thieves","floor":19,"turns":4},{"damage":0,"enemies":"Snake Plant","floor":23,"turns":6},{"damage":0,"enemies":"Book of Stabbing","floor":24,"turns":7},{"damage":1,"enemies":"3 Cultists","floor":25,"turns":5},{"damage":4,"enemies":"Gremlin Leader","floor":29,"turns":6},{"damage":0,"enemies":"Centurion and Healer","floor":31,"turns":6},{"damage":0,"enemies":"Champ","floor":33,"turns":10},{"damage":2,"enemies":"3 Darklings","floor":35,"turns":6},{"damage":10,"enemies":"Giant Head","floor":40,"turns":8},{"damage":1,"enemies":"3 Shapes","floor":42,"turns":5},{"damage":30,"enemies":"Reptomancer","floor":44,"turns":4},{"damage":0,"enemies":"Donu and Deca","floor":50,"turns":12},{"damage":0,"enemies":"Time Eater","floor":51,"turns":8}],"seed_played":"2520141404943601618","potions_obtained":[{"floor":5.0,"key":"SkillPotion"},{"floor":12.0,"key":"FearPotion"},{"floor":14.0,"key":"PowerPotion"},{"floor":16.0,"key":"Explosive Potion"},{"floor":24,"key":"PowerPotion"},{"floor":29,"key":"Regen Potion"},{"floor":44,"key":"Dexterity Potion"}],"is_trial":false,"path_per_floor":["M","?","$","M","M","E","R","E","T","R","M","E","R","M","R","B",null,"M","M","?","?","?","M","E","M","T","$","?","E","R","M","R","B",null,"M","?","$","?","?","E","R","M","T","E","R","R","R","?","R","B","B"],"character_chosen":"THE_SILENT","items_purchased":["Catalyst","Swift Potion"],"campfire_rested":11,"item_purchase_floors":[27,27],"current_hp_per_floor":[57,57,57,54,54,45,64,44,44,65,58,18,39,25,46,35,64,65,60,60,36,36,36,36,35,35,35,35,32,36,36,36,36,36,34,34,34,34,34,35,36,35,35,6,16,26,36,34,34,34,34],"gold":7,"neow_bonus":"BOSS_RELIC","is_prod":false,"is_daily":false,"chose_seed":false,"campfire_upgraded":0,"win_rate":0,"timestamp":1540453478,"path_taken":["M","?","?","M","M","E","R","E","T","R","M","E","R","M","R","BOSS","M","M","?","?","?","M","E","?","T","?","?","E","R","M","R","BOSS","M","?","$","?","?","E","R","?","T","E","R","R","R","?","R","BOSS","BOSS"],"build_version":"2018-10-19","purchased_purges":1,"victory":true,"max_hp_per_floor":[66,66,66,66,66,66,66,73,73,73,73,73,73,73,73,73,73,73,73,73,36,36,36,36,36,36,36,36,36,36,36,36,36,36,36,36,36,36,36,36,36,36,36,36,36,36,36,34,34,34,34],"card_choices":[{"not_picked":["Flechettes","Tactician"],"picked":"Underhanded Strike","floor":1.0},{"not_picked":["Accuracy","Caltrops"],"picked":"Crippling Poison","floor":4.0},{"not_picked":["Masterful Stab","Blur"],"picked":"Flying Knee","floor":5.0},{"not_picked":["Acrobatics","Expertise"],"picked":"Noxious Fumes","floor":6.0},{"not_picked":["Outmaneuver","Flying Knee","Storm of Steel"],"picked":"SKIP","floor":8.0},{"not_picked":["Outmaneuver","Flying Knee","Storm of Steel"],"picked":"SKIP","floor":8.0},{"not_picked":["Dodge and Roll","Riddle With Holes"],"picked":"Dagger Throw","floor":11.0},{"not_picked":["Bane","Flying Knee"],"picked":"Blur","floor":12.0},{"not_picked":["Sucker Punch","Backflip"],"picked":"Footwork","floor":14.0},{"not_picked":["Flying Knee","Poisoned Stab"],"picked":"Crippling Poison","floor":15.0},{"not_picked":["Bullet Time","Tools of the Trade"],"picked":"After Image","floor":16.0},{"not_picked":["Prepared","Dodge and Roll"],"picked":"PiercingWail","floor":18},{"not_picked":["Finisher+1","Deadly Poison","Sucker Punch"],"picked":"SKIP","floor":19},{"not_picked":["Underhanded Strike","Tactician"],"picked":"Caltrops+1","floor":23},{"not_picked":["Concentrate","Prepared","Bane"],"picked":"SKIP","floor":24},{"not_picked":["Poisoned Stab+1","Finisher"],"picked":"Dodge and Roll+1","floor":25},{"not_picked":["Caltrops","Quick Slash","Poisoned Stab"],"picked":"SKIP","floor":29},{"not_picked":["Outmaneuver","Corpse Explosion"],"picked":"Acrobatics","floor":30},{"not_picked":["Cloak And Dagger","Footwork"],"picked":"Catalyst+1","floor":31},{"not_picked":["Deflect","PiercingWail+1"],"picked":"Well Laid Plans","floor":32},{"not_picked":["A Thousand Cuts","Adrenaline"],"picked":"Burst","floor":33},{"not_picked":["Prepared","Bane","All Out Attack+1"],"picked":"SKIP","floor":35},{"not_picked":["Poisoned Stab+1","Setup","Underhanded Strike"],"picked":"SKIP","floor":40},{"not_picked":["Distraction","Choke"],"picked":"Backflip","floor":42},{"not_picked":["Poisoned Stab","Flying Knee","Terror"],"picked":"SKIP","floor":44},{"not_picked":["Flechettes","Endless Agony+1"],"picked":"Leg Sweep+1","floor":45},{"not_picked":["Cloak And Dagger","Distraction"],"picked":"Acrobatics","floor":46},{"not_picked":["Underhanded Strike","Quick Slash"],"picked":"Acrobatics+1","floor":47},{"not_picked":["Outmaneuver","Masterful Stab"],"picked":"Predator","floor":49}],"player_experience":1484115,"relics_obtained":[{"floor":6.0,"key":"Mummified Hand"},{"floor":8.0,"key":"Strawberry"},{"floor":9.0,"key":"Blood Vial"},{"floor":12.0,"key":"Dream Catcher"},{"floor":24,"key":"War Paint"},{"floor":26,"key":"Darkstone Periapt"},{"floor":29,"key":"WingedGreaves"},{"floor":40,"key":"FossilizedHelix"},{"floor":44,"key":"Pen Nib"}],"event_choices":[{"damage_healed":0.0,"max_hp_gain":0.0,"max_hp_loss":0.0,"gold_gain":0.0,"event_name":"Accursed Blacksmith","player_choice":"Rummage","floor":2.0,"gold_loss":0.0,"damage_taken":0.0,"relics_obtained":["WarpedTongs"],"cards_obtained":["Pain"]},{"damage_healed":0,"gold_gain":0,"player_choice":"Obtained Relic","damage_taken":0,"relics_obtained":["Sundial"],"max_hp_gain":0,"max_hp_loss":0,"event_name":"Addict","floor":20,"gold_loss":85},{"damage_healed":0,"gold_gain":0,"player_choice":"Became a Ghost","damage_taken":0,"max_hp_gain":0,"max_hp_loss":37,"event_name":"Ghosts","floor":21,"gold_loss":0,"cards_obtained":["Ghostly","Ghostly","Ghostly","Ghostly","Ghostly"]},{"damage_healed":0,"gold_gain":0,"cards_transformed":["Strike_G"],"player_choice":"Transformed","damage_taken":0,"max_hp_gain":0,"max_hp_loss":0,"event_name":"Transmorgrifier","floor":22,"gold_loss":0,"cards_obtained":["Tactician"]},{"damage_healed":0,"gold_gain":0,"player_choice":"Simplicity","damage_taken":0,"max_hp_gain":0,"max_hp_loss":0,"event_name":"Back to Basics","floor":28,"gold_loss":0,"cards_upgraded":["Defend_G","Defend_G","Defend_G","Defend_G","Defend_G","Strike_G","Strike_G","Strike_G","Strike_G"]},{"cards_removed":["Strike_G"],"damage_healed":0,"gold_gain":0,"player_choice":"Removed Attack","damage_taken":0,"max_hp_gain":0,"max_hp_loss":0,"event_name":"Falling","floor":36,"gold_loss":0},{"damage_healed":0,"gold_gain":0,"cards_transformed":["Caltrops"],"player_choice":"Transformed","damage_taken":0,"max_hp_gain":0,"max_hp_loss":0,"event_name":"Transmorgrifier","floor":38,"gold_loss":0,"cards_obtained":["Heel Hook"]},{"damage_healed":0,"gold_gain":0,"player_choice":"Ignored","damage_taken":0,"max_hp_gain":0,"max_hp_loss":0,"event_name":"SecretPortal","floor":39,"gold_loss":0},{"damage_healed":0,"gold_gain":0,"player_choice":"Max HP","damage_taken":0,"max_hp_gain":0,"max_hp_loss":2,"event_name":"Winding Halls","floor":48,"gold_loss":0}],"is_beta":true,"boss_relics":[{"not_picked":["Calling Bell","Pandora\u0027s Box"],"picked":"Ectoplasm"},{"not_picked":["HoveringKite","WristBlade"],"picked":"Cursed Key"}],"items_purged_floors":[3],"is_endless":false,"potions_floor_spawned":[5,12,14,16,23,24,25,29,44],"ascension_level":20}