{"gold_per_floor":[119,137,147,147,72,72,101,115,115,290,290,301,133,152,152,250,250,268,268,284,284,284,284,284,301,301,326,344,344,358,358,358,453,453,471,483,8,24,38,38],"floor_reached":40,"playtime":2490,"items_purged":["Strike_R","Doubt","Strike_R"],"score":433,"play_id":"b8308da2-7a0c-49f0-819d-e51fa7740859","local_time":"20190105132835","is_ascension_mode":true,"campfire_choices":[{"data":"Whirlwind","floor":6.0,"key":"SMITH"},{"floor":11.0,"key":"REST"},{"data":"Carnage","floor":15.0,"key":"SMITH"},{"data":"Armaments","floor":23,"key":"SMITH"},{"floor":29,"key":"REST"},{"floor":32,"key":"REST"}],"neow_cost":"TEN_PERCENT_HP_LOSS","seed_source_timestamp":0,"circlet_count":0,"master_deck":["Strike_R","Strike_R","Defend_R","Defend_R+1","Defend_R","Defend_R+1","Bash","Purity","Dramatic Entrance","Whirlwind+1","Shrug It Off","Impervious","Carnage+1","Double Tap","Armaments+1","Rampage","J.A.X.","Barricade","Entrench","Limit Break","Rampage+1","Body Slam","Metallicize","Infernal Blade+1"],"special_seed":0,"relics":["Black Blood","War Paint","Cursed Key","Nilry\u0027s Codex","Mummified Hand","Membership Card","Vajra","Happy Flower"],"potions_floor_usage":[27,27,27,31,40,40],"damage_taken":[{"damage":0.0,"enemies":"2 Louse","floor":1.0,"turns":2.0},{"damage":6.0,"enemies":"Jaw Worm","floor":2.0,"turns":3.0},{"damage":0.0,"enemies":"Cultist","floor":3.0,"turns":2.0},{"damage":54.0,"enemies":"Lagavulin","floor":7.0,"turns":8.0},{"damage":8.0,"enemies":"Blue Slaver","floor":8.0,"turns":3.0},{"damage":2.0,"enemies":"2 Fungi Beasts","floor":12.0,"turns":3.0},{"damage":4.0,"enemies":"Looter","floor":14.0,"turns":3.0},{"damage":39.0,"enemies":"Slime Boss","floor":16.0,"turns":11.0},{"damage":2,"enemies":"Spheric Guardian","floor":18,"turns":3},{"damage":0,"enemies":"3 Byrds","floor":20,"turns":5},{"damage":11,"enemies":"Centurion and Healer","floor":25,"turns":5},{"damage":34,"enemies":"Gremlin Leader","floor":27,"turns":5},{"damage":13,"enemies":"Shelled Parasite and Fungi","floor":28,"turns":5},{"damage":11,"enemies":"Cultist and Chosen","floor":30,"turns":6},{"damage":3,"enemies":"Snake Plant","floor":31,"turns":2},{"damage":47,"enemies":"Automaton","floor":33,"turns":12},{"damage":3,"enemies":"Orb Walker","floor":35,"turns":3},{"damage":4,"enemies":"3 Shapes","floor":36,"turns":8},{"damage":26,"enemies":"Jaw Worm Horde","floor":38,"turns":6},{"damage":26,"enemies":"3 Darklings","floor":39,"turns":3},{"damage":79,"enemies":"Giant Head","floor":40,"turns":9}],"seed_played":"-6967491790522950377","potions_obtained":[{"floor":8.0,"key":"Weak Potion"},{"floor":12.0,"key":"GamblersBrew"},{"floor":16.0,"key":"EssenceOfSteel"},{"floor":20,"key":"GamblersBrew"},{"floor":30,"key":"SmokeBomb"},{"floor":33,"key":"FairyPotion"},{"floor":35,"key":"Dexterity Potion"},{"floor":39,"key":"SteroidPotion"}],"is_trial":false,"path_per_floor":["M","M","M","?","$","R","E","M","T","?","R","M","$","M","R","B",null,"M","?","M","?","?","R","?","M","T","E","M","R","M","M","R","B",null,"M","M","$","M","M","E"],"character_chosen":"IRONCLAD","items_purchased":["Carnage","Membership Card","Body Slam","Metallicize","Vajra","Happy Flower"],"campfire_rested":3,"item_purchase_floors":[13,37,37,37,37,37],"current_hp_per_floor":[72,72,72,77,77,77,29,27,27,27,50,54,54,56,56,23,77,77,77,77,61,61,61,54,49,49,21,14,37,32,35,58,17,77,77,77,77,61,45,0],"gold":38,"neow_bonus":"RANDOM_COLORLESS_2","is_prod":false,"is_daily":false,"chose_seed":false,"campfire_upgraded":3,"win_rate":0,"timestamp":1546712915,"path_taken":["M","M","M","?","$","R","E","M","T","?","R","?","$","M","R","BOSS","M","?","?","?","?","R","?","M","T","E","M","R","?","M","R","BOSS","M","?","$","M","M","E"],"build_version":"2019-01-03v4","purchased_purges":3,"victory":false,"max_hp_per_floor":[72,72,72,77,77,77,77,77,77,77,77,77,77,77,77,77,77,77,77,77,77,77,77,77,77,77,77,77,77,77,77,77,77,77,77,77,77,77,77,77],"card_choices":[{"not_picked":["Dropkick","Heavy Blade","Warcry"],"picked":"SKIP","floor":1.0},{"not_picked":["Havoc","Warcry","Anger"],"picked":"SKIP","floor":2.0},{"not_picked":["Corruption","Wild Strike"],"picked":"Whirlwind","floor":3.0},{"not_picked":["Power Through","Heavy Blade"],"picked":"Shrug It Off","floor":7.0},{"not_picked":["Clothesline","Shrug It Off"],"picked":"Impervious","floor":8.0},{"not_picked":["Burning Pact","Clash","Wild Strike"],"picked":"SKIP","floor":12.0},{"not_picked":["Cleave","Headbutt","Wild Strike"],"picked":"SKIP","floor":14.0},{"not_picked":["Fiend Fire","Berserk"],"picked":"Double Tap","floor":16.0},{"not_picked":["Perfected Strike","Clothesline"],"picked":"Armaments","floor":18},{"not_picked":["Clothesline","Pummel","Anger"],"picked":"SKIP","floor":20},{"not_picked":["Thunderclap","Second Wind+1","Headbutt"],"picked":"SKIP","floor":25},{"not_picked":["Sword Boomerang+1","Thunderclap+1","Headbutt"],"picked":"SKIP","floor":27},{"not_picked":["Bloodletting","Clash"],"picked":"Barricade","floor":28},{"not_picked":["Iron Wave","Blood for Blood+1"],"picked":"Entrench","floor":30},{"not_picked":["Immolate","Barricade"],"picked":"Limit Break","floor":33},{"not_picked":["Thunderclap+1","Perfected Strike"],"picked":"Rampage+1","floor":35},{"not_picked":["Pommel Strike","Iron Wave+1","Bloodletting+1"],"picked":"SKIP","floor":36},{"not_picked":["Twin Strike","Anger+1","Sword Boomerang"],"picked":"SKIP","floor":38},{"not_picked":["Wild Strike+1","Dropkick"],"picked":"Infernal Blade+1","floor":39}],"player_experience":756306,"relics_obtained":[{"floor":7.0,"key":"War Paint"},{"floor":21,"key":"Nilry\u0027s Codex"},{"floor":27,"key":"Mummified Hand"}],"event_choices":[{"damage_healed":0.0,"max_hp_gain":5.0,"max_hp_loss":0.0,"gold_gain":0.0,"event_name":"Big Fish","player_choice":"Donut","floor":4.0,"gold_loss":0.0,"damage_taken":0.0},{"damage_healed":0.0,"max_hp_gain":0.0,"max_hp_loss":0.0,"gold_gain":175.0,"event_name":"Liars Game","player_choice":"AGREE","floor":10.0,"gold_loss":0.0,"damage_taken":0.0,"cards_obtained":["Doubt"]},{"damage_healed":0,"gold_gain":0,"cards_transformed":["Strike_R"],"player_choice":"Transformed","damage_taken":0,"max_hp_gain":0,"max_hp_loss":0,"event_name":"Transmorgrifier","floor":19,"gold_loss":0,"cards_obtained":["Rampage"]},{"damage_healed":0,"gold_gain":0,"player_choice":"Obtained Book","damage_taken":16,"max_hp_gain":0,"max_hp_loss":0,"event_name":"Cursed Tome","floor":21,"gold_loss":0},{"damage_healed":0,"gold_gain":0,"player_choice":"Obtain J.A.X.","damage_taken":0,"max_hp_gain":0,"max_hp_loss":0,"event_name":"Drug Dealer","floor":22,"gold_loss":0,"cards_obtained":["J.A.X."]},{"damage_healed":0,"gold_gain":0,"player_choice":"","damage_taken":7,"max_hp_gain":0,"max_hp_loss":0,"event_name":"Knowing Skull","floor":24,"potions_obtained":[],"gold_loss":0,"cards_obtained":[]}],"is_beta":false,"boss_relics":[{"not_picked":["Pandora\u0027s Box","Eternal Feather"],"picked":"Cursed Key"},{"not_picked":["Empty Cage","Astrolabe"],"picked":"Black Blood"}],"items_purged_floors":[5,13,37],"is_endless":false,"potions_floor_spawned":[8,12,16,20,30,33,35,39],"killed_by":"Giant Head","ascension_level":1}