{"gold_per_floor":[18,18,38,56,72,72,97,97,97,131,144,144,173,184,184,283,283,296,296,36,36,53,53,73,86,86,86,86],"floor_reached":28,"playtime":1261,"items_purged":[],"score":300,"play_id":"3ec0c6d0-7c29-4abe-9d7f-1540737cecad","local_time":"20190209163501","is_ascension_mode":true,"campfire_choices":[{"data":"Rainbow","floor":6,"key":"SMITH"},{"floor":8,"key":"REST"},{"floor":15,"key":"REST"},{"data":"Double Energy","floor":23,"key":"SMITH"},{"floor":27,"key":"REST"}],"neow_cost":"NO_GOLD","seed_source_timestamp":3000482283929049,"circlet_count":0,"master_deck":["Strike_B","Strike_B","Strike_B","Strike_B","Defend_B","Defend_B","Defend_B","Defend_B","Zap+1","Dualcast","Rainbow+1","Sunder","Conserve Battery+1","Glacier","Self Repair","Coolheaded","Fission+1","White Noise","All For One","Double Energy+1","Writhe","Chaos","Redo+1"],"relics":["Cracked Core","NlothsMask","WingedGreaves","Nunchaku","Gambling Chip","Sozu","War Paint","Mummified Hand"],"potions_floor_usage":[16,16,28],"damage_taken":[{"damage":6,"enemies":"Small Slimes","floor":1,"turns":3},{"damage":0,"enemies":"Cultist","floor":3,"turns":4},{"damage":0,"enemies":"2 Louse","floor":4,"turns":2},{"damage":15,"enemies":"Exordium Thugs","floor":5,"turns":8},{"damage":29,"enemies":"Gremlin Nob","floor":7,"turns":4},{"damage":26,"enemies":"Lagavulin","floor":10,"turns":7},{"damage":3,"enemies":"3 Louse","floor":11,"turns":3},{"damage":36,"enemies":"3 Sentries","floor":13,"turns":8},{"damage":5,"enemies":"Red Slaver","floor":14,"turns":3},{"damage":41,"enemies":"Hexaghost","floor":16,"turns":12},{"damage":44,"enemies":"3 Byrds","floor":18,"turns":5},{"damage":0,"enemies":"Spheric Guardian","floor":22,"turns":3},{"damage":9,"enemies":"Centurion and Healer","floor":24,"turns":9},{"damage":8,"enemies":"Snecko","floor":25,"turns":4},{"damage":51,"enemies":"3 Cultists","floor":28,"turns":5}],"seed_played":"1163230796428909515","potions_obtained":[{"floor":1,"key":"Block Potion"},{"floor":3,"key":"Strength Potion"},{"floor":11,"key":"AttackPotion"},{"floor":16,"key":"Poison Potion"}],"is_trial":false,"path_per_floor":["M","?","M","M","M","R","E","R","T","E","M","?","E","M","R","B",null,"M","?","$","?","M","R","M","M","T","R","M"],"character_chosen":"DEFECT","items_purchased":["Mummified Hand"],"campfire_rested":3,"item_purchase_floors":[20],"current_hp_per_floor":[69,69,69,69,54,54,25,47,47,28,25,50,21,23,45,11,59,22,22,22,22,29,29,27,26,26,48,0],"gold":86,"neow_bonus":"THREE_RARE_CARDS","is_prod":false,"is_daily":false,"chose_seed":false,"campfire_upgraded":2,"win_rate":0,"timestamp":1549726501,"path_taken":["M","?","M","M","?","R","E","R","T","E","M","?","E","M","R","BOSS","M","?","$","?","M","R","M","M","T","R","M"],"build_version":"2019-01-23","purchased_purges":0,"victory":false,"max_hp_per_floor":[75,75,75,75,75,75,75,75,75,75,75,75,75,75,75,75,75,75,75,75,75,75,75,75,75,75,75,75],"card_choices":[{"not_picked":["All For One","Reboot"],"picked":"Rainbow","floor":0},{"not_picked":["Beam Cell","Recycle"],"picked":"Sunder","floor":1},{"not_picked":["Compile Driver","Ball Lightning"],"picked":"Conserve Battery","floor":3},{"not_picked":["Reprogram","Skim"],"picked":"Glacier","floor":4},{"not_picked":["Leap","Streamline","Turbo"],"picked":"SKIP","floor":5},{"not_picked":["Hello World","Sweeping Beam"],"picked":"Self Repair","floor":7},{"not_picked":["Genetic Algorithm","Fusion"],"picked":"Coolheaded","floor":10},{"not_picked":["Barrage","Go for the Eyes"],"picked":"Fission","floor":11},{"not_picked":["Rip and Tear","Steam","Heatsinks"],"picked":"SKIP","floor":13},{"not_picked":["Genetic Algorithm","Fusion"],"picked":"White Noise","floor":14},{"not_picked":["Core Surge","Amplify"],"picked":"All For One","floor":16},{"not_picked":["Beam Cell","Recycle"],"picked":"Double Energy","floor":18},{"not_picked":["Auto Shields","Coolheaded+1"],"picked":"Chaos","floor":22},{"not_picked":["Doom and Gloom","Genetic Algorithm+1"],"picked":"Redo+1","floor":24},{"not_picked":["Rebound","Cold Snap","Conserve Battery"],"picked":"SKIP","floor":25}],"player_experience":294110,"relics_obtained":[{"floor":7,"key":"WingedGreaves"},{"floor":10,"key":"Nunchaku"},{"floor":13,"key":"Gambling Chip"}],"event_choices":[{"damage_healed":0,"gold_gain":0,"player_choice":"Trade","damage_taken":0,"relics_obtained":["NlothsMask"],"max_hp_gain":0,"max_hp_loss":0,"event_name":"FaceTrader","floor":2,"gold_loss":0},{"damage_healed":25,"gold_gain":0,"player_choice":"Banana","damage_taken":0,"max_hp_gain":0,"max_hp_loss":0,"event_name":"Big Fish","floor":12,"gold_loss":0},{"damage_healed":0,"gold_gain":0,"player_choice":"Opened","damage_taken":0,"relics_obtained":["War Paint"],"max_hp_gain":0,"max_hp_loss":0,"event_name":"The Mausoleum","floor":19,"gold_loss":0,"cards_obtained":["Writhe"]},{"damage_healed":0,"gold_gain":0,"player_choice":"Upgraded","damage_taken":0,"max_hp_gain":0,"max_hp_loss":0,"event_name":"Upgrade Shrine","floor":21,"gold_loss":0,"cards_upgraded":["Fission"]}],"is_beta":false,"boss_relics":[{"not_picked":["Busted Crown","FrozenCore"],"picked":"Sozu"}],"items_purged_floors":[],"is_endless":false,"potions_floor_spawned":[1,3,11,16,18,22],"killed_by":"3 Cultists","ascension_level":5}