{"gold_per_floor":[117,117,42,42,42,42,54,54,77,89,18,18,93,104,104,205,205,220,220,220,235,255,281,297,223,223,223],"floor_reached":27,"playtime":1294,"items_purged":["Regret"],"score":296,"play_id":"68ceb1b9-9c2b-442d-8610-e64830473ec5","local_time":"20180730003251","daily_mods":["Draft"],"is_ascension_mode":false,"campfire_choices":[{"data":"Entrench","floor":6,"key":"SMITH"},{"data":"Armaments","floor":8,"key":"SMITH"},{"data":"Inflame","floor":12,"key":"SMITH"},{"data":"Flex","floor":15,"key":"SMITH"}],"neow_cost":"","seed_source_timestamp":43007883981802,"circlet_count":0,"master_deck":["Clash","Entrench+1","Iron Wave","Cleave","Clash","Iron Wave","Warcry","Clash","Clash","Warcry","Flex+1","Ghostly Armor","Headbutt","Hemokinesis","Combust","Iron Wave","Armaments+1","Shrug It Off","Inflame+1","Demon Form","Clash","Armaments","Clash","Fire Breathing+1","Demon Form","Clash","Battle Trance"],"relics":["Burning Blood","Boot","Oddly Smooth Stone","Fusion Hammer","Enchiridion","Matryoshka","Regal Pillow","Torii"],"potions_floor_usage":[27],"damage_taken":[{"damage":3,"enemies":"Small Slimes","floor":1,"turns":2},{"damage":3,"enemies":"2 Louse","floor":7,"turns":2},{"damage":2,"enemies":"Cultist","floor":10,"turns":1},{"damage":13,"enemies":"Looter","floor":14,"turns":2},{"damage":8,"enemies":"Slime Boss","floor":16,"turns":6},{"damage":7,"enemies":"Shell Parasite","floor":18,"turns":3},{"damage":1,"enemies":"Spheric Guardian","floor":21,"turns":3},{"damage":18,"enemies":"Snecko","floor":22,"turns":5},{"damage":35,"enemies":"Book of Stabbing","floor":23,"turns":5},{"damage":19,"enemies":"Centurion and Healer","floor":24,"turns":5},{"damage":19,"enemies":"Snake Plant","floor":27,"turns":2}],"seed_played":"-8385525596736393189","potions_obtained":[{"floor":7,"key":"Strength Potion"},{"floor":21,"key":"SkillPotion"},{"floor":22,"key":"SpeedPotion"},{"floor":24,"key":"Strength Potion"}],"is_trial":true,"path_per_floor":["M","?","$","?","?","R","M","R","T","M","$","R","?","M","R","B",null,"M","?","?","M","M","E","M","$","T"],"character_chosen":"IRONCLAD","items_purchased":["Inflame","Battle Trance"],"campfire_rested":0,"item_purchase_floors":[11,25],"current_hp_per_floor":[80,80,80,80,72,72,75,75,75,79,79,79,68,61,61,59,80,79,63,63,68,56,27,14,14,14,0],"gold":223,"neow_bonus":"","is_prod":false,"is_daily":false,"chose_seed":false,"campfire_upgraded":4,"win_rate":0,"timestamp":1532878371,"path_taken":["M","?","$","?","?","R","M","R","T","?","?","R","?","M","R","BOSS","M","?","?","M","M","E","M","$","T","M"],"build_version":"2018-07-26","purchased_purges":1,"victory":false,"max_hp_per_floor":[80,80,80,80,80,80,80,80,80,80,80,80,80,80,80,80,80,80,80,80,80,80,80,80,80,80,80],"card_choices":[{"not_picked":["Shockwave","Combust"],"picked":"Clash","floor":0},{"not_picked":["Searing Blow","Spot Weakness"],"picked":"Entrench","floor":0},{"not_picked":["Cleave","Thunderclap"],"picked":"Iron Wave","floor":0},{"not_picked":["Sentinel","Clothesline"],"picked":"Cleave","floor":0},{"not_picked":["Cleave","Body Slam"],"picked":"Clash","floor":0},{"not_picked":["Blood for Blood","True Grit"],"picked":"Iron Wave","floor":0},{"not_picked":["Whirlwind","Flame Barrier"],"picked":"Warcry","floor":0},{"not_picked":["Carnage","Wild Strike"],"picked":"Clash","floor":0},{"not_picked":["Armaments","Headbutt"],"picked":"Clash","floor":0},{"not_picked":["Carnage","Sword Boomerang"],"picked":"Iron Wave","floor":0},{"not_picked":["Havoc","Wild Strike"],"picked":"Warcry","floor":0},{"not_picked":["Anger","Reckless Charge"],"picked":"Flex","floor":0},{"not_picked":["Warcry","Shrug It Off"],"picked":"Ghostly Armor","floor":0},{"not_picked":["Thunderclap","Sword Boomerang"],"picked":"Headbutt","floor":0},{"not_picked":["Anger","Clothesline"],"picked":"Hemokinesis","floor":0},{"not_picked":["Ghostly Armor","Power Through"],"picked":"Combust","floor":1},{"not_picked":["Hemokinesis","Dual Wield"],"picked":"Armaments","floor":7},{"not_picked":["Heavy Blade","Armaments"],"picked":"Shrug It Off","floor":10},{"not_picked":["Havoc","Corruption","Reckless Charge"],"picked":"SKIP","floor":14},{"not_picked":["Double Tap","Berserk"],"picked":"Demon Form","floor":16},{"not_picked":["Metallicize","Feel No Pain"],"picked":"Clash","floor":18},{"not_picked":["Reckless Charge","Pommel Strike"],"picked":"Clash","floor":21},{"not_picked":["True Grit","Flex+1"],"picked":"Fire Breathing+1","floor":22},{"not_picked":["Cleave","Flex"],"picked":"Demon Form","floor":23},{"not_picked":["Twin Strike+1","Spot Weakness"],"picked":"Clash","floor":24}],"player_experience":316123,"relics_obtained":[{"floor":9,"key":"Oddly Smooth Stone"},{"floor":19,"key":"Enchiridion"},{"floor":23,"key":"Matryoshka"},{"floor":26,"key":"Regal Pillow"},{"floor":26,"key":"Torii"}],"event_choices":[{"event_name":"Big Fish","player_choice":"Box","floor":2,"damage_taken":0},{"event_name":"NoteForYourself","player_choice":"Took Card","floor":4,"damage_taken":0},{"event_name":"Wheel of Change","player_choice":"Damage","floor":5,"damage_taken":0},{"event_name":"World of Goop","player_choice":"Gather Gold","floor":13,"damage_taken":0},{"event_name":"Cursed Tome","player_choice":"Obtained Book","floor":19,"damage_taken":0},{"event_name":"The Library","player_choice":"Read","floor":20,"damage_taken":0}],"is_beta":true,"boss_relics":[{"not_picked":["Snecko Eye","Runic Cube"],"picked":"Fusion Hammer"}],"items_purged_floors":[3],"is_endless":false,"potions_floor_spawned":[7,21,22,24],"killed_by":"Snake Plant","ascension_level":0}