{"gold_per_floor":[119,129,148,161,236,236,266,266,290,302,345,357,126,137,137,214,214,227,227,68,82,94,128,128,138,138,138,138,138,150,181,181,181],"floor_reached":33,"playtime":2333,"items_purged":["Strike_R"],"score":590,"play_id":"b8338dee-33e3-437a-88b6-c676a27585f6","local_time":"20190202201444","is_ascension_mode":true,"campfire_choices":[{"data":"Bash","floor":6.0,"key":"SMITH"},{"data":"Immolate","floor":8.0,"key":"SMITH"},{"floor":15.0,"key":"REST"},{"floor":24,"key":"REST"},{"floor":27,"key":"REST"},{"floor":29,"key":"REST"},{"data":"Disarm","floor":32,"key":"SMITH"}],"neow_cost":"NONE","seed_source_timestamp":1832934070360528,"circlet_count":0,"master_deck":["AscendersBane","Strike_R","Strike_R","Strike_R","Defend_R","Defend_R","Defend_R","Defend_R","Bash+1","Metallicize","Heavy Blade","Twin Strike","Anger","Immolate+1","Disarm+1","Corruption","Burning Pact","Offering","Inflame","Combust","Reaper","Impervious","Disarm","Rampage"],"special_seed":0,"relics":["Burning Blood","PreservedInsect","MawBank","Omamori","Blood Vial","Cursed Key","Sundial","Incense Burner","Regal Pillow"],"potions_floor_usage":[16,16,18,22,25],"damage_taken":[{"damage":7.0,"enemies":"2 Louse","floor":1.0,"turns":3.0},{"damage":3.0,"enemies":"Small Slimes","floor":2.0,"turns":5.0},{"damage":8.0,"enemies":"Jaw Worm","floor":3.0,"turns":4.0},{"damage":18.0,"enemies":"Red Slaver","floor":4.0,"turns":5.0},{"damage":24.0,"enemies":"Lagavulin","floor":7.0,"turns":7.0},{"damage":8.0,"enemies":"Gremlin Nob","floor":11.0,"turns":3.0},{"damage":4.0,"enemies":"Looter","floor":14.0,"turns":3.0},{"damage":50,"enemies":"Slime Boss","floor":16,"turns":12},{"damage":30,"enemies":"Spheric Guardian","floor":18,"turns":4},{"damage":33,"enemies":"2 Thieves","floor":21,"turns":3},{"damage":8,"enemies":"Cultist and Chosen","floor":22,"turns":5},{"damage":40,"enemies":"Slavers","floor":23,"turns":3},{"damage":31,"enemies":"Sentry and Sphere","floor":25,"turns":5},{"damage":8,"enemies":"Snecko","floor":30,"turns":5},{"damage":40,"enemies":"Gremlin Leader","floor":31,"turns":4},{"damage":81,"enemies":"Champ","floor":33,"turns":14}],"seed_played":"872209306173012215","potions_obtained":[{"floor":1.0,"key":"Fruit Juice"},{"floor":14.0,"key":"Dexterity Potion"},{"floor":16,"key":"Regen Potion"},{"floor":18,"key":"Block Potion"},{"floor":23,"key":"GamblersBrew"},{"floor":31,"key":"SpeedPotion"}],"is_trial":false,"path_per_floor":["M","M","M","M","?","R","E","R","T","?","E","?","$","M","R","B",null,"M","?","$","M","M","E","R","M","T","R","?","R","M","E","R","B"],"character_chosen":"IRONCLAD","items_purchased":["Corruption","Blood Vial","Inflame"],"campfire_rested":4,"item_purchase_floors":[13,13,20],"current_hp_per_floor":[74,77,75,63,52,52,34,34,34,34,32,21,21,25,49,12,68,55,55,55,30,30,7,33,10,10,36,36,62,68,48,48,0],"gold":181,"neow_bonus":"TEN_PERCENT_HP_BONUS","is_prod":false,"is_daily":false,"chose_seed":false,"campfire_upgraded":3,"win_rate":0,"timestamp":1549098884,"path_taken":["M","M","M","M","?","R","E","R","T","?","E","?","$","M","R","BOSS","M","?","$","M","M","E","R","M","T","R","?","R","?","E","R","BOSS"],"build_version":"2019-01-23","purchased_purges":1,"victory":false,"max_hp_per_floor":[82,82,82,82,82,82,82,82,82,82,82,82,82,82,82,87,87,87,87,87,87,87,87,87,87,87,87,87,87,87,87,87,87],"card_choices":[{"not_picked":["Intimidate","Body Slam"],"picked":"Metallicize","floor":1.0},{"not_picked":["Clash","Pummel"],"picked":"Heavy Blade","floor":2.0},{"not_picked":["Shrug It Off","Armaments"],"picked":"Twin Strike","floor":3.0},{"not_picked":["Havoc","Headbutt"],"picked":"Anger","floor":4.0},{"not_picked":["Sword Boomerang","Wild Strike"],"picked":"Immolate","floor":7.0},{"not_picked":["Warcry","Flex"],"picked":"Disarm","floor":11.0},{"not_picked":["Power Through","Cleave"],"picked":"Burning Pact","floor":14.0},{"not_picked":["Brutality","Bludgeon"],"picked":"Offering","floor":16},{"not_picked":["Heavy Blade","Armaments","Warcry"],"picked":"SKIP","floor":18},{"not_picked":["Shrug It Off","Thunderclap"],"picked":"Combust","floor":21},{"not_picked":["Sword Boomerang","Clash+1"],"picked":"Reaper","floor":22},{"not_picked":["Sword Boomerang","Bloodletting+1","True Grit"],"picked":"SKIP","floor":23},{"not_picked":["Shockwave","Whirlwind"],"picked":"Impervious","floor":25},{"not_picked":["Anger","Thunderclap"],"picked":"Disarm","floor":30},{"not_picked":["Wild Strike","Perfected Strike+1"],"picked":"Rampage","floor":31}],"player_experience":692351,"relics_obtained":[{"floor":7.0,"key":"PreservedInsect"},{"floor":9.0,"key":"MawBank"},{"floor":11.0,"key":"Omamori"},{"floor":23,"key":"Sundial"},{"floor":26,"key":"Incense Burner"},{"floor":31,"key":"Regal Pillow"}],"event_choices":[{"damage_healed":0.0,"max_hp_gain":0.0,"max_hp_loss":0.0,"gold_gain":75.0,"event_name":"World of Goop","player_choice":"Gather Gold","floor":5.0,"gold_loss":0.0,"damage_taken":11.0},{"damage_healed":0.0,"max_hp_gain":0.0,"max_hp_loss":0.0,"gold_gain":0.0,"event_name":"Liars Game","player_choice":"Ignored","floor":10.0,"gold_loss":0.0,"damage_taken":0.0},{"damage_healed":0.0,"max_hp_gain":0.0,"max_hp_loss":0.0,"gold_gain":0.0,"event_name":"Scrap Ooze","player_choice":"Fled","floor":12.0,"gold_loss":0.0,"damage_taken":11.0},{"damage_healed":0,"gold_gain":0,"player_choice":"Ignored","damage_taken":0,"max_hp_gain":0,"max_hp_loss":0,"event_name":"Ghosts","floor":19,"gold_loss":0},{"cards_removed":["Strike_R"],"damage_healed":0,"gold_gain":0,"player_choice":"Offered Basic","damage_taken":0,"max_hp_gain":0,"max_hp_loss":0,"event_name":"Bonfire Elementals","floor":28,"gold_loss":0}],"is_beta":false,"boss_relics":[{"not_picked":["Philosopher\u0027s Stone","Pandora\u0027s Box"],"picked":"Cursed Key"}],"items_purged_floors":[20],"is_endless":false,"potions_floor_spawned":[1,14,16,18,23,31],"killed_by":"Champ","ascension_level":20}