{"gold_per_floor":[10,10,10,21,21,70,97,97,97,97,112,123,140,152,152,249,249,264,264,264,363,377,377,392,392,442,442,140,55,55,68,68,171,171,185,200,200,200,200,200,216,264,318,318,318,318,328,343,343,343],"floor_reached":51,"playtime":1544,"items_purged":["Strike_B"],"score":795,"play_id":"c53447cd-464a-4a1a-a675-c0f381235482","local_time":"20181015150312","is_ascension_mode":false,"campfire_choices":[{"data":"Dualcast","floor":8,"key":"SMITH"},{"floor":10,"key":"REST"},{"data":"Cold Snap","floor":15,"key":"SMITH"},{"data":"Conserve Battery","floor":23,"key":"SMITH"},{"data":"BootSequence","floor":30,"key":"SMITH"},{"floor":32,"key":"REST"},{"data":"Coolheaded","floor":44,"key":"SMITH"},{"data":"Defend_B","floor":46,"key":"SMITH"},{"data":"Force Field","floor":49,"key":"SMITH"}],"neow_cost":"NO_GOLD","seed_source_timestamp":400772946892891,"circlet_count":0,"master_deck":["Defend_B","Defend_B","Defend_B","Defend_B+1","Zap+1","Dualcast+1","Loop+1","Chill+1","Capacitor+1","Storm+1","Cold Snap+1","BootSequence+1","Electrodynamics+1","Conserve Battery+1","Barrage+1","White Noise+1","Echo Form+1","Coolheaded+1","Force Field+1"],"relics":["Cracked Core","Torii","Smiling Mask","Potion Belt","Frozen Egg 2","Cables","Philosopher\u0027s Stone","Anchor","Mummified Hand","Singing Bowl","Mango","Busted Crown","Dead Branch","Ginger","Regal Pillow"],"potions_floor_usage":[33,42,50,50],"damage_taken":[{"damage":1,"enemies":"2 Louse","floor":1,"turns":2},{"damage":1,"enemies":"Small Slimes","floor":4,"turns":3},{"damage":10,"enemies":"3 Sentries","floor":7,"turns":9},{"damage":0,"enemies":"Cultist","floor":11,"turns":3},{"damage":7,"enemies":"Blue Slaver","floor":12,"turns":3},{"damage":6,"enemies":"Exordium Wildlife","floor":13,"turns":3},{"damage":8,"enemies":"Red Slaver","floor":14,"turns":3},{"damage":5,"enemies":"The Guardian","floor":16,"turns":10},{"damage":20,"enemies":"Spheric Guardian","floor":18,"turns":4},{"damage":0,"enemies":"Chosen","floor":22,"turns":3},{"damage":6,"enemies":"Snecko","floor":24,"turns":5},{"damage":0,"enemies":"Chosen and Byrds","floor":31,"turns":3},{"damage":61,"enemies":"Champ","floor":33,"turns":10},{"damage":1,"enemies":"3 Shapes","floor":35,"turns":4},{"damage":1,"enemies":"Orb Walker","floor":36,"turns":3},{"damage":0,"enemies":"Mind Bloom Boss Battle","floor":40,"turns":3},{"damage":0,"enemies":"Reptomancer","floor":41,"turns":2},{"damage":9,"enemies":"Mysterious Sphere","floor":42,"turns":3},{"damage":0,"enemies":"Transient","floor":47,"turns":5},{"damage":0,"enemies":"Jaw Worm Horde","floor":48,"turns":2},{"damage":1,"enemies":"Time Eater","floor":50,"turns":9}],"seed_played":"-1145327587053376878","potions_obtained":[{"floor":1,"key":"Block Potion"},{"floor":7,"key":"Explosive Potion"},{"floor":11,"key":"FearPotion"},{"floor":13,"key":"FairyPotion"},{"floor":22,"key":"Dexterity Potion"},{"floor":35,"key":"Swift Potion"},{"floor":47,"key":"Energy Potion"},{"floor":48,"key":"FocusPotion"}],"is_trial":false,"path_per_floor":["M","?","?","M","?","T","E","R","T","R","M","M","M","M","R","B",null,"M","?","?","?","M","R","M","?","T","T","$","?","R","M","R","B",null,"M","M","?","?","?","?","M","?","T","R","?","R","M","M","R","B"],"character_chosen":"DEFECT","items_purchased":["Singing Bowl"],"campfire_rested":2,"item_purchase_floors":[28],"current_hp_per_floor":[74,62,47,46,46,46,36,36,36,58,58,51,45,37,37,32,75,55,48,48,48,48,48,42,42,42,42,42,56,56,56,82,21,89,90,91,91,91,91,91,93,86,86,86,86,86,88,88,88,87],"gold":343,"neow_bonus":"ONE_RARE_RELIC","is_prod":false,"is_daily":false,"chose_seed":false,"campfire_upgraded":7,"win_rate":0,"timestamp":1539583392,"path_taken":["M","?","?","M","?","?","E","R","T","R","M","?","M","M","R","BOSS","M","?","?","?","?","R","M","?","T","?","$","?","R","M","R","BOSS","M","M","?","?","?","?","?","?","T","R","?","R","M","M","R","BOSS"],"build_version":"2018-10-11","purchased_purges":1,"victory":true,"max_hp_per_floor":[75,75,75,75,75,75,75,75,75,75,75,75,75,75,75,75,75,75,75,75,75,75,75,75,75,75,75,75,89,89,89,89,89,89,91,93,93,93,93,93,95,97,97,97,97,97,99,99,99,99],"card_choices":[{"not_picked":["Coolheaded","Rebound"],"picked":"Loop","floor":1},{"not_picked":["Steam Power","Aggregate"],"picked":"Chill","floor":4},{"not_picked":["Hologram","Streamline","Fusion"],"picked":"SKIP","floor":7},{"not_picked":["Beam Cell","Reprogram"],"picked":"Capacitor+1","floor":11},{"not_picked":["Leap","Aggregate"],"picked":"Storm+1","floor":12},{"not_picked":["Gash","Chaos"],"picked":"Cold Snap","floor":13},{"not_picked":["Beam Cell","Hologram"],"picked":"BootSequence","floor":14},{"not_picked":["Seek","Core Surge"],"picked":"Electrodynamics+1","floor":16},{"not_picked":["Scrape+1","Leap+1"],"picked":"Conserve Battery","floor":18},{"not_picked":["Scrape","Redo","Compile Driver"],"picked":"SKIP","floor":22},{"not_picked":["Gash","Go for the Eyes+1"],"picked":"Barrage+1","floor":24},{"not_picked":["Steam Power+1","Rebound+1"],"picked":"White Noise+1","floor":31},{"not_picked":["Multi-Cast","Reboot"],"picked":"Echo Form+1","floor":33},{"not_picked":["Compile Driver"],"picked":"Singing Bowl","floor":35},{"not_picked":["Reinforced Body+1"],"picked":"Singing Bowl","floor":36},{"not_picked":[],"picked":"Coolheaded","floor":40},{"not_picked":["Streamline+1"],"picked":"Singing Bowl","floor":41},{"not_picked":["Beam Cell+1"],"picked":"Singing Bowl","floor":42},{"not_picked":["Steam"],"picked":"Singing Bowl","floor":47},{"not_picked":[],"picked":"Force Field","floor":48}],"player_experience":502296,"relics_obtained":[{"floor":6,"key":"Potion Belt"},{"floor":7,"key":"Frozen Egg 2"},{"floor":9,"key":"Cables"},{"floor":26,"key":"Anchor"},{"floor":27,"key":"Mummified Hand"},{"floor":40,"key":"Dead Branch"},{"floor":42,"key":"Ginger"},{"floor":43,"key":"Regal Pillow"}],"event_choices":[{"event_name":"Scrap Ooze","player_choice":"success","floor":2,"damage_taken":12},{"event_name":"Shining Light","player_choice":"Entered Light","floor":3,"damage_taken":0},{"event_name":"Upgrade Shrine","player_choice":"Upgraded","floor":5,"damage_taken":0},{"event_name":"Knowing Skull","player_choice":"","floor":19,"damage_taken":0},{"event_name":"Purifier","player_choice":"One Purge","floor":20,"damage_taken":0},{"event_name":"Nest","player_choice":"Stole From Cult","floor":21,"damage_taken":0},{"event_name":"Ghosts","player_choice":"Ignored","floor":25,"damage_taken":0},{"event_name":"Addict","player_choice":"Obtained Relic","floor":29,"damage_taken":0},{"event_name":"Wheel of Change","player_choice":"Card Removal","floor":37,"damage_taken":0},{"event_name":"The Woman in Blue","player_choice":"Bought 0 Potions","floor":38,"damage_taken":0},{"event_name":"Falling","player_choice":"Removed Attack","floor":39,"damage_taken":0},{"event_name":"MindBloom","player_choice":"Fight","floor":40,"damage_taken":0},{"event_name":"Mysterious Sphere","player_choice":"Fight","floor":42,"damage_taken":0},{"event_name":"Upgrade Shrine","player_choice":"Upgraded","floor":45,"damage_taken":0}],"is_beta":true,"boss_relics":[{"not_picked":["Calling Bell","Velvet Choker"],"picked":"Philosopher\u0027s Stone"},{"not_picked":["Snecko Eye","Runic Dome"],"picked":"Busted Crown"}],"items_purged_floors":[28],"is_endless":false,"potions_floor_spawned":[1,7,11,13,22,24,31,35,40,47,48],"ascension_level":0}