{"gold_per_floor":[118,26,26,45,45,64,94,107,107,119,183,104,131,151,151,250,250,264,16,16,26,26,26,26,26,26,43,72,87,105,105,105,200,200,217,217,14,0,0,30,30,58,58,68,83,83,83,25,25,25,25,25,25,25],"floor_reached":54,"playtime":3193,"items_purged":["Strike_R","Strike_R","Defend_R"],"score":758,"play_id":"acf1f688-4ede-40a4-bed5-e332be771d8a","local_time":"20181215180859","is_ascension_mode":true,"campfire_choices":[{"data":"Juggernaut","floor":15,"key":"SMITH"},{"data":"Armaments","floor":23,"key":"SMITH"},{"data":"Juggernaut","floor":25,"key":"SMITH"},{"floor":32,"key":"REST"},{"data":"Entrench","floor":41,"key":"SMITH"},{"floor":46,"key":"REST"},{"data":"Metamorphosis","floor":47,"key":"SMITH"},{"floor":49,"key":"RECALL"},{"data":"True Grit","floor":52,"key":"SMITH"}],"neow_cost":"NONE","seed_source_timestamp":319561690489283,"circlet_count":0,"master_deck":["Defend_R","Defend_R","Bash","Shrug It Off","Carnage","Shrug It Off","Pommel Strike","Armaments+1","Juggernaut+1","Shrug It Off","Pommel Strike","Juggernaut+1","Flame Barrier","Flame Barrier","Metamorphosis+1","Iron Wave","Seeing Red","Power Through","Evolve+1","Body Slam","Decay","Headbutt+1","True Grit+1","Reaper","Entrench+1","Havoc+1","Impervious","Sentinel","Spot Weakness"],"relics":["Burning Blood","The Courier","Mercury Hourglass","Paper Frog","Ornamental Fan","Mark of Pain","Gremlin Horn","Self Forming Clay","Sozu","Red Mask","WingedGreaves","Vajra"],"potions_floor_usage":[7,11,11,29,29,54],"damage_taken":[{"damage":6,"enemies":"Jaw Worm","floor":1,"turns":3},{"damage":0,"enemies":"Cultist","floor":4,"turns":2},{"damage":5,"enemies":"Small Slimes","floor":6,"turns":3},{"damage":16,"enemies":"Gremlin Nob","floor":7,"turns":4},{"damage":9,"enemies":"2 Fungi Beasts","floor":8,"turns":3},{"damage":12,"enemies":"Blue Slaver","floor":10,"turns":2},{"damage":10,"enemies":"Gremlin Nob","floor":11,"turns":4},{"damage":14,"enemies":"Lagavulin","floor":13,"turns":7},{"damage":0,"enemies":"Large Slime","floor":14,"turns":3},{"damage":14,"enemies":"The Guardian","floor":16,"turns":9},{"damage":0,"enemies":"Chosen","floor":18,"turns":4},{"damage":16,"enemies":"Colosseum Slavers","floor":20,"turns":5},{"damage":15,"enemies":"Shell Parasite","floor":21,"turns":5},{"damage":1,"enemies":"Snake Plant","floor":27,"turns":3},{"damage":56,"enemies":"Slavers","floor":28,"turns":5},{"damage":8,"enemies":"3 Cultists","floor":29,"turns":4},{"damage":0,"enemies":"Chosen and Byrds","floor":30,"turns":4},{"damage":34,"enemies":"Collector","floor":33,"turns":9},{"damage":21,"enemies":"3 Darklings","floor":35,"turns":4},{"damage":36,"enemies":"Reptomancer","floor":40,"turns":4},{"damage":32,"enemies":"Giant Head","floor":42,"turns":9},{"damage":13,"enemies":"Orb Walker","floor":44,"turns":3},{"damage":2,"enemies":"Sphere and 2 Shapes","floor":45,"turns":4},{"damage":37,"enemies":"Donu and Deca","floor":50,"turns":10},{"damage":97,"enemies":"Shield and Spear","floor":54,"turns":6}],"seed_played":"600741922332947992","potions_obtained":[{"floor":3,"key":"Ancient Potion"},{"floor":3,"key":"Block Potion"},{"floor":3,"key":"Block Potion"},{"floor":8,"key":"EssenceOfSteel"},{"floor":13,"key":"Ancient Potion"},{"floor":16,"key":"Weak Potion"},{"floor":28,"key":"Energy Potion"}],"is_trial":false,"path_per_floor":["M","$","?","M","$","M","E","M","T","M","?","$","E","M","R","B",null,"M","$","?","M","?","R","?","R","T","M","E","M","M","?","R","B",null,"M","?","$","?","?","E","R","E","T","M","M","R","R","$","R","B",null,"R","$","E"],"character_chosen":"IRONCLAD","items_purchased":["Carnage","Shrug It Off","Shrug It Off","Flame Barrier","Metamorphosis","True Grit","Reaper","Spot Weakness"],"campfire_rested":2,"item_purchase_floors":[2,2,12,19,19,37,37,48],"current_hp_per_floor":[88,88,88,88,88,88,78,75,75,69,65,65,57,63,63,55,88,88,88,78,69,69,69,69,69,69,74,24,22,28,28,54,26,88,73,73,73,73,73,43,43,28,28,21,35,61,61,61,61,40,88,88,88,0],"gold":25,"neow_bonus":"TEN_PERCENT_HP_BONUS","is_prod":false,"is_daily":false,"chose_seed":false,"campfire_upgraded":6,"win_rate":0,"timestamp":1544915339,"path_taken":["M","$","?","M","$","M","E","?","T","?","?","$","E","M","R","BOSS","M","$","?","M","?","R","?","R","T","M","E","M","?","?","R","BOSS","M","?","$","?","?","E","R","E","T","?","?","R","R","?","R","BOSS","R","$","E"],"build_version":"2018-12-13","purchased_purges":3,"victory":false,"max_hp_per_floor":[88,88,88,88,88,88,88,88,88,88,88,88,88,88,88,88,88,88,88,88,88,88,88,88,88,88,88,88,88,88,88,88,88,88,88,88,88,88,88,88,88,88,88,88,88,88,88,88,88,88,88,88,88,88],"card_choices":[{"not_picked":["Wild Strike","Heavy Blade"],"picked":"Shrug It Off","floor":1},{"not_picked":["Wild Strike","Havoc"],"picked":"Pommel Strike","floor":4},{"not_picked":["Clothesline","Sever Soul"],"picked":"Armaments","floor":6},{"not_picked":["Flex","Wild Strike","Iron Wave"],"picked":"SKIP","floor":7},{"not_picked":["Warcry","Fire Breathing","Rupture"],"picked":"SKIP","floor":8},{"not_picked":["Heavy Blade","Iron Wave"],"picked":"Juggernaut","floor":10},{"not_picked":["Heavy Blade","Cleave","Twin Strike"],"picked":"SKIP","floor":13},{"not_picked":["Twin Strike","Havoc"],"picked":"Pommel Strike","floor":14},{"not_picked":["Limit Break","Berserk"],"picked":"Juggernaut","floor":16},{"not_picked":["Iron Wave","Clash"],"picked":"Flame Barrier","floor":18},{"not_picked":["Heavy Blade","Perfected Strike"],"picked":"Iron Wave","floor":21},{"not_picked":["Rage+1","Bloodletting"],"picked":"Evolve+1","floor":27},{"not_picked":["Clash","Anger","Warcry"],"picked":"SKIP","floor":28},{"not_picked":["Clash","Cleave","Reckless Charge"],"picked":"SKIP","floor":29},{"not_picked":["Wild Strike+1","Pummel+1"],"picked":"Body Slam","floor":30},{"not_picked":["Heavy Blade","Flex"],"picked":"Headbutt+1","floor":35},{"not_picked":["Wild Strike+1","Warcry+1"],"picked":"Entrench","floor":40},{"not_picked":["Uppercut","Headbutt"],"picked":"Havoc+1","floor":42},{"not_picked":["Sever Soul","Iron Wave+1"],"picked":"Impervious","floor":44},{"not_picked":["Anger","Cleave+1"],"picked":"Sentinel","floor":45}],"player_experience":719971,"relics_obtained":[{"floor":7,"key":"The Courier"},{"floor":9,"key":"Mercury Hourglass"},{"floor":13,"key":"Ornamental Fan"},{"floor":26,"key":"Gremlin Horn"},{"floor":28,"key":"Self Forming Clay"},{"floor":40,"key":"WingedGreaves"},{"floor":42,"key":"Vajra"}],"event_choices":[{"damage_healed":0,"gold_gain":0,"player_choice":"Got Potions","damage_taken":0,"max_hp_gain":0,"max_hp_loss":0,"event_name":"Lab","floor":3,"gold_loss":0},{"damage_healed":0,"gold_gain":0,"player_choice":"Searched \u00272\u0027 times","damage_taken":0,"relics_obtained":["Paper Frog"],"max_hp_gain":0,"max_hp_loss":0,"event_name":"Dead Adventurer","floor":11,"gold_loss":0},{"damage_healed":0,"gold_gain":0,"player_choice":"Fight","damage_taken":0,"max_hp_gain":0,"max_hp_loss":0,"event_name":"Colosseum","floor":20,"gold_loss":0},{"damage_healed":0,"gold_gain":0,"player_choice":"Fled From Nobs","damage_taken":0,"max_hp_gain":0,"max_hp_loss":0,"event_name":"Colosseum","floor":20,"gold_loss":0},{"damage_healed":0,"gold_gain":0,"cards_transformed":["Defend_R","Strike_R"],"player_choice":"Became Test Subject","damage_taken":0,"max_hp_gain":0,"max_hp_loss":0,"event_name":"Drug Dealer","floor":22,"gold_loss":0,"cards_obtained":["Seeing Red","Power Through"]},{"damage_healed":0,"gold_gain":0,"player_choice":"Ignored","damage_taken":0,"max_hp_gain":0,"max_hp_loss":0,"event_name":"Beggar","floor":24,"gold_loss":0},{"damage_healed":0,"gold_gain":0,"player_choice":"Smashed Altar","damage_taken":0,"max_hp_gain":0,"max_hp_loss":0,"event_name":"Forgotten Altar","floor":31,"gold_loss":0,"cards_obtained":["Decay"]},{"cards_removed":["Strike_R"],"damage_healed":0,"gold_gain":0,"player_choice":"Removed Attack","damage_taken":0,"max_hp_gain":0,"max_hp_loss":0,"event_name":"Falling","floor":36,"gold_loss":0},{"damage_healed":0,"gold_gain":0,"player_choice":"Paid","damage_taken":0,"relics_obtained":["Red Mask"],"max_hp_gain":0,"max_hp_loss":0,"event_name":"Tomb of Lord Red Mask","floor":38,"gold_loss":14},{"cards_removed":["Strike_R"],"damage_healed":0,"gold_gain":0,"player_choice":"Card Removal","damage_taken":0,"max_hp_gain":0,"max_hp_loss":0,"event_name":"Wheel of Change","floor":39,"gold_loss":0}],"is_beta":false,"boss_relics":[{"not_picked":["Coffee Dripper","Eternal Feather"],"picked":"Mark of Pain"},{"not_picked":["Runic Pyramid","Empty Cage"],"picked":"Sozu"}],"items_purged_floors":[12,19,37],"is_endless":false,"potions_floor_spawned":[6,8,13,16,27,28,35],"killed_by":"Shield and Spear","ascension_level":1}