{"gold_per_floor":[14,14,14,14,14,14,46,46,46,66,79,92,167,181,181,255,255,271,196,214,214,240,240,240,256,256,70,70,85,85,105,105,105],"floor_reached":33,"playtime":1248,"items_purged":["Defend_B"],"score":429,"play_id":"f58bbaf6-1127-4ab1-baeb-8a3b0a409af9","local_time":"20181229171008","is_ascension_mode":true,"campfire_choices":[{"data":"Zap","floor":6,"key":"SMITH"},{"data":"Dualcast","floor":8,"key":"SMITH"},{"floor":15,"key":"REST"},{"floor":23,"key":"REST"},{"data":"Seek","floor":32,"key":"SMITH"}],"neow_cost":"NO_GOLD","seed_source_timestamp":1036605845521137,"circlet_count":0,"master_deck":["AscendersBane","Strike_B+1","Strike_B+1","Defend_B+1","Defend_B+1","Defend_B+1","Zap+1","Dualcast+1","Ball Lightning","Darkness","Coolheaded","Conserve Battery","Auto Shields","Core Surge","Coolheaded","Ball Lightning","Biased Cognition","Loop+1","Compile Driver","Seek+1","Ball Lightning","Cold Snap","Loop","Seek","Conserve Battery","Ghostly","Ghostly","Ghostly","Ghostly","Ghostly","Storm","BootSequence"],"relics":["Cracked Core","Prayer Wheel","Pear","Kunai","Sozu","Red Mask","Mummified Hand"],"potions_floor_usage":[],"damage_taken":[{"damage":14,"enemies":"Jaw Worm","floor":1,"turns":3},{"damage":30,"enemies":"3 Sentries","floor":7,"turns":5},{"damage":0,"enemies":"Small Slimes","floor":10,"turns":3},{"damage":0,"enemies":"Cultist","floor":11,"turns":4},{"damage":1,"enemies":"3 Louse","floor":12,"turns":3},{"damage":2,"enemies":"2 Fungi Beasts","floor":14,"turns":3},{"damage":36,"enemies":"Slime Boss","floor":16,"turns":14},{"damage":4,"enemies":"Shell Parasite","floor":18,"turns":4},{"damage":16,"enemies":"2 Thieves","floor":20,"turns":4},{"damage":39,"enemies":"Masked Bandits","floor":22,"turns":4},{"damage":12,"enemies":"Snake Plant","floor":25,"turns":3},{"damage":0,"enemies":"3 Cultists","floor":29,"turns":5},{"damage":1,"enemies":"Centurion and Healer","floor":31,"turns":5},{"damage":34,"enemies":"Champ","floor":33,"turns":8}],"seed_played":"7097939818415877014","potions_obtained":[{"floor":1,"key":"Ancient Potion"},{"floor":10,"key":"LiquidBronze"},{"floor":12,"key":"Regen Potion"}],"is_trial":false,"path_per_floor":["M","?","$","?","?","R","E","R","T","M","M","M","?","M","R","B",null,"M","$","M","?","?","R","$","M","T","$","?","M","?","M","R","B"],"character_chosen":"DEFECT","items_purchased":["Loop","Seek"],"campfire_rested":2,"item_purchase_floors":[27,27],"current_hp_per_floor":[54,47,47,47,47,47,27,27,27,27,27,26,15,13,38,2,64,60,60,44,44,5,30,30,18,18,18,18,18,18,17,17,0],"gold":105,"neow_bonus":"ONE_RARE_RELIC","is_prod":false,"is_daily":false,"chose_seed":false,"campfire_upgraded":3,"win_rate":0,"timestamp":1546071008,"path_taken":["M","?","$","?","?","R","E","R","T","M","M","M","?","?","R","BOSS","M","$","M","?","?","R","?","?","T","$","?","M","?","M","R","BOSS"],"build_version":"2018-12-20","purchased_purges":1,"victory":false,"max_hp_per_floor":[75,75,75,75,75,75,85,85,85,85,85,85,85,85,85,85,85,85,85,85,85,85,85,85,85,85,85,85,85,42,42,42,42],"card_choices":[{"not_picked":["Recycle","Melter"],"picked":"Ball Lightning","floor":1},{"not_picked":["Gash","Reprogram"],"picked":"Darkness","floor":1},{"not_picked":["Recycle","Beam Cell"],"picked":"Coolheaded","floor":7},{"not_picked":["Coolheaded","Chaos"],"picked":"Conserve Battery","floor":10},{"not_picked":["Steam","Reinforced Body","Hologram"],"picked":"SKIP","floor":10},{"not_picked":["Stack","Rip and Tear"],"picked":"Auto Shields","floor":11},{"not_picked":["Leap","Lockon","Sweeping Beam"],"picked":"SKIP","floor":11},{"not_picked":["Beam Cell","Leap"],"picked":"Core Surge","floor":12},{"not_picked":["Leap","Recycle"],"picked":"Coolheaded","floor":12},{"not_picked":["Scrape","Gash"],"picked":"Ball Lightning","floor":14},{"not_picked":["Aggregate","Turbo","Compile Driver"],"picked":"SKIP","floor":14},{"not_picked":["Multi-Cast","Rainbow"],"picked":"Biased Cognition","floor":16},{"not_picked":["Leap","Rebound"],"picked":"Loop+1","floor":18},{"not_picked":["Beam Cell","Reprogram","Undo"],"picked":"SKIP","floor":18},{"not_picked":["Gash","Aggregate"],"picked":"Compile Driver","floor":20},{"not_picked":["Recycle","Rebound"],"picked":"Seek","floor":20},{"not_picked":["Hello World","Sweeping Beam"],"picked":"Ball Lightning","floor":25},{"not_picked":["Go for the Eyes","Conserve Battery"],"picked":"Cold Snap","floor":25},{"not_picked":["Sweeping Beam","Force Field"],"picked":"Conserve Battery","floor":29},{"not_picked":["Aggregate","Hologram","Reprogram"],"picked":"SKIP","floor":29},{"not_picked":["Leap","Aggregate"],"picked":"Storm","floor":31},{"not_picked":["Hologram","Gash"],"picked":"BootSequence","floor":31}],"player_experience":686716,"relics_obtained":[{"floor":7,"key":"Pear"},{"floor":9,"key":"Kunai"},{"floor":22,"key":"Red Mask"},{"floor":26,"key":"Mummified Hand"}],"event_choices":[{"cards_removed":["Strike_B"],"damage_healed":0,"gold_gain":0,"player_choice":"Card Removal","damage_taken":7,"max_hp_gain":0,"max_hp_loss":0,"event_name":"Golden Wing","floor":2,"gold_loss":0},{"cards_removed":["Strike_B"],"damage_healed":0,"gold_gain":0,"player_choice":"Forget","damage_taken":0,"max_hp_gain":0,"max_hp_loss":0,"event_name":"Living Wall","floor":4,"gold_loss":0},{"damage_healed":0,"gold_gain":0,"player_choice":"Leave","damage_taken":0,"max_hp_gain":0,"max_hp_loss":0,"event_name":"The Cleric","floor":5,"gold_loss":0},{"damage_healed":0,"gold_gain":75,"player_choice":"Gather Gold","damage_taken":11,"max_hp_gain":0,"max_hp_loss":0,"event_name":"World of Goop","floor":13,"gold_loss":0},{"damage_healed":0,"gold_gain":0,"player_choice":"Simplicity","damage_taken":0,"max_hp_gain":0,"max_hp_loss":0,"event_name":"Back to Basics","floor":21,"gold_loss":0,"cards_upgraded":["Strike_B","Strike_B","Defend_B","Defend_B","Defend_B"]},{"damage_healed":0,"gold_gain":0,"player_choice":"Fought Bandits","damage_taken":0,"max_hp_gain":0,"max_hp_loss":0,"event_name":"Masked Bandits","floor":22,"gold_loss":0},{"damage_healed":0,"gold_gain":0,"player_choice":"Became a Ghost","damage_taken":0,"max_hp_gain":0,"max_hp_loss":43,"event_name":"Ghosts","floor":30,"gold_loss":0,"cards_obtained":["Ghostly","Ghostly","Ghostly","Ghostly","Ghostly"]}],"is_beta":false,"boss_relics":[{"not_picked":["Ectoplasm","Eternal Feather"],"picked":"Sozu"}],"items_purged_floors":[19],"is_endless":false,"potions_floor_spawned":[1,10,12,16,20,29],"killed_by":"Champ","ascension_level":13}