{"gold_per_floor":[117,130,130,130,149,193,143,143,143,179,193,213,7,55,55,55],"floor_reached":16,"playtime":1400,"items_purged":[],"score":110,"play_id":"ac850811-52e2-4678-a718-d36dd35ce5a8","local_time":"20190103123530","is_ascension_mode":false,"campfire_choices":[{"data":"Barricade","floor":15,"key":"SMITH"}],"neow_cost":"CURSE","seed_source_timestamp":204252464705843,"circlet_count":0,"master_deck":["Strike_R","Strike_R","Strike_R","Defend_R","Defend_R","Defend_R","Defend_R","Bash","Shame","Feed","Clothesline","Second Wind","Heavy Blade","Barricade+1","Metallicize"],"relics":["Burning Blood","Golden Idol","Meat on the Bone","Bag of Preparation","Paper Frog","Mummified Hand","Chemical X","Centennial Puzzle"],"potions_floor_usage":[],"damage_taken":[{"damage":6,"enemies":"2 Louse","floor":1,"turns":5},{"damage":0,"enemies":"Small Slimes","floor":2,"turns":5},{"damage":11,"enemies":"Cultist","floor":5,"turns":6},{"damage":41,"enemies":"Gremlin Nob","floor":6,"turns":5},{"damage":38,"enemies":"3 Sentries","floor":10,"turns":12},{"damage":6,"enemies":"Exordium Thugs","floor":11,"turns":5},{"damage":3,"enemies":"Exordium Wildlife","floor":12,"turns":5},{"damage":66,"enemies":"Slime Boss","floor":16,"turns":16}],"seed_played":"1389304358152955031","potions_obtained":[{"floor":2,"key":"AttackPotion"},{"floor":10,"key":"SteroidPotion"},{"floor":12,"key":"LiquidBronze"}],"is_trial":false,"path_per_floor":["M","M","?","?","M","E","?","?","T","E","M","M","$","T","R","B"],"character_chosen":"IRONCLAD","items_purchased":["Chemical X"],"campfire_rested":0,"item_purchase_floors":[13],"current_hp_per_floor":[83,86,80,80,75,52,52,44,44,27,42,60,60,60,60,0],"gold":55,"neow_bonus":"TRANSFORM_TWO_CARDS","is_prod":false,"is_daily":false,"chose_seed":false,"campfire_upgraded":1,"win_rate":0.0,"timestamp":1546515330,"path_taken":["M","M","?","?","M","E","?","?","T","E","?","M","?","?","R","BOSS"],"build_version":"2018-12-20","purchased_purges":0,"victory":false,"max_hp_per_floor":[83,86,80,80,80,80,80,80,80,83,86,89,89,89,89,89],"card_choices":[{"not_picked":["Power Through","Iron Wave","Anger"],"picked":"SKIP","floor":1},{"not_picked":["Fire Breathing","Armaments"],"picked":"Second Wind","floor":2},{"not_picked":["Power Through","Body Slam","Warcry"],"picked":"SKIP","floor":5},{"not_picked":["Anger","Warcry"],"picked":"Heavy Blade","floor":6},{"not_picked":["Headbutt","Clash","Iron Wave"],"picked":"SKIP","floor":10},{"not_picked":["Feel No Pain","Uppercut"],"picked":"Barricade","floor":11},{"not_picked":["Clothesline","Shrug It Off"],"picked":"Metallicize","floor":12}],"player_experience":85154,"relics_obtained":[{"floor":6,"key":"Bag of Preparation"},{"floor":9,"key":"Paper Frog"},{"floor":10,"key":"Mummified Hand"},{"floor":14,"key":"Centennial Puzzle"}],"event_choices":[{"damage_healed":0,"gold_gain":0,"player_choice":"Lose Max HP","damage_taken":0,"relics_obtained":["Golden Idol"],"max_hp_gain":0,"max_hp_loss":6,"event_name":"Golden Idol","floor":3,"gold_loss":0},{"damage_healed":0,"gold_gain":0,"player_choice":"Box","damage_taken":0,"relics_obtained":["Meat on the Bone"],"max_hp_gain":0,"max_hp_loss":0,"event_name":"Big Fish","floor":4,"gold_loss":0,"cards_obtained":["Regret"]},{"cards_removed":["Regret"],"damage_healed":0,"gold_gain":0,"player_choice":"Card Removal","damage_taken":0,"max_hp_gain":0,"max_hp_loss":0,"event_name":"The Cleric","floor":7,"gold_loss":50},{"damage_healed":0,"gold_gain":0,"player_choice":"Damaged","damage_taken":8,"max_hp_gain":0,"max_hp_loss":0,"event_name":"Wheel of Change","floor":8,"gold_loss":0}],"is_beta":false,"boss_relics":[],"items_purged_floors":[],"is_endless":false,"potions_floor_spawned":[2,10,12],"killed_by":"Slime Boss","ascension_level":0}