{"gold_per_floor":[118,118,118,39,59,94,112,140,140,174,184,216,216,228,228,303,303,316,295,295,295,38,38,67,67,67,78,90,30,55,55,55,134,134,145,162,2,2,2,2,15,15,15,15,15,15,32,59,71,83],"floor_reached":50,"playtime":2778,"items_purged":["Strike_G"],"score":1147,"play_id":"e5515921-5e4b-40c8-9734-9acb153ccb18","local_time":"20190205160454","is_ascension_mode":true,"campfire_choices":[{"data":"After Image","floor":13,"key":"SMITH"},{"data":"A Thousand Cuts","floor":15,"key":"SMITH"},{"data":"After Image","floor":23,"key":"SMITH"},{"floor":25,"key":"REST"},{"floor":32,"key":"REST"},{"data":"Cloak And Dagger","floor":40,"key":"SMITH"},{"data":"Neutralize","floor":42,"key":"SMITH"},{"floor":44,"key":"REST"},{"floor":49,"key":"REST"}],"neow_cost":"NONE","seed_source_timestamp":319272018153600,"circlet_count":0,"master_deck":["AscendersBane","Defend_G","Defend_G","Defend_G","Defend_G","Strike_G","Strike_G","Strike_G","Survivor","Neutralize+1","Infinite Blades+1","Endless Agony","Terror","After Image+1","Cloak And Dagger+1","A Thousand Cuts+1","Cloak And Dagger","Blade Dance","Escape Plan","Infinite Blades","After Image+1","Expertise","Accuracy+1","Adrenaline","Cloak And Dagger"],"relics":["Ring of the Snake","NeowsBlessing","Darkstone Periapt","Question Card","Pantograph","Letter Opener","Singing Bowl","WristBlade","Lee\u0027s Waffle","The Courier","Art of War","Runic Dome","Lantern","Nunchaku","MawBank"],"potions_floor_usage":[8,10,12,18,20,24,27,30],"damage_taken":[{"damage":0,"enemies":"Small Slimes","floor":1,"turns":1},{"damage":0,"enemies":"Jaw Worm","floor":5,"turns":1},{"damage":0,"enemies":"Gremlin Nob","floor":6,"turns":1},{"damage":1,"enemies":"Cultist","floor":7,"turns":4},{"damage":5,"enemies":"Lagavulin","floor":8,"turns":6},{"damage":9,"enemies":"3 Sentries","floor":10,"turns":7},{"damage":4,"enemies":"Blue Slaver","floor":11,"turns":4},{"damage":38,"enemies":"Gremlin Nob","floor":12,"turns":5},{"damage":0,"enemies":"Looter","floor":14,"turns":4},{"damage":6,"enemies":"Hexaghost","floor":16,"turns":8},{"damage":14,"enemies":"Shell Parasite","floor":18,"turns":4},{"damage":13,"enemies":"2 Thieves","floor":19,"turns":4},{"damage":16,"enemies":"Colosseum Slavers","floor":20,"turns":5},{"damage":32,"enemies":"Book of Stabbing","floor":24,"turns":7},{"damage":30,"enemies":"Snecko","floor":27,"turns":6},{"damage":1,"enemies":"Centurion and Healer","floor":28,"turns":7},{"damage":38,"enemies":"Slavers","floor":30,"turns":7},{"damage":65,"enemies":"Automaton","floor":33,"turns":12},{"damage":17,"enemies":"3 Darklings","floor":35,"turns":6},{"damage":7,"enemies":"3 Shapes","floor":36,"turns":4},{"damage":21,"enemies":"Jaw Worm Horde","floor":41,"turns":3},{"damage":27,"enemies":"Transient","floor":47,"turns":6},{"damage":10,"enemies":"Giant Head","floor":48,"turns":5},{"damage":86,"enemies":"Time Eater","floor":50,"turns":9}],"seed_played":"-1203341745454428686","potions_obtained":[{"floor":6,"key":"PowerPotion"},{"floor":8,"key":"Energy Potion"},{"floor":10,"key":"Regen Potion"},{"floor":11,"key":"Dexterity Potion"},{"floor":14,"key":"Block Potion"},{"floor":19,"key":"Explosive Potion"},{"floor":24,"key":"EssenceOfSteel"},{"floor":28,"key":"LiquidBronze"},{"floor":33,"key":"SteroidPotion"},{"floor":41,"key":"SpeedPotion"},{"floor":47,"key":"GhostInAJar"},{"floor":48,"key":"Strength Potion"}],"is_trial":false,"path_per_floor":["M","?","?","$","M","E","M","E","T","E","M","E","R","M","R","B",null,"M","M","?","?","$","R","E","R","T","M","M","$","E","?","R","B",null,"M","M","$","?","$","R","M","R","T","R","?","?","M","E","R","B"],"character_chosen":"THE_SILENT","items_purchased":["Endless Agony","Lee\u0027s Waffle","Expertise","Lantern","Cloak And Dagger"],"campfire_rested":4,"item_purchase_floors":[4,22,22,37,37],"current_hp_per_floor":[59,59,59,59,59,59,58,53,53,44,40,16,16,16,16,35,58,46,35,19,19,77,77,45,68,68,40,41,41,5,22,46,6,64,49,44,44,44,44,44,25,25,25,51,51,51,26,18,45,0],"gold":83,"neow_bonus":"THREE_ENEMY_KILL","is_prod":false,"is_daily":false,"chose_seed":false,"campfire_upgraded":5,"win_rate":0,"timestamp":1549379094,"path_taken":["M","?","?","$","M","E","M","E","T","E","M","E","R","M","R","BOSS","M","?","?","?","$","R","E","R","T","M","M","$","E","?","R","BOSS","M","M","$","?","?","R","M","R","T","R","?","?","?","E","R","BOSS"],"build_version":"2019-01-23","purchased_purges":1,"victory":false,"max_hp_per_floor":[66,66,66,66,66,66,66,66,66,66,66,66,66,66,66,66,66,68,70,70,70,77,77,77,77,77,79,81,81,83,83,83,83,83,85,87,87,87,87,87,89,89,89,89,89,89,91,93,93,93],"card_choices":[{"not_picked":["PiercingWail","Dagger Throw"],"picked":"Infinite Blades","floor":1},{"not_picked":["Dodge and Roll","Poisoned Stab"],"picked":"Terror","floor":5},{"not_picked":["Caltrops","Escape Plan"],"picked":"After Image","floor":6},{"not_picked":["PiercingWail","Poisoned Stab"],"picked":"Cloak And Dagger","floor":7},{"not_picked":["Caltrops","Heel Hook"],"picked":"A Thousand Cuts","floor":8},{"not_picked":["Catalyst","Outmaneuver","Blade Dance"],"picked":"Cloak And Dagger","floor":10},{"not_picked":["Riddle With Holes","Catalyst","Sucker Punch"],"picked":"Blade Dance","floor":11},{"not_picked":["Crippling Poison","Concentrate","Deflect"],"picked":"Escape Plan","floor":12},{"not_picked":["Slice","Expertise","Bane"],"picked":"Infinite Blades","floor":14},{"not_picked":["Malaise","Corpse Explosion","Tools of the Trade"],"picked":"After Image","floor":16},{"not_picked":["All Out Attack+1","Outmaneuver","Backflip","Quick Slash"],"picked":"Singing Bowl","floor":18},{"not_picked":["Outmaneuver","Dagger Spray","Calculated Gamble","Heel Hook"],"picked":"Singing Bowl","floor":19},{"not_picked":["Distraction","Bane","Riddle With Holes"],"picked":"Accuracy","floor":24},{"not_picked":["Leg Sweep","Expertise","Blade Dance","Grand Finale"],"picked":"Singing Bowl","floor":27},{"not_picked":["Prepared","Noxious Fumes","Flying Knee","Catalyst"],"picked":"Singing Bowl","floor":28},{"not_picked":["Finisher","Poisoned Stab","Sucker Punch","Quick Slash"],"picked":"Singing Bowl","floor":30},{"not_picked":["Storm of Steel","Wraith Form v2","Grand Finale"],"picked":"Adrenaline","floor":33},{"not_picked":["Deflect","Acrobatics","Bouncing Flask","Flechettes"],"picked":"Singing Bowl","floor":35},{"not_picked":["Dodge and Roll","Bane+1","Catalyst","Noxious Fumes+1"],"picked":"Singing Bowl","floor":36},{"not_picked":["Acrobatics","Reflex","Calculated Gamble","Slice+1"],"picked":"Singing Bowl","floor":41},{"not_picked":["Slice+1","Dagger Throw","Dodge and Roll","Corpse Explosion"],"picked":"Singing Bowl","floor":47},{"not_picked":["Dodge and Roll","Noxious Fumes","Predator","Crippling Poison"],"picked":"Singing Bowl","floor":48}],"player_experience":635820,"relics_obtained":[{"floor":6,"key":"Darkstone Periapt"},{"floor":8,"key":"Question Card"},{"floor":9,"key":"Pantograph"},{"floor":10,"key":"Letter Opener"},{"floor":12,"key":"Singing Bowl"},{"floor":24,"key":"The Courier"},{"floor":30,"key":"Art of War"},{"floor":43,"key":"Nunchaku"},{"floor":48,"key":"MawBank"}],"event_choices":[{"damage_healed":0,"gold_gain":0,"player_choice":"Ignored","damage_taken":0,"max_hp_gain":0,"max_hp_loss":0,"event_name":"Shining Light","floor":2,"gold_loss":0},{"damage_healed":0,"gold_gain":0,"player_choice":"Upgraded","damage_taken":0,"max_hp_gain":0,"max_hp_loss":0,"event_name":"Upgrade Shrine","floor":3,"gold_loss":0,"cards_upgraded":["Infinite Blades"]},{"damage_healed":0,"gold_gain":0,"player_choice":"Fight","damage_taken":0,"max_hp_gain":0,"max_hp_loss":0,"event_name":"Colosseum","floor":20,"gold_loss":0},{"damage_healed":0,"gold_gain":0,"player_choice":"Fled From Nobs","damage_taken":0,"max_hp_gain":0,"max_hp_loss":0,"event_name":"Colosseum","floor":20,"gold_loss":0},{"damage_healed":0,"gold_gain":0,"player_choice":"Ignored","damage_taken":0,"max_hp_gain":0,"max_hp_loss":0,"event_name":"Vampires","floor":21,"gold_loss":0},{"damage_healed":17,"gold_gain":0,"player_choice":"Heal","damage_taken":0,"max_hp_gain":0,"max_hp_loss":0,"event_name":"The Library","floor":31,"gold_loss":0},{"damage_healed":0,"gold_gain":0,"player_choice":"Upgraded","damage_taken":0,"max_hp_gain":0,"max_hp_loss":0,"event_name":"Upgrade Shrine","floor":38,"gold_loss":0,"cards_upgraded":["Accuracy"]},{"cards_removed":["Defend_G"],"damage_healed":0,"gold_gain":0,"player_choice":"Removed Skill","damage_taken":0,"max_hp_gain":0,"max_hp_loss":0,"event_name":"Falling","floor":45,"gold_loss":0},{"cards_removed":["Strike_G"],"damage_healed":0,"gold_gain":0,"player_choice":"Purged","damage_taken":0,"max_hp_gain":0,"max_hp_loss":0,"event_name":"Purifier","floor":46,"gold_loss":0}],"is_beta":false,"boss_relics":[{"not_picked":["Velvet Choker","Fusion Hammer"],"picked":"WristBlade"},{"not_picked":["Snecko Eye","Pandora\u0027s Box"],"picked":"Runic Dome"}],"items_purged_floors":[29],"is_endless":false,"potions_floor_spawned":[6,8,10,11,14,19,24,28,33,41,47,48],"killed_by":"Time Eater","ascension_level":20}