{"gold_per_floor":[114,114,114,114,124,154,154,185,185,200,200,211,221,231,231,332,332,257,257,257,93,93,93,93,3,3,3,3,3,3,3,3,3,3,3,3,3,3,3,3,3,3,3,3,3,3,0,0,0,0,0,0,0,0,0],"floor_reached":55,"playtime":5581,"items_purged":[],"score":716,"play_id":"8c103af3-d1b1-4aef-85b0-0a24d4489364","local_time":"20190209184652","is_ascension_mode":false,"campfire_choices":[{"floor":7,"key":"REST"},{"floor":11,"key":"REST"},{"floor":15,"key":"RECALL"},{"data":"Self Repair","floor":23,"key":"SMITH"},{"floor":30,"key":"DIG"},{"floor":32,"key":"DIG"},{"floor":41,"key":"DIG"},{"floor":46,"key":"DIG"},{"floor":49,"key":"DIG"},{"floor":52,"key":"DIG"}],"neow_cost":"TEN_PERCENT_HP_LOSS","seed_source_timestamp":707999033828030,"circlet_count":0,"master_deck":["Strike_B","Strike_B+1","Defend_B+1","Defend_B","Defend_B+1","Defend_B","Zap","Dualcast","White Noise+1","Rebound","Sweeping Beam","Redo+1","Genetic Algorithm+1","Chaos+1","Leap+1","Creative AI","Doom and Gloom+1","All For One","Thinking Ahead+1","Self Repair+1","Rainbow+1","Stack+1","Capacitor","Coolheaded+1","Static Discharge+1","Chill+1","Amplify+1","Chill+1","Cold Snap"],"relics":["Cracked Core","FossilizedHelix","Toxic Egg 2","Singing Bowl","Mummified Hand","Ectoplasm","Tiny Chest","Shovel","Bottled Flame","Pantograph","Lantern","The Courier","Nuclear Battery","Incense Burner","Pocketwatch","StoneCalendar","Red Mask","Happy Flower","Blue Candle","War Paint"],"potions_floor_usage":[27,55,55,55],"damage_taken":[{"damage":0,"enemies":"2 Louse","floor":1,"turns":2},{"damage":0,"enemies":"Small Slimes","floor":5,"turns":3},{"damage":10,"enemies":"Lagavulin","floor":6,"turns":7},{"damage":25,"enemies":"3 Sentries","floor":8,"turns":6},{"damage":0,"enemies":"Cultist","floor":10,"turns":2},{"damage":0,"enemies":"Red Slaver","floor":12,"turns":2},{"damage":0,"enemies":"Large Slime","floor":13,"turns":5},{"damage":0,"enemies":"Lots of Slimes","floor":14,"turns":2},{"damage":13,"enemies":"Hexaghost","floor":16,"turns":9},{"damage":17,"enemies":"2 Thieves","floor":18,"turns":5},{"damage":16,"enemies":"3 Byrds","floor":22,"turns":4},{"damage":19,"enemies":"Book of Stabbing","floor":24,"turns":5},{"damage":7,"enemies":"Gremlin Leader","floor":27,"turns":6},{"damage":0,"enemies":"Book of Stabbing","floor":29,"turns":5},{"damage":8,"enemies":"Snecko","floor":31,"turns":4},{"damage":9,"enemies":"Champ","floor":33,"turns":9},{"damage":0,"enemies":"3 Darklings","floor":35,"turns":6},{"damage":0,"enemies":"3 Shapes","floor":36,"turns":5},{"damage":23,"enemies":"Spire Growth","floor":37,"turns":6},{"damage":8,"enemies":"Maw","floor":38,"turns":9},{"damage":0,"enemies":"Sphere and 2 Shapes","floor":40,"turns":6},{"damage":0,"enemies":"Jaw Worm Horde","floor":42,"turns":7},{"damage":0,"enemies":"4 Shapes","floor":44,"turns":5},{"damage":12,"enemies":"Sphere and 2 Shapes","floor":45,"turns":7},{"damage":0,"enemies":"Transient","floor":48,"turns":5},{"damage":52,"enemies":"Time Eater","floor":50,"turns":13},{"damage":30,"enemies":"Shield and Spear","floor":54,"turns":6},{"damage":87,"enemies":"The Heart","floor":55,"turns":9}],"seed_played":"6236947148307109430","potions_obtained":[{"floor":6,"key":"Swift Potion"},{"floor":10,"key":"LiquidBronze"},{"floor":14,"key":"Dexterity Potion"},{"floor":16,"key":"LiquidBronze"},{"floor":22,"key":"Energy Potion"},{"floor":27,"key":"FearPotion"},{"floor":33,"key":"EssenceOfSteel"}],"is_trial":false,"path_per_floor":["M","?","?","?","M","E","R","E","T","M","R","M","M","M","R","B",null,"M","?","?","$","M","R","E","$","T","E","$","E","R","M","R","B",null,"M","M","M","M","$","M","R","M","T","M","M","R","?","M","R","B",null,"R","$","E","B"],"character_chosen":"DEFECT","items_purchased":["Thinking Ahead+1","Stack+1","Capacitor"],"campfire_rested":2,"item_purchase_floors":[21,25,25],"current_hp_per_floor":[68,50,36,36,36,26,46,21,21,21,41,41,41,43,43,30,70,53,53,53,53,37,37,28,28,28,31,31,41,41,43,43,69,70,72,74,63,67,67,78,78,78,78,80,80,80,80,84,84,32,84,84,84,66,0],"gold":0,"neow_bonus":"ONE_RARE_RELIC","is_prod":false,"is_daily":false,"chose_seed":false,"campfire_upgraded":1,"win_rate":0,"timestamp":1549734412,"path_taken":["M","?","?","?","M","E","R","E","T","M","R","M","M","?","R","BOSS","M","?","?","$","M","R","E","$","T","E","$","E","R","M","R","BOSS","M","M","?","M","$","M","R","M","T","M","M","R","?","M","R","BOSS","R","$","E","BOSS"],"build_version":"2019-01-23","purchased_purges":0,"victory":false,"max_hp_per_floor":[68,68,68,68,68,68,68,68,68,68,68,68,68,70,70,70,70,70,70,70,70,70,70,70,70,70,70,70,70,70,70,70,70,70,72,74,76,78,78,78,78,78,78,80,82,82,82,84,84,84,84,84,84,86,86],"card_choices":[{"not_picked":["Redo","Skim"],"picked":"White Noise","floor":1},{"not_picked":["Consume+1","Stack+1"],"picked":"Rebound","floor":5},{"not_picked":["Rebound","Gash"],"picked":"Sweeping Beam","floor":6},{"not_picked":["Storm","Tempest+1"],"picked":"Redo+1","floor":8},{"not_picked":["Gash","Sweeping Beam"],"picked":"Genetic Algorithm+1","floor":10},{"not_picked":["Melter","Compile Driver"],"picked":"Chaos+1","floor":12},{"not_picked":["Barrage","Recycle+1"],"picked":"Leap+1","floor":13},{"not_picked":["Rip and Tear","Sweeping Beam","Leap+1"],"picked":"Singing Bowl","floor":14},{"not_picked":["Thunder Strike","Buffer"],"picked":"Creative AI","floor":16},{"not_picked":["Go for the Eyes+1","Conserve Battery+1"],"picked":"Doom and Gloom+1","floor":18},{"not_picked":["Storm","Turbo+1"],"picked":"Self Repair","floor":22},{"not_picked":["Turbo+1","Ball Lightning+1"],"picked":"Rainbow+1","floor":24},{"not_picked":["Rainbow+1","Barrage"],"picked":"Coolheaded+1","floor":27},{"not_picked":["Creative AI","BootSequence+1"],"picked":"Static Discharge+1","floor":29},{"not_picked":["Coolheaded+1","Gash"],"picked":"Chill+1","floor":31},{"not_picked":["Thunder Strike","Meteor Strike"],"picked":"Amplify+1","floor":33},{"not_picked":["Leap+1","Conserve Battery+1","Darkness+1"],"picked":"Singing Bowl","floor":35},{"not_picked":["Rebound","Beam Cell","Streamline+1"],"picked":"Singing Bowl","floor":36},{"not_picked":["Leap+1","Lockon","Go for the Eyes"],"picked":"Singing Bowl","floor":37},{"not_picked":["Beam Cell","Streamline","Coolheaded+1"],"picked":"Singing Bowl","floor":38},{"not_picked":["Electrodynamics","Chaos+1"],"picked":"Chill+1","floor":40},{"not_picked":["Compile Driver+1","Go for the Eyes+1"],"picked":"Cold Snap","floor":42},{"not_picked":["Stack+1","Scrape","Undo+1"],"picked":"Singing Bowl","floor":44},{"not_picked":["Tempest+1","Rebound","Beam Cell"],"picked":"Singing Bowl","floor":45},{"not_picked":["Steam Power+1","Rebound","Lockon+1"],"picked":"Singing Bowl","floor":48},{"not_picked":["Auto Shields+1","Echo Form","Hologram+1"],"picked":"Singing Bowl","floor":54}],"player_experience":638997,"relics_obtained":[{"floor":6,"key":"Singing Bowl"},{"floor":8,"key":"Mummified Hand"},{"floor":24,"key":"Tiny Chest"},{"floor":26,"key":"Shovel"},{"floor":27,"key":"Bottled Flame"},{"floor":29,"key":"Pantograph"},{"floor":30,"key":"Lantern"},{"floor":32,"key":"The Courier"},{"floor":41,"key":"Incense Burner"},{"floor":43,"key":"Pocketwatch"},{"floor":46,"key":"StoneCalendar"},{"floor":49,"key":"Happy Flower"},{"floor":52,"key":"Blue Candle"},{"floor":54,"key":"War Paint"}],"event_choices":[{"damage_healed":0,"gold_gain":0,"player_choice":"Success","damage_taken":18,"relics_obtained":["Toxic Egg 2"],"max_hp_gain":0,"max_hp_loss":0,"event_name":"Scrap Ooze","floor":2,"gold_loss":0},{"damage_healed":0,"gold_gain":0,"player_choice":"Entered Light","damage_taken":14,"max_hp_gain":0,"max_hp_loss":0,"event_name":"Shining Light","floor":3,"gold_loss":0,"cards_upgraded":["Strike_B","Defend_B"]},{"cards_removed":["Strike_B"],"damage_healed":0,"gold_gain":0,"player_choice":"Purged","damage_taken":0,"max_hp_gain":0,"max_hp_loss":0,"event_name":"Purifier","floor":4,"gold_loss":0},{"damage_healed":0,"gold_gain":0,"player_choice":"Ignored","damage_taken":0,"max_hp_gain":0,"max_hp_loss":0,"event_name":"Ghosts","floor":19,"gold_loss":0},{"damage_healed":0,"gold_gain":0,"cards_transformed":["Strike_B"],"player_choice":"Transformed","damage_taken":0,"max_hp_gain":0,"max_hp_loss":0,"event_name":"Transmorgrifier","floor":20,"gold_loss":0,"cards_obtained":["All For One"]},{"damage_healed":0,"gold_gain":0,"player_choice":"Paid","damage_taken":0,"relics_obtained":["Red Mask"],"max_hp_gain":0,"max_hp_loss":0,"event_name":"Tomb of Lord Red Mask","floor":47,"gold_loss":3}],"is_beta":false,"boss_relics":[{"not_picked":["Black Star","Runic Dome"],"picked":"Ectoplasm"},{"not_picked":["Coffee Dripper","White Beast Statue"],"picked":"Nuclear Battery"}],"items_purged_floors":[],"is_endless":false,"potions_floor_spawned":[6,10,14,16,22,27,33,35,42,45],"killed_by":"The Heart","ascension_level":0}