{"gold_per_floor":[99,99,99,99,99,99,99,99,99,99,99,99,99,79,79,79,79,79,79,79,79,79,79,79,79,79,79,79,79,79,79,79,79],"floor_reached":33,"playtime":1312,"items_purged":[],"score":652,"play_id":"c0d44c4c-da0b-4951-981d-c9544f245851","local_time":"20181124233225","is_ascension_mode":true,"campfire_choices":[{"data":"Skewer","floor":6,"key":"SMITH"},{"floor":8,"key":"REST"},{"data":"Skewer","floor":13,"key":"SMITH"},{"data":"Dagger Spray","floor":15,"key":"SMITH"},{"data":"Neutralize","floor":23,"key":"SMITH"},{"floor":25,"key":"REST"},{"data":"Cloak And Dagger","floor":29,"key":"SMITH"},{"data":"Cloak And Dagger","floor":32,"key":"SMITH"}],"neow_cost":"NONE","seed_source_timestamp":151032017981800,"circlet_count":0,"master_deck":["AscendersBane","Defend_G","Defend_G","Defend_G","Defend_G","Defend_G","Strike_G","Strike_G","Strike_G","Strike_G","Survivor","Neutralize+1","Flying Knee","Skewer+1","Dash","Skewer+1","Backstab","Cloak And Dagger","Dagger Spray+1","After Image","Cloak And Dagger+1","PiercingWail","Cloak And Dagger+1","Terror"],"relics":["Ectoplasm","PreservedInsect","Art of War","Boot","Snake Skull","Potion Belt","Thread and Needle","Busted Crown","Red Mask","Blood Vial","Lantern","Nunchaku","Orichalcum"],"potions_floor_usage":[7,16,22,22,27,31,33,33],"damage_taken":[{"damage":0,"enemies":"Jaw Worm","floor":1,"turns":5},{"damage":0,"enemies":"2 Louse","floor":4,"turns":4},{"damage":2,"enemies":"3 Sentries","floor":7,"turns":6},{"damage":7,"enemies":"Lagavulin","floor":10,"turns":5},{"damage":0,"enemies":"Cultist","floor":11,"turns":2},{"damage":3,"enemies":"Gremlin Nob","floor":12,"turns":3},{"damage":0,"enemies":"Looter","floor":14,"turns":2},{"damage":16,"enemies":"Slime Boss","floor":16,"turns":7},{"damage":6,"enemies":"Shell Parasite","floor":18,"turns":4},{"damage":0,"enemies":"Chosen","floor":19,"turns":4},{"damage":9,"enemies":"Sentry and Sphere","floor":21,"turns":4},{"damage":4,"enemies":"Masked Bandits","floor":22,"turns":3},{"damage":0,"enemies":"Centurion and Healer","floor":24,"turns":7},{"damage":1,"enemies":"Book of Stabbing","floor":27,"turns":3},{"damage":0,"enemies":"Gremlin Leader","floor":31,"turns":3},{"damage":73,"enemies":"Collector","floor":33,"turns":8}],"seed_played":"-4535419872294724646","potions_obtained":[{"floor":4,"key":"Swift Potion"},{"floor":7,"key":"SkillPotion"},{"floor":11,"key":"Block Potion"},{"floor":16,"key":"Dexterity Potion"},{"floor":18,"key":"Strength Potion"},{"floor":21,"key":"SkillPotion"},{"floor":22,"key":"Explosive Potion"},{"floor":27,"key":"Energy Potion"}],"is_trial":false,"path_per_floor":["M","?","?","M","T","R","E","R","T","E","M","E","R","M","R","B",null,"M","M","$","M","?","R","M","R","T","E","T","R","?","E","R","B"],"character_chosen":"THE_SILENT","items_purchased":[],"campfire_rested":2,"item_purchase_floors":[],"current_hp_per_floor":[59,41,34,34,34,34,32,51,51,44,44,41,41,41,41,25,56,50,50,50,41,37,37,37,56,56,57,57,57,57,59,59,0],"gold":79,"neow_bonus":"BOSS_RELIC","is_prod":false,"is_daily":false,"chose_seed":false,"campfire_upgraded":6,"win_rate":0,"timestamp":1543120345,"path_taken":["M","?","?","M","?","R","E","R","T","E","M","E","R","?","R","BOSS","M","M","$","M","?","R","M","R","T","E","?","R","?","E","R","BOSS"],"build_version":"2018-11-15","purchased_purges":0,"victory":false,"max_hp_per_floor":[66,66,66,66,66,66,66,66,66,66,66,66,66,66,66,66,66,66,66,66,66,66,66,66,66,66,66,66,66,66,66,66,66],"card_choices":[{"not_picked":["Distraction","Expertise"],"picked":"Flying Knee","floor":1},{"not_picked":["Dodge and Roll","Deadly Poison"],"picked":"Skewer","floor":4},{"not_picked":["Sucker Punch","Die Die Die"],"picked":"Dash","floor":7},{"not_picked":["Deflect","Acrobatics"],"picked":"Skewer","floor":10},{"not_picked":["Finisher","Blade Dance"],"picked":"Backstab","floor":11},{"not_picked":["Underhanded Strike","Flechettes"],"picked":"Cloak And Dagger","floor":12},{"not_picked":["Cloak And Dagger","Distraction"],"picked":"Dagger Spray","floor":14},{"not_picked":["Bullet Time","Wraith Form v2"],"picked":"After Image","floor":16},{"not_picked":[],"picked":"Cloak And Dagger","floor":18},{"not_picked":[],"picked":"PiercingWail","floor":19},{"not_picked":["Slice"],"picked":"SKIP","floor":21},{"not_picked":[],"picked":"Cloak And Dagger","floor":22},{"not_picked":["Outmaneuver"],"picked":"SKIP","floor":24},{"not_picked":["Unload"],"picked":"SKIP","floor":27},{"not_picked":[],"picked":"Terror","floor":31}],"player_experience":1676130,"relics_obtained":[{"floor":5,"key":"Art of War"},{"floor":7,"key":"Boot"},{"floor":9,"key":"Snake Skull"},{"floor":10,"key":"Potion Belt"},{"floor":12,"key":"Thread and Needle"},{"floor":22,"key":"Red Mask"},{"floor":26,"key":"Blood Vial"},{"floor":27,"key":"Lantern"},{"floor":28,"key":"Nunchaku"},{"floor":31,"key":"Orichalcum"}],"event_choices":[{"damage_healed":0,"gold_gain":0,"player_choice":"Success","damage_taken":18,"relics_obtained":["PreservedInsect"],"max_hp_gain":0,"max_hp_loss":0,"event_name":"Scrap Ooze","floor":2,"gold_loss":0},{"cards_removed":["Strike_G"],"damage_healed":0,"gold_gain":0,"player_choice":"Card Removal","damage_taken":7,"max_hp_gain":0,"max_hp_loss":0,"event_name":"Golden Wing","floor":3,"gold_loss":0},{"damage_healed":0,"gold_gain":0,"player_choice":"Fought Bandits","damage_taken":0,"max_hp_gain":0,"max_hp_loss":0,"event_name":"Masked Bandits","floor":22,"gold_loss":0},{"damage_healed":0,"gold_gain":0,"player_choice":"Ignored","damage_taken":0,"max_hp_gain":0,"max_hp_loss":0,"event_name":"Ghosts","floor":30,"gold_loss":0}],"is_beta":true,"boss_relics":[{"not_picked":["Velvet Choker","Eternal Feather"],"picked":"Busted Crown"}],"items_purged_floors":[],"is_endless":false,"potions_floor_spawned":[4,7,11,16,18,21,22,27],"killed_by":"Collector","ascension_level":20}