{"gold_per_floor":[113,133,153,171,171,204,219,229,254,16,16,16,62,8,8,104,104,122,137,170,85,98,98,19,32,32,48,48,48,58,58,58,155,155,171,171,189,201,212,224,242,272,298,520,520,548,16,26,26,26],"floor_reached":51,"playtime":7131,"items_purged":["Defend_B"],"score":979,"play_id":"bfbb4dc6-d3f4-43a6-9f18-d0e2b087cdab","local_time":"20181109184247","is_ascension_mode":true,"campfire_choices":[{"floor":11.0,"key":"REST"},{"floor":15.0,"key":"REST"},{"floor":23.0,"key":"REST"},{"floor":32.0,"key":"REST"},{"data":"Fission","floor":45,"key":"SMITH"},{"data":"Echo Form","floor":49,"key":"SMITH"}],"neow_cost":"PERCENT_DAMAGE","seed_source_timestamp":0,"circlet_count":0,"master_deck":["Strike_B","Strike_B","Defend_B","Defend_B","Zap","Dualcast","Biased Cognition","Go for the Eyes","Glacier","Sunder","Sweeping Beam","Conserve Battery","Blind","Cold Snap","Biased Cognition","Defragment+1","Ball Lightning","Leap+1","Go for the Eyes+1","Defragment","Coolheaded","Sunder+1","Scrape","Fission+1","Ball Lightning","Writhe","Echo Form+1","BootSequence+1","Leap+1","Parasite","Defragment+1","Self Repair+1","Go for the Eyes+1","Loop","Thinking Ahead"],"special_seed":0,"relics":["Cracked Core","Pantograph","Anchor","Vajra","Bag of Marbles","Runic Dome","Red Mask","Bag of Preparation","Meat on the Bone","Bronze Scales","Coffee Dripper","PreservedInsect","Art of War","Bottled Flame","Nunchaku"],"potions_floor_usage":[50,50],"damage_taken":[{"damage":10.0,"enemies":"Small Slimes","floor":1.0,"turns":3.0},{"damage":0.0,"enemies":"Cultist","floor":2.0,"turns":3.0},{"damage":0.0,"enemies":"Jaw Worm","floor":3.0,"turns":4.0},{"damage":13.0,"enemies":"2 Fungi Beasts","floor":4.0,"turns":3.0},{"damage":10.0,"enemies":"Lagavulin","floor":6.0,"turns":5.0},{"damage":3.0,"enemies":"Looter","floor":7.0,"turns":4.0},{"damage":8.0,"enemies":"Blue Slaver","floor":8.0,"turns":3.0},{"damage":44.0,"enemies":"The Guardian","floor":16.0,"turns":15.0},{"damage":0.0,"enemies":"3 Byrds","floor":18.0,"turns":4.0},{"damage":20.0,"enemies":"2 Thieves","floor":19.0,"turns":3.0},{"damage":0.0,"enemies":"Masked Bandits","floor":20.0,"turns":2.0},{"damage":3.0,"enemies":"Snecko","floor":22.0,"turns":3.0},{"damage":0.0,"enemies":"3 Cultists","floor":25.0,"turns":5.0},{"damage":5.0,"enemies":"Snake Plant","floor":27.0,"turns":5.0},{"damage":11.0,"enemies":"Centurion and Healer","floor":30.0,"turns":7.0},{"damage":70.0,"enemies":"Collector","floor":33.0,"turns":13.0},{"damage":2.0,"enemies":"3 Darklings","floor":35.0,"turns":4.0},{"damage":14.0,"enemies":"Orb Walker","floor":37.0,"turns":3.0},{"damage":10.0,"enemies":"Transient","floor":38.0,"turns":5.0},{"damage":8.0,"enemies":"Writhing Mass","floor":39.0,"turns":7.0},{"damage":3.0,"enemies":"4 Shapes","floor":40.0,"turns":4.0},{"damage":11.0,"enemies":"Transient","floor":41.0,"turns":5.0},{"damage":0.0,"enemies":"Nemesis","floor":42.0,"turns":7.0},{"damage":36,"enemies":"Reptomancer","floor":46,"turns":6},{"damage":0,"enemies":"Sphere and 2 Shapes","floor":48,"turns":4},{"damage":39,"enemies":"Awakened One","floor":50,"turns":15}],"seed_played":"-7136132140132377157","potions_obtained":[{"floor":1.0,"key":"SkillPotion"},{"floor":2.0,"key":"Poison Potion"},{"floor":4.0,"key":"Block Potion"},{"floor":16.0,"key":"AttackPotion"},{"floor":18.0,"key":"PowerPotion"},{"floor":22.0,"key":"Explosive Potion"},{"floor":30.0,"key":"GamblersBrew"},{"floor":33.0,"key":"Weak Potion"},{"floor":37.0,"key":"FearPotion"},{"floor":38.0,"key":"SteroidPotion"},{"floor":41.0,"key":"Poison Potion"},{"floor":46,"key":"SkillPotion"}],"is_trial":false,"path_per_floor":["M","M","M","M","?","E","M","M","T","$","R","$","T","$","R","B",null,"M","M","?","?","M","R","$","M","T","M","?","?","M","?","R","B",null,"M","?","M","M","M","M","M","E","T","?","R","E","$","M","R","B",null],"character_chosen":"DEFECT","items_purchased":["Vajra","Blind","Cold Snap","Defragment","Nunchaku","Thinking Ahead"],"campfire_rested":4,"item_purchase_floors":[10,10,14,24,47,47],"current_hp_per_floor":[40,40,40,27,27,17,14,6,6,6,28,28,28,28,50,31,64,64,44,44,44,41,63,63,63,63,58,58,58,47,47,69,17,61,59,75,61,51,43,40,41,51,51,51,51,47,47,47,47,45],"gold":26,"neow_bonus":"THREE_RARE_CARDS","is_prod":false,"is_daily":false,"chose_seed":false,"campfire_upgraded":2,"win_rate":0,"timestamp":1541806967,"path_taken":["M","M","M","M","?","E","M","M","T","$","R","?","?","$","R","BOSS","M","M","?","?","M","R","?","?","T","M","?","?","M","?","R","BOSS","M","?","M","M","?","?","M","E","T","?","R","E","$","M","R","BOSS"],"build_version":"2018-11-08","purchased_purges":1,"victory":true,"max_hp_per_floor":[75,75,75,75,75,75,75,75,75,75,75,75,75,75,75,75,75,75,75,75,75,75,75,75,75,75,75,75,75,75,75,75,75,75,75,75,75,75,75,75,75,75,75,75,75,75,75,75,75,75],"card_choices":[{"not_picked":["Amplify","Multi-Cast"],"picked":"Biased Cognition","floor":0.0},{"not_picked":["Scrape","Force Field"],"picked":"Go for the Eyes","floor":1.0},{"not_picked":["Ball Lightning","Coolheaded"],"picked":"Glacier","floor":2.0},{"not_picked":["Rebound","Stack","Barrage"],"picked":"SKIP","floor":3.0},{"not_picked":["Undo","Fusion"],"picked":"Sunder","floor":4.0},{"not_picked":["Barrage","Lockon"],"picked":"Sweeping Beam","floor":6.0},{"not_picked":["Lockon","Streamline","Hyperbeam"],"picked":"SKIP","floor":7.0},{"not_picked":["Heatsinks","Redo"],"picked":"Conserve Battery","floor":8.0},{"not_picked":["Rainbow","Reboot"],"picked":"Biased Cognition","floor":16.0},{"not_picked":["Ball Lightning","Doom and Gloom"],"picked":"Defragment+1","floor":18.0},{"not_picked":["Melter","Turbo"],"picked":"Ball Lightning","floor":19.0},{"not_picked":["Reinforced Body","Heatsinks"],"picked":"Leap+1","floor":20.0},{"not_picked":["Hello World","Loop"],"picked":"Go for the Eyes+1","floor":22.0},{"not_picked":["Capacitor","Skim"],"picked":"Coolheaded","floor":25.0},{"not_picked":["BootSequence+1","Gash"],"picked":"Sunder+1","floor":27.0},{"not_picked":["Streamline","Barrage"],"picked":"Ball Lightning","floor":30.0},{"not_picked":["Biased Cognition","All For One"],"picked":"Echo Form","floor":33.0},{"not_picked":["Streamline","Undo+1"],"picked":"BootSequence+1","floor":35.0},{"not_picked":["Melter+1","Redo+1"],"picked":"Leap+1","floor":37.0},{"not_picked":["Melter","Turbo","Steam+1"],"picked":"SKIP","floor":38.0},{"not_picked":["Cold Snap+1","Reinforced Body+1"],"picked":"Defragment+1","floor":39.0},{"not_picked":["Gash","Compile Driver+1"],"picked":"Self Repair+1","floor":40.0},{"not_picked":["Beam Cell","Genetic Algorithm","Tempest"],"picked":"SKIP","floor":41.0},{"not_picked":["Conserve Battery+1","Redo"],"picked":"Go for the Eyes+1","floor":42.0},{"not_picked":["Capacitor","Rebound"],"picked":"Loop","floor":46},{"not_picked":["Hyperbeam","Static Discharge+1","Steam"],"picked":"SKIP","floor":48}],"player_experience":484873,"relics_obtained":[{"floor":6.0,"key":"Pantograph"},{"floor":9.0,"key":"Anchor"},{"floor":13.0,"key":"Bag of Marbles"},{"floor":20.0,"key":"Red Mask"},{"floor":26.0,"key":"Meat on the Bone"},{"floor":42.0,"key":"PreservedInsect"},{"floor":43,"key":"Art of War"},{"floor":46,"key":"Bottled Flame"}],"event_choices":[{"cards_removed":["Strike_B"],"damage_healed":0.0,"max_hp_gain":0.0,"max_hp_loss":0.0,"gold_gain":0.0,"event_name":"Purifier","player_choice":"Purged","floor":5.0,"gold_loss":0.0,"damage_taken":0.0},{"damage_healed":0.0,"max_hp_gain":0.0,"max_hp_loss":0.0,"gold_gain":0.0,"event_name":"Masked Bandits","player_choice":"Fought Bandits","floor":20.0,"gold_loss":0.0,"damage_taken":0.0},{"damage_healed":0.0,"max_hp_gain":0.0,"max_hp_loss":0.0,"gold_gain":0.0,"event_name":"Addict","player_choice":"Obtained Relic","floor":21.0,"gold_loss":85.0,"damage_taken":0.0,"relics_obtained":["Bag of Preparation"]},{"damage_healed":0.0,"max_hp_gain":0.0,"max_hp_loss":0.0,"gold_gain":0.0,"cards_transformed":["Defend_B","Strike_B"],"event_name":"Drug Dealer","player_choice":"Became Test Subject","floor":28.0,"gold_loss":0.0,"damage_taken":0.0,"cards_obtained":["Scrape","Fission"]},{"damage_healed":0.0,"max_hp_gain":0.0,"max_hp_loss":0.0,"gold_gain":0.0,"event_name":"Vampires","player_choice":"Ignored","floor":29.0,"gold_loss":0.0,"damage_taken":0.0},{"damage_healed":0.0,"max_hp_gain":0.0,"max_hp_loss":0.0,"gold_gain":0.0,"event_name":"The Mausoleum","player_choice":"Opened","floor":31.0,"gold_loss":0.0,"damage_taken":0.0,"relics_obtained":["Bronze Scales"],"cards_obtained":["Writhe"]},{"damage_healed":16.0,"max_hp_gain":0.0,"max_hp_loss":0.0,"gold_gain":0.0,"event_name":"Wheel of Change","player_choice":"Full Heal","floor":36.0,"gold_loss":0.0,"damage_taken":0.0},{"damage_healed":0,"gold_gain":222,"player_choice":"Wore Mask","damage_taken":0,"max_hp_gain":0,"max_hp_loss":0,"event_name":"Tomb of Lord Red Mask","floor":44,"gold_loss":0}],"is_beta":false,"boss_relics":[{"not_picked":["Empty Cage","Lizard Tail"],"picked":"Runic Dome"},{"not_picked":["White Beast Statue","Pandora\u0027s Box"],"picked":"Coffee Dripper"}],"items_purged_floors":[47],"is_endless":false,"potions_floor_spawned":[1,2,4,16,18,22,30,33,37,38,41,46],"ascension_level":7}