{"path_per_floor":["M","?","?","M","M","R","$","R","T","M","M","?","R","M","R","B",null,"M","?","?","?","?","R","M","R","T","T","$","M","M","E","R","B",null,"M","?","?","M","M","R","$","R","T","M","M","R","E","M","R"],"character_chosen":"THE_SILENT","items_purchased":["Dash","Letter Opener"],"gold_per_floor":[115,115,65,84,107,107,29,29,29,42,62,62,62,83,83,213,213,227,227,227,142,142,142,165,165,192,192,117,140,163,196,196,324,324,343,676,676,694,706,706,355,355,355,367,381,381,414,424,424,424],"floor_reached":50,"campfire_rested":5,"playtime":2653,"current_hp_per_floor":[67,65,65,65,65,65,65,65,65,58,58,55,55,55,55,38,65,59,59,43,53,52,52,51,51,51,51,51,52,52,38,52,49,52,23,23,23,20,3,18,18,33,33,25,29,44,44,24,39,0],"items_purged":["Pain","Flechettes"],"gold":424,"score":609,"play_id":"a96ac3b3-ca16-4813-bb7c-73088c62dc64","local_time":"20180331145427","is_prod":false,"is_daily":false,"is_ascension_mode":false,"campfire_upgraded":3,"timestamp":1522522467,"path_taken":["M","?","?","M","M","R","?","R","T","M","M","?","R","M","R","BOSS","M","?","?","?","?","R","M","R","T","?","$","?","M","E","R","BOSS","M","?","?","M","?","R","?","R","T","M","M","R","E","?","R","BOSS"],"build_version":"2018-03-29v2","purchased_purges":2,"victory":false,"master_deck":["Defend_G","Defend_G","Defend_G","Defend_G","Defend_G","Survivor","Neutralize","Flying Knee","Flying Knee","Blur","Outmaneuver","Flying Knee","Backstab+1","Wraith Form+1","Dash","Blur","Flying Knee","Flying Knee","Storm of Steel+1","Accuracy+1","Necronomicurse","Bite","Bite","Bite","Bite","Bite","Doubt","Dagger Throw+1","Predator","Dash","Backflip+1","Glass Knife","Riddle With Holes+1","Blade Dance+1","Infinite Blades","Writhe","Accuracy+1","Blade Dance","Endless Agony+1","Endless Agony","Dodge and Roll+1","Infinite Blades+1"],"max_hp_per_floor":[70,65,65,65,65,65,65,65,65,65,65,65,65,65,65,65,65,65,65,65,75,52,52,52,52,52,52,52,52,52,52,52,52,52,52,52,52,52,52,52,52,52,52,52,52,52,52,52,52,52],"relics":["Orrery","Thread and Needle","Shovel","Shuriken","Cursed Key","Necronomicon","Pear","Dream Catcher","Bronze Scales","Ginger","Blue Candle","Black Star","Letter Opener","Du-Vu Doll","Oddly Smooth Stone","Blood Vial"],"card_choices":[{"not_picked":["Expertise","Blade Dance"],"picked":"Flying Knee","floor":0},{"not_picked":["Calculated Gamble","Bane"],"picked":"Flying Knee","floor":0},{"not_picked":["Choke","Blade Dance"],"picked":"Blur","floor":0},{"not_picked":["Dagger Spray","Calculated Gamble"],"picked":"Outmaneuver","floor":0},{"not_picked":["Dagger Spray","Cloak And Dagger"],"picked":"Flying Knee","floor":0},{"not_picked":["Poisoned Stab","Outmaneuver"],"picked":"Backstab","floor":1},{"not_picked":["Deflect","Eviscerate"],"picked":"Slice","floor":4},{"not_picked":["Dodge and Roll","Sucker Punch"],"picked":"Wraith Form","floor":5},{"not_picked":["Sucker Punch","Deadly Poison"],"picked":"Blur","floor":10},{"not_picked":["Acrobatics","Accuracy"],"picked":"Flying Knee","floor":11},{"not_picked":["Backflip","Catalyst"],"picked":"Flying Knee","floor":14},{"not_picked":["Burst","Tactician"],"picked":"Storm of Steel","floor":16},{"not_picked":["Deadly Poison","Outmaneuver"],"picked":"Accuracy","floor":18},{"not_picked":["Skewer","Outmaneuver"],"picked":"Flechettes","floor":24},{"not_picked":["Deadly Poison","Slice"],"picked":"Dagger Throw","floor":29},{"not_picked":["Caltrops","Dodge and Roll"],"picked":"Predator","floor":30},{"not_picked":["Envenom","Noxious Fumes"],"picked":"Dash","floor":31},{"not_picked":["Acrobatics","Blade Dance"],"picked":"Backflip","floor":32},{"not_picked":["Bullet Time","Tactician"],"picked":"Glass Knife","floor":33},{"not_picked":["Predator","Cloak And Dagger"],"picked":"Riddle With Holes","floor":35},{"not_picked":["Sucker Punch","Predator"],"picked":"Blade Dance","floor":38},{"not_picked":["Calculated Gamble","Predator"],"picked":"Infinite Blades","floor":40},{"not_picked":["Phantasmal Killer","Malaise"],"picked":"Accuracy","floor":44},{"not_picked":["Quick Slash","Finisher"],"picked":"Blade Dance","floor":45},{"not_picked":["Dagger Throw","Sucker Punch"],"picked":"Endless Agony","floor":46},{"not_picked":["Underhanded Strike","Well Laid Plans"],"picked":"Endless Agony","floor":47},{"not_picked":["Sucker Punch","Flying Knee"],"picked":"Dodge and Roll","floor":48},{"not_picked":["Bullet Time","Blade Dance"],"picked":"Infinite Blades","floor":49}],"player_experience":62448,"potions_floor_usage":[16,29,33,33,35,47,50],"damage_taken":[{"damage":3,"enemies":"Jaw Worm","floor":1,"turns":5},{"damage":0,"enemies":"2 Louse","floor":4,"turns":1},{"damage":0,"enemies":"Cultist","floor":5,"turns":3},{"damage":7,"enemies":"Blue Slaver","floor":10,"turns":3},{"damage":0,"enemies":"Exordium Wildlife","floor":11,"turns":4},{"damage":0,"enemies":"3 Louse","floor":14,"turns":2},{"damage":17,"enemies":"Slime Boss","floor":16,"turns":10},{"damage":6,"enemies":"2 Thieves","floor":18,"turns":4},{"damage":7,"enemies":"Shell Parasite","floor":24,"turns":4},{"damage":0,"enemies":"Centurion and Healer","floor":29,"turns":6},{"damage":0,"enemies":"3 Cultists","floor":30,"turns":5},{"damage":14,"enemies":"Slavers","floor":31,"turns":3},{"damage":9,"enemies":"Champ","floor":33,"turns":8},{"damage":33,"enemies":"3 Darklings","floor":35,"turns":4},{"damage":5,"enemies":"Orb Walker","floor":38,"turns":3},{"damage":25,"enemies":"4 Shapes","floor":39,"turns":3},{"damage":10,"enemies":"Maw","floor":44,"turns":5},{"damage":2,"enemies":"3 Darklings","floor":45,"turns":6},{"damage":2,"enemies":"Nemesis","floor":47,"turns":5},{"damage":26,"enemies":"4 Shapes","floor":48,"turns":4},{"damage":43,"enemies":"Awakened One","floor":50,"turns":3}],"event_choices":[{"event_name":"Golden Idol","player_choice":"Lose Max HP","floor":2,"damage_taken":0},{"event_name":"The Cleric","player_choice":"Card Removal","floor":3,"damage_taken":0},{"event_name":"Scrap Ooze","player_choice":"success","floor":12,"damage_taken":3},{"event_name":"Drug Dealer","player_choice":"Ignored","floor":19,"damage_taken":0},{"event_name":"Cursed Tome","player_choice":"Obtained Book","floor":20,"damage_taken":0},{"event_name":"Addict","player_choice":"Obtained Relic","floor":21,"damage_taken":0},{"event_name":"Vampires","player_choice":"Became a vampire","floor":22,"damage_taken":0},{"event_name":"The Moai Head","player_choice":"Gave Idol","floor":36,"damage_taken":0}],"boss_relics":[{"not_picked":["Philosopher\u0027s Stone","Velvet Choker"],"picked":"Cursed Key"},{"not_picked":["White Beast Statue","Snecko Eye"],"picked":"Black Star"}],"potions_floor_spawned":[1,5,11,24,30,31,44,45,48],"seed_played":"-302338103162440178","killed_by":"Awakened One","ascension_level":0,"is_trial":false}