{"path_per_floor":["M","?","M","T","$","R","E","?","T","E","?","M","R","?","R"],"character_chosen":"DEFECT","items_purchased":["Loop"],"gold_per_floor":[119,69,89,89,16,16,48,48,75,100,60,74,74,74,74,74],"floor_reached":16,"campfire_rested":0,"playtime":618,"item_purchase_floors":[5],"current_hp_per_floor":[68,68,68,68,68,68,40,40,40,26,26,28,28,28,28,0],"items_purged":[],"gold":74,"score":106,"play_id":"57523f22-95ef-4458-93d3-9201a57d269c","local_time":"20180521151704","is_prod":false,"is_daily":false,"chose_seed":false,"is_ascension_mode":false,"campfire_upgraded":3,"timestamp":1526883424,"campfire_choices":[{"data":"Loop","floor":6,"key":"SMITH"},{"data":"Zap","floor":13,"key":"SMITH"},{"data":"Dualcast","floor":15,"key":"SMITH"}],"path_taken":["M","?","M","?","?","R","E","?","T","E","?","M","R","?","R","BOSS"],"build_version":"2018-05-18","seed_source_timestamp":14645565475597,"purchased_purges":0,"victory":false,"master_deck":["Strike_B","Defend_B","Defend_B","Defend_B","Defend_B","Zap+1","Dualcast+1","Sweeping Beam","Axe Kick","Loop+1","Turbo","White Noise","Axe Kick"],"max_hp_per_floor":[68,68,68,68,68,68,68,68,68,68,68,68,68,68,68,68],"relics":["Cracked Core","Girya","Lantern","Juzu Bracelet","Blood Vial","Potion Belt"],"card_choices":[{"not_picked":["Leap","Stack"],"picked":"Sweeping Beam","floor":1},{"not_picked":["Gash","Blizzard"],"picked":"Axe Kick","floor":3},{"not_picked":["Thunder Strike","Chill"],"picked":"Turbo","floor":7},{"not_picked":["Ball Lightning","Static Discharge"],"picked":"White Noise","floor":10},{"not_picked":["Undo","Steam"],"picked":"Axe Kick","floor":12}],"player_experience":150599,"potions_floor_usage":[7,16],"damage_taken":[{"damage":0,"enemies":"2 Louse","floor":1,"turns":3},{"damage":0,"enemies":"Small Slimes","floor":3,"turns":2},{"damage":28,"enemies":"Gremlin Nob","floor":7,"turns":4},{"damage":16,"enemies":"Lagavulin","floor":10,"turns":5},{"damage":0,"enemies":"Cultist","floor":12,"turns":3},{"damage":34,"enemies":"Hexaghost","floor":16,"turns":9}],"relics_obtained":[{"floor":4,"key":"Lantern"},{"floor":7,"key":"Juzu Bracelet"},{"floor":9,"key":"Blood Vial"},{"floor":10,"key":"Potion Belt"}],"event_choices":[{"event_name":"The Cleric","player_choice":"Card Removal","floor":2,"damage_taken":0},{"event_name":"Living Wall","player_choice":"Forget","floor":8,"damage_taken":0},{"event_name":"The Woman in Blue","player_choice":"Bought 3 Potions","floor":11,"damage_taken":0},{"event_name":"Purifier","player_choice":"One Purge","floor":14,"damage_taken":0}],"boss_relics":[],"items_purged_floors":[],"potions_floor_spawned":[3,7],"seed_played":"6507127705461241728","killed_by":"Hexaghost","ascension_level":0,"potions_obtained":[{"floor":3,"key":"Swift Potion"},{"floor":7,"key":"SkillPotion"},{"floor":11,"key":"Energy Potion"},{"floor":11,"key":"LiquidBronze"},{"floor":11,"key":"GamblersBrew"}],"is_trial":false}