{"gold_per_floor":[119,138,57,68,68,100,100,128,152,172,172,187,187,200,200,295,295,308,81,100,118,129,129,147,147,170,190,202,202,217,232,232,232],"floor_reached":33,"playtime":2222,"items_purged":[],"score":265,"play_id":"b225eb54-a89a-4bf9-9e50-38a908287184","local_time":"20190202200429","is_ascension_mode":false,"campfire_choices":[{"floor":7,"key":"REST"},{"floor":11,"key":"REST"},{"data":"Capacitor","floor":13,"key":"SMITH"},{"data":"Streamline","floor":15,"key":"SMITH"},{"floor":23,"key":"REST"},{"data":"Streamline","floor":25,"key":"SMITH"},{"floor":29,"key":"REST"},{"floor":32,"key":"REST"}],"neow_cost":"NONE","seed_source_timestamp":2142712971526506,"circlet_count":0,"master_deck":["Strike_B","Strike_B","Strike_B","Strike_B","Defend_B","Defend_B","Defend_B","Defend_B","Zap","Dualcast","Capacitor+1","Sweeping Beam","Rip and Tear","Tempest","Streamline+1","Streamline+1","Conserve Battery","Streamline","Reinforced Body","FTL","Machine Learning","Beam Cell+1","Barrage","Defragment","Turbo","Conserve Battery","Double Energy+1","Ball Lightning","Sweeping Beam","Beam Cell+1","FTL"],"relics":["Cracked Core","Pantograph","Lantern","Oddly Smooth Stone","Bronze Scales","Nuclear Battery","ClockworkSouvenir","Anchor"],"potions_floor_usage":[6,16,18,22,24,28,28,30,33],"damage_taken":[{"damage":0,"enemies":"Cultist","floor":1,"turns":3},{"damage":4,"enemies":"2 Louse","floor":2,"turns":3},{"damage":0,"enemies":"Small Slimes","floor":4,"turns":2},{"damage":31,"enemies":"3 Sentries","floor":6,"turns":6},{"damage":30,"enemies":"Gremlin Nob","floor":8,"turns":4},{"damage":0,"enemies":"Gremlin Gang","floor":10,"turns":3},{"damage":6,"enemies":"Blue Slaver","floor":12,"turns":3},{"damage":1,"enemies":"Exordium Thugs","floor":14,"turns":4},{"damage":6,"enemies":"Slime Boss","floor":16,"turns":8},{"damage":12,"enemies":"2 Thieves","floor":18,"turns":3},{"damage":10,"enemies":"Shell Parasite","floor":20,"turns":4},{"damage":14,"enemies":"Cultist and Chosen","floor":21,"turns":4},{"damage":14,"enemies":"Shelled Parasite and Fungi","floor":22,"turns":4},{"damage":20,"enemies":"3 Cultists","floor":24,"turns":6},{"damage":9,"enemies":"Snecko","floor":27,"turns":4},{"damage":4,"enemies":"Centurion and Healer","floor":28,"turns":4},{"damage":16,"enemies":"3 Cultists","floor":30,"turns":5},{"damage":8,"enemies":"Snake Plant","floor":31,"turns":3},{"damage":80,"enemies":"Collector","floor":33,"turns":7}],"seed_played":"7951928430667420173","potions_obtained":[{"floor":4,"key":"Strength Potion"},{"floor":8,"key":"Dexterity Potion"},{"floor":10,"key":"EssenceOfSteel"},{"floor":16,"key":"PowerPotion"},{"floor":18,"key":"Strength Potion"},{"floor":24,"key":"Poison Potion"},{"floor":27,"key":"Weak Potion"},{"floor":28,"key":"AttackPotion"},{"floor":31,"key":"AttackPotion"}],"is_trial":false,"path_per_floor":["M","M","$","M","T","E","R","E","T","M","R","M","R","M","R","B",null,"M","$","M","M","M","R","M","R","T","M","M","R","M","M","R","B"],"character_chosen":"DEFECT","items_purchased":["Tempest","ClockworkSouvenir","Barrage"],"campfire_rested":5,"item_purchase_floors":[3,19,19],"current_hp_per_floor":[75,71,71,71,71,40,62,32,32,32,54,48,48,47,47,66,75,63,63,53,39,25,47,27,27,27,18,14,36,20,12,34,0],"gold":232,"neow_bonus":"THREE_CARDS","is_prod":false,"is_daily":false,"chose_seed":false,"campfire_upgraded":3,"win_rate":0.0,"timestamp":1549173869,"path_taken":["M","M","$","M","?","E","R","E","T","M","R","M","R","M","R","BOSS","M","$","M","M","M","R","M","R","T","M","M","R","M","M","R","BOSS"],"build_version":"2019-01-23","purchased_purges":0,"victory":false,"max_hp_per_floor":[75,75,75,75,75,75,75,75,75,75,75,75,75,75,75,75,75,75,75,75,75,75,75,75,75,75,75,75,75,75,75,75,75],"card_choices":[{"not_picked":["Aggregate","Turbo"],"picked":"Capacitor","floor":0},{"not_picked":["Compile Driver","Rip and Tear"],"picked":"Sweeping Beam","floor":1},{"not_picked":["Redo","Turbo"],"picked":"Rip and Tear","floor":2},{"not_picked":["Gash","Steam"],"picked":"Streamline","floor":4},{"not_picked":["Rebound","Steam"],"picked":"Streamline","floor":6},{"not_picked":["Compile Driver","Defragment"],"picked":"Conserve Battery","floor":8},{"not_picked":["Chaos","Leap"],"picked":"Streamline","floor":10},{"not_picked":["Steam Power","Redo"],"picked":"Reinforced Body","floor":12},{"not_picked":["Reboot","Blizzard"],"picked":"FTL","floor":14},{"not_picked":["Seek","Amplify"],"picked":"Machine Learning","floor":16},{"not_picked":["Streamline+1","Redo"],"picked":"Beam Cell+1","floor":18},{"not_picked":["Consume","Conserve Battery"],"picked":"Defragment","floor":20},{"not_picked":["Reboot","Reprogram"],"picked":"Turbo","floor":21},{"not_picked":["Streamline","Tempest"],"picked":"Conserve Battery","floor":22},{"not_picked":["Streamline","Go for the Eyes"],"picked":"Double Energy+1","floor":24},{"not_picked":["Rebound+1","Force Field"],"picked":"Ball Lightning","floor":27},{"not_picked":["Go for the Eyes","Compile Driver"],"picked":"Sweeping Beam","floor":28},{"not_picked":["Darkness","Gash+1"],"picked":"Beam Cell+1","floor":30},{"not_picked":["Double Energy","Reprogram"],"picked":"FTL","floor":31}],"player_experience":68293,"relics_obtained":[{"floor":5,"key":"Pantograph"},{"floor":6,"key":"Lantern"},{"floor":8,"key":"Oddly Smooth Stone"},{"floor":9,"key":"Bronze Scales"},{"floor":26,"key":"Anchor"}],"event_choices":[],"is_beta":false,"boss_relics":[{"not_picked":["Lizard Tail","Black Star"],"picked":"Nuclear Battery"}],"items_purged_floors":[],"is_endless":false,"potions_floor_spawned":[4,8,10,16,18,24,27,28,31],"killed_by":"Collector","ascension_level":0}