{"gold_per_floor":[117,117,136,136,15,28,46,46,46,46,58,71,91,56,56,157,157,176,195,15,15,15],"floor_reached":22,"playtime":1087,"items_purged":[],"score":205,"play_id":"2ab6a21f-ffe2-468c-9b50-399b67717f72","local_time":"20190206204224","is_ascension_mode":true,"campfire_choices":[{"data":"Defragment","floor":8,"key":"SMITH"},{"data":"Zap","floor":10,"key":"SMITH"},{"data":"Hologram","floor":15,"key":"SMITH"}],"neow_cost":"NONE","seed_source_timestamp":342650233209955,"circlet_count":0,"master_deck":["Strike_B","Strike_B","Strike_B","Defend_B","Defend_B","Defend_B","Defend_B","Zap+1","Dualcast","Gash","Discovery","Rebound","FTL","Defragment+1","Conserve Battery","Hologram+1","Gash","Ball Lightning","Compile Driver","All For One","Defragment","Seek","Undo","Coolheaded"],"relics":["Cracked Core","Strawberry","Inserter","Blood Vial"],"potions_floor_usage":[16,16,19,22],"damage_taken":[{"damage":5,"enemies":"2 Louse","floor":1,"turns":3},{"damage":6,"enemies":"Cultist","floor":3,"turns":3},{"damage":10,"enemies":"Small Slimes","floor":6,"turns":2},{"damage":6,"enemies":"Exordium Wildlife","floor":7,"turns":4},{"damage":3,"enemies":"Blue Slaver","floor":11,"turns":3},{"damage":8,"enemies":"Looter","floor":12,"turns":2},{"damage":5,"enemies":"2 Fungi Beasts","floor":13,"turns":3},{"damage":23,"enemies":"Slime Boss","floor":16,"turns":8},{"damage":30,"enemies":"3 Byrds","floor":18,"turns":4},{"damage":28,"enemies":"2 Thieves","floor":19,"turns":4},{"damage":31,"enemies":"Shelled Parasite and Fungi","floor":22,"turns":2}],"seed_played":"3831928628058014984","potions_obtained":[{"floor":3,"key":"SkillPotion"},{"floor":11,"key":"Dexterity Potion"},{"floor":13,"key":"Regen Potion"},{"floor":16,"key":"Block Potion"}],"is_trial":false,"path_per_floor":["M","?","M","?","$","M","M","R","T","R","M","M","M","$","R","B",null,"M","M","$","?","M"],"character_chosen":"DEFECT","items_purchased":["Defragment","Conserve Battery","Defragment","Blood Vial","Coolheaded"],"campfire_rested":0,"item_purchase_floors":[5,5,14,20,20],"current_hp_per_floor":[70,70,64,64,64,54,48,48,55,55,52,44,39,39,39,21,82,52,24,24,24,0],"gold":15,"neow_bonus":"RANDOM_COLORLESS","is_prod":false,"is_daily":false,"chose_seed":false,"campfire_upgraded":3,"win_rate":0,"timestamp":1549503744,"path_taken":["M","?","?","?","$","?","M","R","T","R","M","M","M","$","R","BOSS","M","M","$","?","M"],"build_version":"2019-01-23","purchased_purges":0,"victory":false,"max_hp_per_floor":[75,75,75,75,75,75,75,75,82,82,82,82,82,82,82,82,82,82,82,82,82,82],"card_choices":[{"not_picked":["Beam Cell","Hologram"],"picked":"Gash","floor":1},{"not_picked":["Stack","Steam"],"picked":"Rebound","floor":3},{"not_picked":["Chaos","Beam Cell"],"picked":"Hologram","floor":6},{"not_picked":["Auto Shields","Coolheaded"],"picked":"Gash","floor":7},{"not_picked":["Steam","Redo"],"picked":"Ball Lightning","floor":11},{"not_picked":["Reinforced Body","Conserve Battery"],"picked":"Compile Driver","floor":12},{"not_picked":["Sunder","Double Energy"],"picked":"All For One","floor":13},{"not_picked":["Hyperbeam","Rainbow"],"picked":"Seek","floor":16},{"not_picked":["Steam","Turbo","Sweeping Beam"],"picked":"SKIP","floor":18},{"not_picked":["FTL","Barrage"],"picked":"Undo","floor":19}],"player_experience":205846,"relics_obtained":[{"floor":9,"key":"Strawberry"}],"event_choices":[{"damage_healed":0,"gold_gain":0,"cards_transformed":["Purity"],"player_choice":"Transformed","damage_taken":0,"max_hp_gain":0,"max_hp_loss":0,"event_name":"Transmorgrifier","floor":2,"gold_loss":0,"cards_obtained":["Discovery"]},{"damage_healed":0,"gold_gain":0,"player_choice":"1 cards matched","damage_taken":0,"max_hp_gain":0,"max_hp_loss":0,"event_name":"Match and Keep!","floor":4,"gold_loss":0,"cards_obtained":["FTL"]},{"cards_removed":["Strike_B"],"damage_healed":0,"gold_gain":0,"player_choice":"Purged","damage_taken":0,"max_hp_gain":0,"max_hp_loss":0,"event_name":"Purifier","floor":21,"gold_loss":0}],"is_beta":false,"boss_relics":[{"not_picked":["Astrolabe","Lizard Tail"],"picked":"Inserter"}],"items_purged_floors":[],"is_endless":false,"potions_floor_spawned":[3,11,13,16],"killed_by":"Shelled Parasite and Fungi","ascension_level":3}