{"gold_per_floor":[112,130,149,149,149,149,184,184,184,109,109,132,175,350,350,350],"floor_reached":16,"playtime":325,"items_purged":["Defend_B"],"score":162,"play_id":"f6ef841e-d738-44a5-8823-12c4a323a988","local_time":"20181026002200","is_ascension_mode":true,"campfire_choices":[{"data":"Zap","floor":6,"key":"SMITH"},{"data":"Dualcast","floor":8,"key":"SMITH"},{"floor":15,"key":"REST"}],"neow_cost":"NONE","seed_source_timestamp":183166612811675,"circlet_count":0,"master_deck":["Strike_B","Strike_B","Strike_B","Defend_B","Defend_B","Defend_B","Zap+1","Dualcast+1","AscendersBane","Melter","Ball Lightning","All For One","Hyperbeam","Beam Cell","Turbo","Beam Cell"],"relics":["Cracked Core","NeowsBlessing","Golden Idol","Bottled Lightning","Omamori","Letter Opener","Ornamental Fan"],"potions_floor_usage":[],"damage_taken":[{"damage":0,"enemies":"2 Louse","floor":1,"turns":1},{"damage":0,"enemies":"Cultist","floor":2,"turns":1},{"damage":0,"enemies":"Small Slimes","floor":3,"turns":1},{"damage":20,"enemies":"3 Sentries","floor":7,"turns":4},{"damage":8,"enemies":"Blue Slaver","floor":12,"turns":2},{"damage":10,"enemies":"Lagavulin","floor":13,"turns":4},{"damage":38,"enemies":"The Guardian","floor":16,"turns":4}],"seed_played":"2044083449511329282","potions_obtained":[{"floor":3,"key":"FearPotion"},{"floor":13,"key":"SteroidPotion"}],"is_trial":false,"path_per_floor":["M","M","M","?","?","R","E","R","T","$","T","M","E","?","R"],"character_chosen":"DEFECT","items_purchased":[],"campfire_rested":1,"item_purchase_floors":[],"current_hp_per_floor":[68,68,68,68,50,50,30,30,30,30,30,22,12,12,34,0],"gold":350,"neow_bonus":"THREE_ENEMY_KILL","is_prod":false,"is_daily":false,"chose_seed":false,"campfire_upgraded":2,"win_rate":0,"timestamp":1540480920,"path_taken":["M","M","M","?","?","R","E","R","T","$","?","M","E","?","R","BOSS"],"build_version":"2018-10-18","purchased_purges":1,"victory":false,"max_hp_per_floor":[75,75,75,75,75,75,75,75,75,75,75,75,75,75,75,75],"card_choices":[{"not_picked":["Steam","Rebound"],"picked":"Melter","floor":1},{"not_picked":["Steam","Reinforced Body"],"picked":"Ball Lightning","floor":2},{"not_picked":["Cold Snap","Leap"],"picked":"All For One","floor":3},{"not_picked":["Cold Snap","Leap"],"picked":"Beam Cell","floor":7},{"not_picked":["Reprogram","Darkness"],"picked":"Turbo","floor":12},{"not_picked":["Tempest","Fusion"],"picked":"Beam Cell","floor":13}],"player_experience":537404,"relics_obtained":[{"floor":7,"key":"Bottled Lightning"},{"floor":9,"key":"Omamori"},{"floor":11,"key":"Letter Opener"},{"floor":13,"key":"Ornamental Fan"}],"event_choices":[{"damage_healed":0,"gold_gain":0,"cards_transformed":["Strike_B"],"player_choice":"Transformed","damage_taken":0,"max_hp_gain":0,"max_hp_loss":0,"event_name":"Transmorgrifier","floor":4,"gold_loss":0,"cards_obtained":["Hyperbeam"]},{"damage_healed":0,"gold_gain":0,"player_choice":"Take Damage","damage_taken":18,"relics_obtained":["Golden Idol"],"max_hp_gain":0,"max_hp_loss":0,"event_name":"Golden Idol","floor":5,"gold_loss":0},{"damage_healed":0,"gold_gain":175,"player_choice":"AGREE","damage_taken":0,"max_hp_gain":0,"max_hp_loss":0,"event_name":"Liars Game","floor":14,"gold_loss":0,"cards_obtained":["Doubt"]}],"is_beta":false,"boss_relics":[],"items_purged_floors":[10],"is_endless":false,"potions_floor_spawned":[3,13],"killed_by":"The Guardian","ascension_level":10}