{"path_per_floor":["M","?","M","$","?","R","E","$","T","R","?","R","T","E","R","B",null,"M","?","?","M","?","R","M","M","T","M","M","R","M","E","R","B",null,"M","M","M","?","M","R","$","R","T","M","M","?","R","?","R","B"],"character_chosen":"DEFECT","items_purchased":["Chaos","Loop","Apotheosis","War Paint","Aggregate"],"gold_per_floor":[119,194,213,27,27,27,66,66,92,92,92,92,116,150,150,271,271,289,289,289,301,301,301,313,328,328,328,346,346,361,387,387,486,486,505,521,535,535,547,547,29,29,53,64,76,76,76,76,76,76],"floor_reached":51,"campfire_rested":2,"playtime":4479,"item_purchase_floors":[4,4,41,41,41],"current_hp_per_floor":[74,63,61,61,61,61,57,57,57,57,57,57,57,38,38,12,69,49,49,49,50,50,50,39,29,29,6,11,31,56,53,53,38,69,42,55,44,44,49,49,49,49,54,46,10,10,30,60,60,7],"items_purged":["Strike_B","Strike_B"],"gold":76,"score":675,"play_id":"4c82ce47-f4d7-496b-8f2c-4aa2e5efc46f","local_time":"20180521213455","is_prod":false,"is_daily":false,"chose_seed":false,"is_ascension_mode":false,"campfire_upgraded":9,"timestamp":1526906095,"campfire_choices":[{"data":"Chaos","floor":6,"key":"SMITH"},{"data":"Loop","floor":10,"key":"SMITH"},{"data":"Zap","floor":12,"key":"SMITH"},{"data":"Dualcast","floor":15,"key":"SMITH"},{"data":"Consume","floor":23,"key":"SMITH"},{"floor":29,"key":"REST"},{"data":"Electrodynamics","floor":32,"key":"SMITH"},{"data":"Darkness","floor":40,"key":"SMITH"},{"data":"Apotheosis","floor":42,"key":"SMITH"},{"floor":47,"key":"REST"},{"data":"Consume","floor":49,"key":"SMITH"}],"path_taken":["M","?","M","?","?","R","E","$","T","R","?","R","?","E","R","BOSS","M","?","?","M","?","R","M","M","T","M","M","R","M","E","R","BOSS","M","M","M","?","M","R","$","R","T","M","M","?","R","?","R","BOSS"],"build_version":"2018-05-18","seed_source_timestamp":33430803985544,"purchased_purges":2,"victory":true,"master_deck":["Strike_B","Strike_B","Defend_B+1","Defend_B","Defend_B","Defend_B","Zap+1","Dualcast+1","Auto Shields","Consume+1","Chaos+1","Loop+1","Capacitor","Turbo","Echo Form","Ball Lightning","Writhe","Ball Lightning+1","Leap+1","Zap","Consume+1","Electrodynamics+1","Redo","Leap","Recycle","Chaos+1","Heatsinks+1","Defragment+1","Buffer+1","Skim+1","Capacitor+1","Turbo","Chill+1","Darkness+1","Auto Shields+1","Fusion+1","Apotheosis+1","Aggregate","Thunder Strike","Stack+1","Axe Kick+1"],"max_hp_per_floor":[75,75,75,75,69,69,69,69,69,69,69,69,69,69,69,69,69,69,69,69,69,69,69,69,69,69,69,69,69,69,69,69,69,69,69,69,69,69,69,69,69,69,69,69,69,69,69,60,60,60],"relics":["Cracked Core","Bloody Idol","Prayer Wheel","Potion Belt","Vajra","Anchor","Inserter","Juzu Bracelet","Bird Faced Urn","Frozen Egg 2","Velvet Choker","War Paint","Ancient Tea Set"],"card_choices":[{"not_picked":["Barrage","Tempest"],"picked":"Auto Shields","floor":1},{"not_picked":["Hologram","Doom and Gloom"],"picked":"Consume","floor":3},{"not_picked":["Beam Cell","Axe Kick"],"picked":"Capacitor","floor":7},{"not_picked":["Reinforced Body","Reprogram"],"picked":"Turbo","floor":14},{"not_picked":["Seek","All For One"],"picked":"Echo Form","floor":16},{"not_picked":["Skim","Coolheaded+1"],"picked":"Ball Lightning","floor":18},{"not_picked":["Sweeping Beam+1","Steam Power","Scrape"],"picked":"SKIP","floor":18},{"not_picked":["Genetic Algorithm","Reprogram"],"picked":"Ball Lightning+1","floor":21},{"not_picked":["Genetic Algorithm","Coolheaded"],"picked":"Leap+1","floor":21},{"not_picked":["Sweeping Beam","Undo+1"],"picked":"Consume","floor":24},{"not_picked":["Rebound","Coolheaded","Axe Kick"],"picked":"SKIP","floor":24},{"not_picked":["Stack","Heatsinks"],"picked":"Electrodynamics","floor":25},{"not_picked":["Sweeping Beam","Hologram"],"picked":"Redo","floor":25},{"not_picked":["Axe Kick","Glacier"],"picked":"Leap","floor":28},{"not_picked":["Hologram","Hyperbeam"],"picked":"Recycle","floor":28},{"not_picked":["Barrage+1","Cold Snap+1"],"picked":"Chaos+1","floor":30},{"not_picked":["Sweeping Beam","Axe Kick"],"picked":"Heatsinks+1","floor":30},{"not_picked":["Hello World","Sweeping Beam"],"picked":"Defragment","floor":31},{"not_picked":["Electrodynamics+1","Seek"],"picked":"Buffer+1","floor":33},{"not_picked":["Rebound+1","Coolheaded"],"picked":"Skim+1","floor":35},{"not_picked":["Skim","Steam"],"picked":"Capacitor+1","floor":35},{"not_picked":["Electrodynamics+1","Streamline"],"picked":"Turbo","floor":36},{"not_picked":["Streamline","Glacier+1"],"picked":"Chill","floor":36},{"not_picked":["Capacitor+1","Glacier"],"picked":"Darkness","floor":37},{"not_picked":["Chill","BootSequence+1"],"picked":"Auto Shields+1","floor":37},{"not_picked":["Electrodynamics+1","Stack"],"picked":"Fusion+1","floor":39},{"not_picked":["Steam","Coolheaded","Go for the Eyes+1"],"picked":"SKIP","floor":39},{"not_picked":["Turbo+1","Rebound"],"picked":"Thunder Strike","floor":44},{"not_picked":["Cold Snap","Hologram","Barrage+1"],"picked":"SKIP","floor":44},{"not_picked":["BootSequence","Leap"],"picked":"Stack+1","floor":45},{"not_picked":["Barrage+1","Skim+1"],"picked":"Axe Kick+1","floor":45}],"player_experience":162519,"potions_floor_usage":[25,27,28,28,30,30,31,31,50,50,50,50],"damage_taken":[{"damage":1,"enemies":"Cultist","floor":1,"turns":4},{"damage":2,"enemies":"2 Louse","floor":3,"turns":3},{"damage":4,"enemies":"Lagavulin","floor":7,"turns":5},{"damage":19,"enemies":"3 Sentries","floor":14,"turns":8},{"damage":26,"enemies":"The Guardian","floor":16,"turns":8},{"damage":20,"enemies":"Shell Parasite","floor":18,"turns":6},{"damage":4,"enemies":"Chosen","floor":21,"turns":6},{"damage":16,"enemies":"Snake Plant","floor":24,"turns":4},{"damage":15,"enemies":"Chosen and Byrds","floor":25,"turns":7},{"damage":29,"enemies":"Sentry and Sphere","floor":27,"turns":5},{"damage":0,"enemies":"Snecko","floor":28,"turns":3},{"damage":2,"enemies":"Centurion and Healer","floor":30,"turns":6},{"damage":16,"enemies":"Slavers","floor":31,"turns":8},{"damage":30,"enemies":"Automaton","floor":33,"turns":6},{"damage":36,"enemies":"Flame Bruiser 1 Orb","floor":35,"turns":5},{"damage":6,"enemies":"Orb Walker","floor":36,"turns":5},{"damage":26,"enemies":"Spire Growth","floor":37,"turns":5},{"damage":14,"enemies":"4 Shapes","floor":39,"turns":6},{"damage":21,"enemies":"Sphere and 2 Shapes","floor":44,"turns":4},{"damage":45,"enemies":"Flame Bruiser 2 Orb","floor":45,"turns":6},{"damage":59,"enemies":"Time Eater","floor":50,"turns":10}],"relics_obtained":[{"floor":7,"key":"Prayer Wheel"},{"floor":9,"key":"Potion Belt"},{"floor":13,"key":"Vajra"},{"floor":14,"key":"Anchor"},{"floor":26,"key":"Bird Faced Urn"},{"floor":31,"key":"Frozen Egg 2"},{"floor":43,"key":"Ancient Tea Set"}],"event_choices":[{"event_name":"World of Goop","player_choice":"Gather Gold","floor":2,"damage_taken":0},{"event_name":"Golden Idol","player_choice":"Lose Max HP","floor":5,"damage_taken":0},{"event_name":"The Lab","player_choice":"Got Potions","floor":11,"damage_taken":0},{"event_name":"The Mausoleum","player_choice":"Yes","floor":19,"damage_taken":0},{"event_name":"Forgotten Altar","player_choice":"Gave Idol","floor":20,"damage_taken":0},{"event_name":"Match and Keep!","player_choice":"1 cards matched","floor":22,"damage_taken":0},{"event_name":"Tomb of Lord Red Mask","player_choice":"Ignored","floor":38,"damage_taken":0},{"event_name":"Mysterious Sphere","player_choice":"Ignore","floor":46,"damage_taken":0},{"event_name":"The Moai Head","player_choice":"Heal","floor":48,"damage_taken":0}],"boss_relics":[{"not_picked":["Runic Dome","Astrolabe"],"picked":"Inserter"},{"not_picked":["Snecko Eye","Eternal Feather"],"picked":"Velvet Choker"}],"items_purged_floors":[4,41],"potions_floor_spawned":[1,7,14,16,18,27,36,44,45],"seed_played":"5605651630897286831","ascension_level":0,"potions_obtained":[{"floor":1,"key":"SteroidPotion"},{"floor":7,"key":"SkillPotion"},{"floor":11,"key":"SteroidPotion"},{"floor":11,"key":"SmokeBomb"},{"floor":11,"key":"EntropicBrew"},{"floor":14,"key":"Poison Potion"},{"floor":16,"key":"Dexterity Potion"},{"floor":18,"key":"FocusPotion"},{"floor":36,"key":"Poison Potion"},{"floor":44,"key":"Explosive Potion"},{"floor":45,"key":"SkillPotion"}],"is_trial":false}