{"gold_per_floor":[111,111,130,176,176,210,227,260,339,371,390,409,409,65,65,65],"floor_reached":16,"playtime":451,"items_purged":[],"score":243,"play_id":"9a0282cb-a386-4175-ac78-7b739d3ed5e4","local_time":"20181216121555","is_ascension_mode":true,"campfire_choices":[{"floor":13,"key":"REST"},{"data":"Coolheaded","floor":15,"key":"SMITH"}],"neow_cost":"NONE","seed_source_timestamp":162926230558540,"circlet_count":0,"master_deck":["AscendersBane","Strike_B","Strike_B","Strike_B","Strike_B","Defend_B","Defend_B+1","Defend_B+1","Defend_B+1","Zap+1","Dualcast","Gash","Go for the Eyes","Rebound","Gash","Ball Lightning","Gash","Beam Cell","Chill","Gash","Coolheaded+1"],"relics":["Cracked Core","NeowsBlessing","Juzu Bracelet","Calipers","PreservedInsect","Strawberry","Cables","Gambling Chip","War Paint","Tiny Chest"],"potions_floor_usage":[12,16],"damage_taken":[{"damage":0,"enemies":"Jaw Worm","floor":1,"turns":1},{"damage":0,"enemies":"Small Slimes","floor":3,"turns":1},{"damage":0,"enemies":"Lagavulin","floor":6,"turns":1},{"damage":6,"enemies":"Cultist","floor":7,"turns":3},{"damage":10,"enemies":"3 Sentries","floor":8,"turns":4},{"damage":30,"enemies":"Lagavulin","floor":10,"turns":4},{"damage":8,"enemies":"Lots of Slimes","floor":11,"turns":2},{"damage":0,"enemies":"Large Slime","floor":12,"turns":2},{"damage":50,"enemies":"Slime Boss","floor":16,"turns":9}],"seed_played":"4212459471958060004","potions_obtained":[{"floor":1,"key":"Energy Potion"},{"floor":3,"key":"Energy Potion"},{"floor":7,"key":"Regen Potion"},{"floor":11,"key":"SteroidPotion"}],"is_trial":false,"path_per_floor":["M","?","M","T","?","E","M","E","T","E","M","M","R","$","R","B"],"character_chosen":"DEFECT","items_purchased":["Gash","Coolheaded","War Paint","Tiny Chest"],"campfire_rested":1,"item_purchase_floors":[14,14,14,14],"current_hp_per_floor":[68,53,53,53,53,53,47,44,44,14,6,6,30,30,30,0],"gold":65,"neow_bonus":"THREE_ENEMY_KILL","is_prod":false,"is_daily":false,"chose_seed":false,"campfire_upgraded":1,"win_rate":0,"timestamp":1544980555,"path_taken":["M","?","M","?","?","E","M","E","T","E","M","M","R","$","R","BOSS"],"build_version":"2018-12-13","purchased_purges":0,"victory":false,"max_hp_per_floor":[75,75,75,75,75,75,75,82,82,82,82,82,82,82,82,82],"card_choices":[{"not_picked":["Loop","Heatsinks"],"picked":"Gash","floor":1},{"not_picked":["White Noise","Steam"],"picked":"Go for the Eyes","floor":3},{"not_picked":["Defragment","Stack"],"picked":"Rebound","floor":6},{"not_picked":["BootSequence","Streamline"],"picked":"Gash","floor":7},{"not_picked":["Cold Snap","Rebound"],"picked":"Ball Lightning","floor":8},{"not_picked":["Beam Cell","Amplify"],"picked":"Gash","floor":10},{"not_picked":["Chaos","Fusion"],"picked":"Beam Cell","floor":11},{"not_picked":["Go for the Eyes","Sweeping Beam"],"picked":"Chill","floor":12}],"player_experience":352112,"relics_obtained":[{"floor":4,"key":"Juzu Bracelet"},{"floor":5,"key":"Calipers"},{"floor":6,"key":"PreservedInsect"},{"floor":8,"key":"Strawberry"},{"floor":9,"key":"Cables"},{"floor":10,"key":"Gambling Chip"}],"event_choices":[{"damage_healed":0,"gold_gain":0,"player_choice":"Entered Light","damage_taken":15,"max_hp_gain":0,"max_hp_loss":0,"event_name":"Shining Light","floor":2,"gold_loss":0,"cards_upgraded":["Defend_B","Zap"]},{"damage_healed":0,"gold_gain":0,"player_choice":"Relic","damage_taken":0,"max_hp_gain":0,"max_hp_loss":0,"event_name":"Wheel of Change","floor":5,"gold_loss":0}],"is_beta":false,"boss_relics":[],"items_purged_floors":[],"is_endless":false,"potions_floor_spawned":[1,3,7,11],"killed_by":"Slime Boss","ascension_level":10}