{"gold_per_floor":[111,111,111,111,122,122,137,137,137,162,162,196,196,52,52,52],"floor_reached":16,"playtime":898,"items_purged":["Decay"],"score":106,"play_id":"dafaa8ce-7e3d-4612-a188-ae3cfce58bd5","local_time":"20190208103319","is_ascension_mode":false,"campfire_choices":[{"data":"Zap","floor":6,"key":"SMITH"},{"data":"Self Repair","floor":8,"key":"SMITH"},{"data":"Fission","floor":11,"key":"SMITH"},{"floor":13,"key":"REST"},{"data":"Fission","floor":15,"key":"SMITH"}],"neow_cost":"CURSE","seed_source_timestamp":596667332615042,"circlet_count":0,"master_deck":["Strike_B","Strike_B","Strike_B","Strike_B","Defend_B","Defend_B","Defend_B","Defend_B","Zap+1","Dualcast","Doubt","Cold Snap","Beam Cell","Self Repair+1","Fission+1","Conserve Battery","Fission+1"],"relics":["Cracked Core","Pocketwatch","Cables","Calipers","Dead Branch","Orichalcum"],"potions_floor_usage":[12],"damage_taken":[{"damage":6,"enemies":"2 Louse","floor":1,"turns":2},{"damage":3,"enemies":"Small Slimes","floor":5,"turns":3},{"damage":0,"enemies":"Cultist","floor":7,"turns":3},{"damage":28,"enemies":"3 Sentries","floor":10,"turns":9},{"damage":25,"enemies":"Lagavulin","floor":12,"turns":7},{"damage":54,"enemies":"Hexaghost","floor":16,"turns":16}],"seed_played":"-5190256169297156726","potions_obtained":[{"floor":1,"key":"Ancient Potion"}],"is_trial":false,"path_per_floor":["M","?","?","?","M","R","M","R","T","E","R","E","R","$","R","B"],"character_chosen":"DEFECT","items_purchased":["Fission"],"campfire_rested":1,"item_purchase_floors":[14],"current_hp_per_floor":[69,66,66,66,63,63,63,63,63,45,45,30,52,52,52,0],"gold":52,"neow_bonus":"ONE_RARE_RELIC","is_prod":false,"is_daily":false,"chose_seed":false,"campfire_upgraded":4,"win_rate":0,"timestamp":1549618399,"path_taken":["M","?","?","?","M","R","?","R","T","E","R","E","R","$","R","BOSS"],"build_version":"2019-01-23","purchased_purges":1,"victory":false,"max_hp_per_floor":[75,75,75,75,75,75,75,75,75,75,75,75,75,75,75,75],"card_choices":[{"not_picked":["Rebound","Stack"],"picked":"Cold Snap","floor":1},{"not_picked":["Turbo","Go for the Eyes"],"picked":"Beam Cell","floor":5},{"not_picked":["Lockon","Leap"],"picked":"Self Repair","floor":7},{"not_picked":["Go for the Eyes","Steam"],"picked":"Fission","floor":10},{"not_picked":["Beam Cell","Compile Driver"],"picked":"Conserve Battery","floor":12}],"player_experience":597965,"relics_obtained":[{"floor":9,"key":"Calipers"},{"floor":10,"key":"Dead Branch"},{"floor":12,"key":"Orichalcum"}],"event_choices":[{"damage_healed":0,"gold_gain":0,"player_choice":"Success","damage_taken":3,"relics_obtained":["Cables"],"max_hp_gain":0,"max_hp_loss":0,"event_name":"Scrap Ooze","floor":2,"gold_loss":0},{"damage_healed":0,"gold_gain":0,"player_choice":"Ignored","damage_taken":0,"max_hp_gain":0,"max_hp_loss":0,"event_name":"Golden Idol","floor":3,"gold_loss":0},{"damage_healed":0,"gold_gain":0,"player_choice":"Cursed","damage_taken":0,"max_hp_gain":0,"max_hp_loss":0,"event_name":"Wheel of Change","floor":4,"gold_loss":0,"cards_obtained":["Decay"]}],"is_beta":false,"boss_relics":[],"items_purged_floors":[14],"is_endless":false,"potions_floor_spawned":[1],"killed_by":"Hexaghost","ascension_level":0}