{"gold_per_floor":[111,111,186,186,31,59,70,70,70,80,80,95,95,107,107,107],"floor_reached":16,"playtime":337,"items_purged":["Strike_B"],"score":238,"play_id":"33ba4cbe-d31f-40e8-b013-c9a66039c70a","local_time":"20190109234708","is_ascension_mode":true,"campfire_choices":[{"data":"Zap","floor":8,"key":"SMITH"},{"data":"Buffer","floor":11,"key":"SMITH"},{"data":"Dualcast","floor":15,"key":"SMITH"}],"neow_cost":"NONE","seed_source_timestamp":2011722197982650,"circlet_count":0,"master_deck":["AscendersBane","Strike_B","Strike_B+1","Strike_B","Defend_B","Defend_B","Defend_B+1","Defend_B","Zap+1","Dualcast+1","Self Repair","Buffer+1","Storm","FTL"],"relics":["Cracked Core","NeowsBlessing","Omamori","Regal Pillow","Letter Opener"],"potions_floor_usage":[16],"damage_taken":[{"damage":0,"enemies":"2 Louse","floor":1,"turns":1},{"damage":0,"enemies":"Gremlin Nob","floor":6,"turns":1},{"damage":0,"enemies":"Jaw Worm","floor":7,"turns":1},{"damage":3,"enemies":"Small Slimes","floor":10,"turns":3},{"damage":22,"enemies":"Gremlin Gang","floor":12,"turns":6},{"damage":0,"enemies":"Blue Slaver","floor":14,"turns":4},{"damage":46,"enemies":"Hexaghost","floor":16,"turns":9}],"seed_played":"-3056436682565878056","potions_obtained":[{"floor":10,"key":"SteroidPotion"},{"floor":12,"key":"SkillPotion"}],"is_trial":false,"path_per_floor":["M","?","?","T","$","E","M","R","T","M","R","M","?","M","R","B"],"character_chosen":"DEFECT","items_purchased":["Self Repair"],"campfire_rested":0,"item_purchase_floors":[5],"current_hp_per_floor":[64,43,32,32,32,39,46,46,46,50,50,35,35,42,42,0],"gold":107,"neow_bonus":"THREE_ENEMY_KILL","is_prod":false,"is_daily":false,"chose_seed":false,"campfire_upgraded":3,"win_rate":0,"timestamp":1547045228,"path_taken":["M","?","?","?","$","E","M","R","T","M","R","M","?","M","R","BOSS"],"build_version":"2019-01-03v4","purchased_purges":1,"victory":false,"max_hp_per_floor":[71,71,71,71,71,71,71,71,71,71,71,71,71,71,71,71],"card_choices":[{"not_picked":["Steam","Compile Driver","Beam Cell"],"picked":"SKIP","floor":1},{"not_picked":["Conserve Battery","Beam Cell"],"picked":"Buffer","floor":6},{"not_picked":["Rip and Tear","Rebound"],"picked":"Storm","floor":7},{"not_picked":["Leap","Redo","Doom and Gloom"],"picked":"SKIP","floor":10},{"not_picked":["Streamline","Reprogram","Turbo"],"picked":"SKIP","floor":12},{"not_picked":["Barrage","Heatsinks"],"picked":"FTL","floor":14}],"player_experience":808224,"relics_obtained":[{"floor":4,"key":"Omamori"},{"floor":6,"key":"Regal Pillow"},{"floor":9,"key":"Letter Opener"}],"event_choices":[{"damage_healed":0,"gold_gain":0,"player_choice":"Entered Light","damage_taken":21,"max_hp_gain":0,"max_hp_loss":0,"event_name":"Shining Light","floor":2,"gold_loss":0,"cards_upgraded":["Defend_B","Strike_B"]},{"damage_healed":0,"gold_gain":75,"player_choice":"Gather Gold","damage_taken":11,"max_hp_gain":0,"max_hp_loss":0,"event_name":"World of Goop","floor":3,"gold_loss":0},{"damage_healed":0,"gold_gain":0,"player_choice":"Ignored","damage_taken":0,"max_hp_gain":0,"max_hp_loss":0,"event_name":"Liars Game","floor":13,"gold_loss":0}],"is_beta":false,"boss_relics":[],"items_purged_floors":[5],"is_endless":false,"potions_floor_spawned":[10,12,14],"killed_by":"Hexaghost","ascension_level":18}