{"gold_per_floor":[118,136,149,53,65,65,97,97,97,114,25,25,53,83,83,154,154,172,172,172,172,183,183,199,227,239,251,273,285,18,45,45,117,117,137,152,152,374,384,415,415],"floor_reached":41,"playtime":8499,"items_purged":["Strike_R+1"],"score":898,"play_id":"8ae1cb8a-178d-45ec-9bce-06f7855a0e79","local_time":"20190202191503","is_ascension_mode":true,"campfire_choices":[{"data":"Armaments","floor":6.0,"key":"SMITH"},{"data":"Shockwave","floor":8.0,"key":"SMITH"},{"data":"Combust","floor":12.0,"key":"SMITH"},{"floor":15.0,"key":"REST"},{"floor":23.0,"key":"REST"},{"floor":27.0,"key":"RECALL"},{"floor":29.0,"key":"REST"},{"floor":32.0,"key":"REST"}],"neow_cost":"NONE","seed_source_timestamp":1821465247248286,"circlet_count":0,"master_deck":["AscendersBane","Strike_R+1","Strike_R+1","Strike_R+1","Defend_R+1","Defend_R+1","Defend_R+1","Defend_R+1","Bash","Twin Strike","Headbutt","Shockwave+1","Rampage","Armaments+1","Dropkick","Anger","Combust+1","Shrug It Off","Immolate","True Grit","Feel No Pain","Havoc+1","Demon Form","Clothesline","Reaper","Dual Wield","Sword Boomerang","Shrug It Off+1"],"special_seed":0,"relics":["Burning Blood","Art of War","Centennial Puzzle","Gremlin Horn","Fusion Hammer","MawBank","Incense Burner","Red Mask","Cursed Key","Boot"],"potions_floor_usage":[40,40],"damage_taken":[{"damage":12.0,"enemies":"Cultist","floor":1.0,"turns":4.0},{"damage":4.0,"enemies":"2 Louse","floor":2.0,"turns":3.0},{"damage":26.0,"enemies":"Jaw Worm","floor":3.0,"turns":6.0},{"damage":6.0,"enemies":"Looter","floor":5.0,"turns":3.0},{"damage":17.0,"enemies":"Lagavulin","floor":7.0,"turns":7.0},{"damage":0.0,"enemies":"Large Slime","floor":10.0,"turns":4.0},{"damage":14.0,"enemies":"3 Sentries","floor":13.0,"turns":4.0},{"damage":31.0,"enemies":"Hexaghost","floor":16.0,"turns":9.0},{"damage":7.0,"enemies":"Spheric Guardian","floor":18.0,"turns":3.0},{"damage":15.0,"enemies":"Shell Parasite","floor":22.0,"turns":2.0},{"damage":8.0,"enemies":"Centurion and Healer","floor":24.0,"turns":4.0},{"damage":30.0,"enemies":"Gremlin Leader","floor":25.0,"turns":5.0},{"damage":9.0,"enemies":"Cultist and Chosen","floor":28.0,"turns":6.0},{"damage":0.0,"enemies":"Masked Bandits","floor":31.0,"turns":2.0},{"damage":65,"enemies":"Champ","floor":33,"turns":16},{"damage":5,"enemies":"3 Shapes","floor":35,"turns":6},{"damage":15,"enemies":"3 Darklings","floor":36,"turns":5},{"damage":16,"enemies":"Writhing Mass","floor":39,"turns":7},{"damage":84,"enemies":"Giant Head","floor":40,"turns":9},{"damage":33,"enemies":"Spire Growth","floor":41,"turns":4}],"seed_played":"-2446891855895587952","potions_obtained":[{"floor":3.0,"key":"Block Potion"},{"floor":10.0,"key":"PowerPotion"},{"floor":16.0,"key":"Swift Potion"},{"floor":25.0,"key":"Explosive Potion"},{"floor":31.0,"key":"Strength Potion"}],"is_trial":false,"path_per_floor":["M","M","M","$","M","R","E","R","T","M","$","R","E","?","R","B",null,"M","$","?","?","M","R","M","E","T","R","M","R","$","?","R","B",null,"M","M","$","?","M","E","M"],"character_chosen":"IRONCLAD","items_purchased":["Rampage","Armaments","Combust","Demon Form","Clothesline"],"campfire_rested":4,"item_purchase_floors":[4,4,11,30,30],"current_hp_per_floor":[62,64,44,44,44,44,33,33,33,39,39,39,31,31,53,28,63,62,62,62,62,53,75,73,49,49,49,46,68,68,74,75,16,60,67,70,70,70,71,16,0],"gold":415,"neow_bonus":"REMOVE_CARD","is_prod":false,"is_daily":false,"chose_seed":false,"campfire_upgraded":3,"win_rate":0,"timestamp":1549095303,"path_taken":["M","M","M","$","M","R","E","R","T","M","?","R","E","?","R","BOSS","M","$","?","?","M","R","M","E","T","R","M","R","$","?","R","BOSS","M","M","$","?","M","E","M"],"build_version":"2019-01-23","purchased_purges":1,"victory":false,"max_hp_per_floor":[75,75,75,75,75,75,75,75,75,75,75,75,75,75,75,75,75,75,75,75,75,75,75,75,75,75,75,75,75,75,75,75,75,75,75,75,75,75,75,75,75],"card_choices":[{"not_picked":["Flame Barrier","Armaments"],"picked":"Twin Strike","floor":1.0},{"not_picked":["Burning Pact","Pommel Strike"],"picked":"Headbutt","floor":2.0},{"not_picked":["Perfected Strike","Thunderclap"],"picked":"Shockwave","floor":3.0},{"not_picked":["Body Slam","Sword Boomerang"],"picked":"Dropkick","floor":5.0},{"not_picked":["Ghostly Armor","Dual Wield","Searing Blow"],"picked":"SKIP","floor":7.0},{"not_picked":["Warcry","Body Slam"],"picked":"Anger","floor":10.0},{"not_picked":["Havoc","Anger"],"picked":"Shrug It Off","floor":13.0},{"not_picked":["Bludgeon","Fiend Fire"],"picked":"Immolate","floor":16.0},{"not_picked":["Headbutt","Dual Wield"],"picked":"True Grit","floor":18.0},{"not_picked":["Clothesline","Shrug It Off"],"picked":"Havoc+1","floor":22.0},{"not_picked":["Clothesline","Body Slam","Infernal Blade"],"picked":"SKIP","floor":24.0},{"not_picked":["Body Slam+1","Double Tap","Power Through+1"],"picked":"SKIP","floor":25.0},{"not_picked":["Warcry","Wild Strike","Pummel"],"picked":"SKIP","floor":28.0},{"not_picked":["Feed","Limit Break"],"picked":"Reaper","floor":33},{"not_picked":["Wild Strike","Cleave","Combust"],"picked":"SKIP","floor":35},{"not_picked":["Power Through","Clash+1"],"picked":"Dual Wield","floor":36},{"not_picked":["True Grit","Second Wind+1"],"picked":"Sword Boomerang","floor":39},{"not_picked":["Carnage","Pummel"],"picked":"Shrug It Off+1","floor":40}],"player_experience":683365,"relics_obtained":[{"floor":7.0,"key":"Art of War"},{"floor":9.0,"key":"Centennial Puzzle"},{"floor":13.0,"key":"Gremlin Horn"},{"floor":25.0,"key":"MawBank"},{"floor":26.0,"key":"Incense Burner"},{"floor":31.0,"key":"Red Mask"},{"floor":40,"key":"Boot"}],"event_choices":[{"damage_healed":0.0,"max_hp_gain":0.0,"max_hp_loss":0.0,"gold_gain":30.0,"event_name":"Dead Adventurer","player_choice":"Searched \u00271\u0027 times","floor":14.0,"gold_loss":0.0,"damage_taken":0.0},{"damage_healed":0.0,"max_hp_gain":0.0,"max_hp_loss":0.0,"gold_gain":0.0,"event_name":"Back to Basics","player_choice":"Simplicity","floor":20.0,"gold_loss":0.0,"damage_taken":0.0,"cards_upgraded":["Strike_R","Strike_R","Strike_R","Strike_R","Defend_R","Defend_R","Defend_R","Defend_R"]},{"damage_healed":0.0,"max_hp_gain":0.0,"max_hp_loss":0.0,"gold_gain":0.0,"event_name":"The Library","player_choice":"Read","floor":21.0,"gold_loss":0.0,"damage_taken":0.0,"cards_obtained":["Feel No Pain"]},{"damage_healed":0.0,"max_hp_gain":0.0,"max_hp_loss":0.0,"gold_gain":0.0,"event_name":"Masked Bandits","player_choice":"Fought Bandits","floor":31.0,"gold_loss":0.0,"damage_taken":0.0},{"damage_healed":0,"gold_gain":222,"player_choice":"Wore Mask","damage_taken":0,"max_hp_gain":0,"max_hp_loss":0,"event_name":"Tomb of Lord Red Mask","floor":38,"gold_loss":0}],"is_beta":false,"boss_relics":[{"not_picked":["Busted Crown","Philosopher\u0027s Stone"],"picked":"Fusion Hammer"},{"not_picked":["White Beast Statue","Tiny House"],"picked":"Cursed Key"}],"items_purged_floors":[30],"is_endless":false,"potions_floor_spawned":[3,10,16,18,25,31,35],"killed_by":"Spire Growth","ascension_level":20}