{"gold_per_floor":[117,132,307,318,318,318,349,349,349,363,394,394,394,434,434,562,562,580,140,140,140,55,98,122,122,122,48,48],"floor_reached":28,"playtime":1411,"items_purged":["Strike_B"],"score":360,"play_id":"cf11602c-ada0-4e04-8208-32fb3c1414f5","local_time":"20190208180937","is_ascension_mode":true,"campfire_choices":[{"floor":6,"key":"REST"},{"floor":8,"key":"REST"},{"floor":13,"key":"REST"},{"data":"Buffer","floor":15,"key":"SMITH"},{"floor":25,"key":"REST"}],"neow_cost":"NONE","seed_source_timestamp":2667803203864015,"circlet_count":0,"master_deck":["Strike_B","Strike_B","Defend_B","Defend_B","Defend_B","Defend_B","Zap","Dualcast","Consume","Ball Lightning","Stack","Doubt","Ball Lightning","Rainbow","Buffer","Defragment","Buffer+1","Machine Learning","Tempest","Doom and Gloom+1","Coolheaded","Leap","Cold Snap+1","Loop+1"],"relics":["Cracked Core","Golden Idol","Du-Vu Doll","Molten Egg 2","Juzu Bracelet","Bronze Scales","Oddly Smooth Stone","Fusion Hammer","Bottled Tornado","Frozen Egg 2","Nunchaku","Singing Bowl"],"potions_floor_usage":[4,7,7,11,16,24,24],"damage_taken":[{"damage":6,"enemies":"Cultist","floor":1,"turns":4},{"damage":8,"enemies":"2 Louse","floor":2,"turns":3},{"damage":0,"enemies":"Small Slimes","floor":4,"turns":3},{"damage":35,"enemies":"Lagavulin","floor":7,"turns":5},{"damage":1,"enemies":"2 Fungi Beasts","floor":10,"turns":2},{"damage":0,"enemies":"Gremlin Nob","floor":11,"turns":4},{"damage":46,"enemies":"3 Sentries","floor":14,"turns":7},{"damage":8,"enemies":"Slime Boss","floor":16,"turns":7},{"damage":9,"enemies":"Chosen","floor":18,"turns":4},{"damage":42,"enemies":"Slavers","floor":23,"turns":4},{"damage":0,"enemies":"2 Thieves","floor":24,"turns":2},{"damage":38,"enemies":"Gremlin Leader","floor":28,"turns":5}],"seed_played":"-6961379125203108345","potions_obtained":[{"floor":2,"key":"EntropicBrew"},{"floor":7,"key":"EssenceOfSteel"},{"floor":14,"key":"SkillPotion"},{"floor":16,"key":"SneckoOil"},{"floor":23,"key":"Explosive Potion"}],"is_trial":false,"path_per_floor":["M","M","?","M","?","R","E","R","T","M","E","?","R","E","R","B",null,"M","$","?","?","?","E","M","R","T","$","E"],"character_chosen":"DEFECT","items_purchased":["Bottled Tornado","Doom and Gloom+1","Coolheaded","Loop+1"],"campfire_rested":4,"item_purchase_floors":[19,19,19,27],"current_hp_per_floor":[62,54,54,54,36,58,37,59,59,58,58,51,73,27,27,19,61,52,52,52,52,52,10,10,32,32,32,0],"gold":48,"neow_bonus":"THREE_CARDS","is_prod":false,"is_daily":false,"chose_seed":false,"campfire_upgraded":1,"win_rate":0,"timestamp":1549667377,"path_taken":["M","M","?","M","?","R","E","R","T","M","E","?","R","E","R","BOSS","M","$","?","?","?","E","M","R","T","$","E"],"build_version":"2019-01-23","purchased_purges":1,"victory":false,"max_hp_per_floor":[75,75,75,75,75,75,75,75,75,75,75,75,75,75,75,75,75,75,75,75,75,75,75,75,75,75,75,75],"card_choices":[{"not_picked":["Doom and Gloom","Redo"],"picked":"Consume","floor":0},{"not_picked":["Streamline","Static Discharge"],"picked":"Ball Lightning","floor":1},{"not_picked":["Force Field","Redo"],"picked":"Stack","floor":2},{"not_picked":["Storm","Force Field"],"picked":"Ball Lightning","floor":4},{"not_picked":["Force Field","Go for the Eyes"],"picked":"Rainbow","floor":7},{"not_picked":["Ball Lightning+1","Steam"],"picked":"Buffer","floor":10},{"not_picked":["Chaos","Meteor Strike+1"],"picked":"Defragment","floor":11},{"not_picked":["Gash+1","Force Field"],"picked":"Buffer","floor":14},{"not_picked":["All For One+1","Reboot"],"picked":"Machine Learning","floor":16},{"not_picked":["Barrage+1","Rip and Tear+1"],"picked":"Tempest","floor":18},{"not_picked":["Consume","Hologram"],"picked":"Leap","floor":23},{"not_picked":["Gash+1","Doom and Gloom+1"],"picked":"Cold Snap+1","floor":24}],"player_experience":316281,"relics_obtained":[{"floor":7,"key":"Du-Vu Doll"},{"floor":9,"key":"Molten Egg 2"},{"floor":11,"key":"Juzu Bracelet"},{"floor":14,"key":"Oddly Smooth Stone"},{"floor":23,"key":"Nunchaku"},{"floor":26,"key":"Singing Bowl"}],"event_choices":[{"damage_healed":0,"gold_gain":175,"player_choice":"AGREE","damage_taken":0,"max_hp_gain":0,"max_hp_loss":0,"event_name":"Liars Game","floor":3,"gold_loss":0,"cards_obtained":["Doubt"]},{"damage_healed":0,"gold_gain":0,"player_choice":"Take Damage","damage_taken":18,"relics_obtained":["Golden Idol"],"max_hp_gain":0,"max_hp_loss":0,"event_name":"Golden Idol","floor":5,"gold_loss":0},{"damage_healed":0,"gold_gain":0,"player_choice":"Success","damage_taken":7,"relics_obtained":["Bronze Scales"],"max_hp_gain":0,"max_hp_loss":0,"event_name":"Scrap Ooze","floor":12,"gold_loss":0},{"cards_removed":["Strike_B"],"damage_healed":0,"gold_gain":0,"player_choice":"Elegance","damage_taken":0,"max_hp_gain":0,"max_hp_loss":0,"event_name":"Back to Basics","floor":20,"gold_loss":0},{"damage_healed":0,"gold_gain":0,"player_choice":"Ignored","damage_taken":0,"max_hp_gain":0,"max_hp_loss":0,"event_name":"Vampires","floor":21,"gold_loss":0},{"damage_healed":0,"gold_gain":0,"player_choice":"Obtained Relic","damage_taken":0,"relics_obtained":["Frozen Egg 2"],"max_hp_gain":0,"max_hp_loss":0,"event_name":"Addict","floor":22,"gold_loss":85}],"is_beta":false,"boss_relics":[{"not_picked":["Tiny House","Nuclear Battery"],"picked":"Fusion Hammer"}],"items_purged_floors":[19],"is_endless":false,"potions_floor_spawned":[2,7,14,16,23],"killed_by":"Gremlin Leader","ascension_level":6}