{"gold_per_floor":[15,26,26,101,117,144,144,209,209,209,2,2,16,34,34,135,135,152,152,2,2,2,2,12,30,100,118,135,135,57,73,73,169,169,188,202,202],"floor_reached":37,"playtime":4772,"items_purged":["Strike_B"],"score":557,"play_id":"447171e0-63b6-468d-8e12-96ea9664223f","local_time":"20181118212618","is_ascension_mode":true,"campfire_choices":[{"floor":7.0,"key":"REST"},{"floor":10.0,"key":"REST"},{"data":"Dualcast","floor":12.0,"key":"SMITH"},{"data":"Zap","floor":15.0,"key":"SMITH"},{"floor":23.0,"key":"REST"},{"data":"Coolheaded","floor":29,"key":"SMITH"},{"floor":32,"key":"REST"}],"neow_cost":"NO_GOLD","seed_source_timestamp":0,"circlet_count":0,"master_deck":["AscendersBane","Strike_B","Strike_B","Defend_B","Defend_B","Defend_B","Zap+1","Dualcast+1","Go for the Eyes","Leap","Undo","Hologram","Compile Driver","Capacitor+1","Echo Form+1","Sunder+1","Defragment+1","Conserve Battery+1","Ball Lightning+1","Coolheaded+1","Compile Driver+1","FTL","All For One","Biased Cognition+1","Sunder","Hologram"],"special_seed":0,"relics":["Cracked Core","Shuriken","Bag of Marbles","Frozen Egg 2","Lee\u0027s Waffle","Nuclear Battery","Ornamental Fan","Mercury Hourglass","Velvet Choker"],"potions_floor_usage":[28,33,33,37],"damage_taken":[{"damage":4.0,"enemies":"2 Louse","floor":1.0,"turns":3.0},{"damage":0.0,"enemies":"Small Slimes","floor":2.0,"turns":2.0},{"damage":0.0,"enemies":"Cultist","floor":5.0,"turns":4.0},{"damage":32.0,"enemies":"Gremlin Nob","floor":6.0,"turns":5.0},{"damage":32.0,"enemies":"Lagavulin Event","floor":8.0,"turns":6.0},{"damage":10.0,"enemies":"2 Fungi Beasts","floor":13.0,"turns":3.0},{"damage":1.0,"enemies":"Blue Slaver","floor":14.0,"turns":3.0},{"damage":14.0,"enemies":"The Guardian","floor":16.0,"turns":11.0},{"damage":3.0,"enemies":"Shell Parasite","floor":18.0,"turns":6.0},{"damage":0.0,"enemies":"2 Thieves","floor":24.0,"turns":3.0},{"damage":4.0,"enemies":"Centurion and Healer","floor":25.0,"turns":10.0},{"damage":11,"enemies":"Snecko","floor":27,"turns":4},{"damage":9,"enemies":"Sentry and Sphere","floor":28,"turns":4},{"damage":9,"enemies":"Centurion and Healer","floor":31,"turns":4},{"damage":66,"enemies":"Collector","floor":33,"turns":10},{"damage":0,"enemies":"Orb Walker","floor":35,"turns":3},{"damage":0,"enemies":"3 Shapes","floor":36,"turns":2},{"damage":77,"enemies":"Writhing Mass","floor":37,"turns":3}],"seed_played":"-5483933546992549281","potions_obtained":[{"floor":8.0,"key":"EntropicBrew"},{"floor":13.0,"key":"FearPotion"},{"floor":16.0,"key":"Block Potion"},{"floor":19.0,"key":"SkillPotion"},{"floor":19.0,"key":"AttackPotion"},{"floor":27,"key":"SteroidPotion"},{"floor":28,"key":"EssenceOfSteel"},{"floor":31,"key":"Fire Potion"},{"floor":35,"key":"Fire Potion"}],"is_trial":false,"path_per_floor":["M","M","$","?","M","E","R","?","T","R","$","R","M","M","R","B",null,"M","?","$","?","T","R","M","M","T","M","M","R","$","M","R","B",null,"M","M","M"],"character_chosen":"DEFECT","items_purchased":["Lee\u0027s Waffle","Defragment+1","FTL"],"campfire_rested":4,"item_purchase_floors":[11,20,30],"current_hp_per_floor":[64,64,64,53,53,21,43,11,11,33,82,82,72,71,71,57,76,73,73,73,57,57,83,83,79,79,68,59,59,59,50,76,10,68,68,68,0],"gold":202,"neow_bonus":"REMOVE_TWO","is_prod":false,"is_daily":false,"chose_seed":false,"campfire_upgraded":3,"win_rate":0,"timestamp":1542594378,"path_taken":["M","M","$","?","M","E","R","?","T","R","$","R","M","M","R","BOSS","M","?","?","?","?","R","M","?","T","M","M","R","$","M","R","BOSS","M","M","M"],"build_version":"2018-11-15","purchased_purges":1,"victory":false,"max_hp_per_floor":[75,75,75,75,75,75,75,75,75,75,82,82,82,82,82,82,82,82,82,82,87,87,87,87,87,87,87,87,87,87,87,87,87,87,87,87,87],"card_choices":[{"not_picked":["Compile Driver","Beam Cell"],"picked":"Go for the Eyes","floor":1.0},{"not_picked":["Force Field","Streamline"],"picked":"Leap","floor":2.0},{"not_picked":["Redo","Steam Power"],"picked":"Undo","floor":5.0},{"not_picked":["Storm","Rip and Tear","Double Energy"],"picked":"SKIP","floor":6.0},{"not_picked":["Multi-Cast","Stack"],"picked":"Hologram","floor":8.0},{"not_picked":["Fusion","Stack"],"picked":"Compile Driver","floor":13.0},{"not_picked":["Steam","Recycle"],"picked":"Capacitor+1","floor":14.0},{"not_picked":["Reboot","Amplify"],"picked":"Echo Form+1","floor":16.0},{"not_picked":["Barrage","Beam Cell"],"picked":"Sunder+1","floor":18.0},{"not_picked":["Stack","Gash+1"],"picked":"Conserve Battery+1","floor":24.0},{"not_picked":["Steam Power","Doom and Gloom"],"picked":"Ball Lightning+1","floor":25.0},{"not_picked":["Thunder Strike","Rebound+1"],"picked":"Coolheaded","floor":27},{"not_picked":["Streamline","Rebound"],"picked":"Compile Driver+1","floor":28},{"not_picked":["Barrage","Rebound"],"picked":"All For One","floor":31},{"not_picked":["Creative AI+1","All For One"],"picked":"Biased Cognition+1","floor":33},{"not_picked":["Coolheaded+1","Force Field"],"picked":"Sunder","floor":35},{"not_picked":["Gash+1","Chaos"],"picked":"Hologram","floor":36}],"player_experience":544173,"relics_obtained":[{"floor":6.0,"key":"Shuriken"},{"floor":8.0,"key":"Bag of Marbles"},{"floor":9.0,"key":"Frozen Egg 2"},{"floor":22.0,"key":"Ornamental Fan"},{"floor":26,"key":"Mercury Hourglass"}],"event_choices":[{"damage_healed":0.0,"max_hp_gain":0.0,"max_hp_loss":0.0,"gold_gain":75.0,"event_name":"World of Goop","player_choice":"Gather Gold","floor":4.0,"gold_loss":0.0,"damage_taken":11.0},{"damage_healed":0.0,"max_hp_gain":0.0,"max_hp_loss":0.0,"gold_gain":0.0,"event_name":"Dead Adventurer","player_choice":"Searched \u00271\u0027 times","floor":8.0,"gold_loss":0.0,"damage_taken":0.0},{"damage_healed":0.0,"max_hp_gain":0.0,"max_hp_loss":0.0,"gold_gain":0.0,"event_name":"Lab","player_choice":"Got Potions","floor":19.0,"gold_loss":0.0,"damage_taken":0.0},{"damage_healed":0.0,"max_hp_gain":5.0,"max_hp_loss":0.0,"gold_gain":0.0,"event_name":"Forgotten Altar","player_choice":"Shed Blood","floor":21.0,"gold_loss":0.0,"damage_taken":21.0}],"is_beta":false,"boss_relics":[{"not_picked":["Inserter","Empty Cage"],"picked":"Nuclear Battery"},{"not_picked":["Runic Dome","Busted Crown"],"picked":"Velvet Choker"}],"items_purged_floors":[20],"is_endless":false,"potions_floor_spawned":[8,13,16,27,28,31,35],"killed_by":"Writhing Mass","ascension_level":10}