{"gold_per_floor":[116,134,3,3,22,22,39,39,39,39,68,83,83,97,97,168,168,187,207,152,23,23,23,23,73,125,145,161,161,190,204,204,283,283,293,693,711,711,721,721,609,609,609,609,609,279,292,292,292,292,292],"floor_reached":51,"playtime":2814,"items_purged":["Setup","Slice"],"score":1355,"play_id":"fd9aacc4-5cb7-471f-94fe-4ac08356f03a","local_time":"20181208061308","is_ascension_mode":true,"campfire_choices":[{"data":"Skewer","floor":6,"key":"SMITH"},{"data":"Neutralize","floor":8,"key":"SMITH"},{"data":"Noxious Fumes","floor":10,"key":"SMITH"},{"data":"Noxious Fumes","floor":15,"key":"SMITH"},{"floor":23,"key":"REST"},{"floor":29,"key":"REST"},{"floor":32,"key":"REST"},{"floor":40,"key":"REST"},{"floor":45,"key":"REST"},{"floor":49,"key":"REST"}],"neow_cost":"NONE","seed_source_timestamp":523025330115900,"circlet_count":0,"master_deck":["AscendersBane","Survivor","Neutralize+1","Endless Agony","Expertise","PiercingWail","PiercingWail","Skewer+1","Poisoned Stab","Noxious Fumes+1","All Out Attack","Crippling Poison","Deflect","Noxious Fumes+1","Glass Knife","Backflip","Backflip","Dodge and Roll","Footwork","Deflect","Cloak And Dagger","Backflip","Terror","Corpse Explosion","Dodge and Roll","Dodge and Roll","Noxious Fumes","Apotheosis","Master of Strategy","Dodge and Roll"],"relics":["Pandora\u0027s Box","Centennial Puzzle","Dodecahedron","Fusion Hammer","Bronze Scales","Shovel","Sozu","Old Coin","Bottled Lightning","HandDrill","Gremlin Horn"],"potions_floor_usage":[11,16,30,33,51],"damage_taken":[{"damage":6,"enemies":"2 Louse","floor":1,"turns":2},{"damage":0,"enemies":"Small Slimes","floor":2,"turns":2},{"damage":0,"enemies":"Cultist","floor":5,"turns":2},{"damage":0,"enemies":"2 Fungi Beasts","floor":7,"turns":2},{"damage":6,"enemies":"Gremlin Nob","floor":11,"turns":3},{"damage":0,"enemies":"Exordium Wildlife","floor":12,"turns":3},{"damage":3,"enemies":"Blue Slaver","floor":14,"turns":2},{"damage":0,"enemies":"The Guardian","floor":16,"turns":8},{"damage":24,"enemies":"Shell Parasite","floor":18,"turns":4},{"damage":14,"enemies":"Chosen","floor":19,"turns":4},{"damage":1,"enemies":"Snake Plant","floor":27,"turns":4},{"damage":7,"enemies":"Snecko","floor":28,"turns":5},{"damage":16,"enemies":"Book of Stabbing","floor":30,"turns":5},{"damage":13,"enemies":"Chosen and Byrds","floor":31,"turns":5},{"damage":43,"enemies":"Champ","floor":33,"turns":13},{"damage":0,"enemies":"3 Shapes","floor":35,"turns":5},{"damage":6,"enemies":"Mind Bloom Boss Battle","floor":36,"turns":6},{"damage":8,"enemies":"3 Darklings","floor":37,"turns":3},{"damage":18,"enemies":"Sphere and 2 Shapes","floor":39,"turns":6},{"damage":6,"enemies":"Maw","floor":47,"turns":7},{"damage":32,"enemies":"Time Eater","floor":50,"turns":14},{"damage":34,"enemies":"Donu and Deca","floor":51,"turns":9}],"seed_played":"4613758645328213367","potions_obtained":[{"floor":1,"key":"Weak Potion"},{"floor":5,"key":"Regen Potion"},{"floor":12,"key":"SkillPotion"},{"floor":14,"key":"Dexterity Potion"},{"floor":18,"key":"Poison Potion"},{"floor":33,"key":"SneckoOil"}],"is_trial":false,"path_per_floor":["M","M","$","?","M","R","M","R","T","R","E","M","?","M","R","B",null,"M","M","$","$","?","R","$","?","T","M","M","R","E","M","R","B",null,"M","?","M","?","M","R","$","?","T","?","R","$","M","T","R","B","B"],"character_chosen":"THE_SILENT","items_purchased":["SkillPotion","Dodge and Roll","Footwork","Deflect","Dodge and Roll","Noxious Fumes","HandDrill"],"campfire_rested":6,"item_purchase_floors":[3,20,21,21,41,41,46],"current_hp_per_floor":[53,53,53,53,53,53,53,53,53,53,56,56,56,53,53,53,63,39,25,25,25,25,44,44,44,44,43,36,55,39,26,45,2,50,50,44,36,36,18,36,36,31,31,31,49,49,43,43,61,29,0],"gold":292,"neow_bonus":"BOSS_RELIC","is_prod":false,"is_daily":false,"chose_seed":false,"campfire_upgraded":4,"win_rate":0,"timestamp":1544267588,"path_taken":["M","M","$","?","M","R","M","R","T","R","E","M","?","M","R","BOSS","M","M","?","$","?","R","?","?","T","M","M","R","E","M","R","BOSS","M","?","M","?","M","R","$","?","T","?","R","$","?","?","R","BOSS","BOSS"],"build_version":"2018-11-15","purchased_purges":2,"victory":false,"max_hp_per_floor":[66,66,66,66,66,66,66,66,66,66,66,66,66,66,66,66,66,66,66,66,66,66,66,66,66,66,66,66,66,66,66,66,66,66,66,66,66,63,63,63,63,63,63,63,63,63,63,63,63,63,63],"card_choices":[{"not_picked":["Flying Knee","All Out Attack","Caltrops"],"picked":"SKIP","floor":1},{"not_picked":["Accuracy","Dagger Spray","Slice"],"picked":"SKIP","floor":2},{"not_picked":["Skewer","Endless Agony"],"picked":"Crippling Poison","floor":5},{"not_picked":["Infinite Blades","Outmaneuver","Noxious Fumes"],"picked":"SKIP","floor":7},{"not_picked":["Prepared","Setup"],"picked":"Deflect","floor":11},{"not_picked":["Blade Dance","Slice"],"picked":"Noxious Fumes","floor":12},{"not_picked":["Riddle With Holes","Noxious Fumes","Terror"],"picked":"SKIP","floor":14},{"not_picked":["Bullet Time","Storm of Steel"],"picked":"Glass Knife","floor":16},{"not_picked":["Escape Plan","Acrobatics"],"picked":"Backflip","floor":18},{"not_picked":["Blade Dance","Calculated Gamble+1"],"picked":"Backflip","floor":19},{"not_picked":["Eviscerate+1","Riddle With Holes"],"picked":"Cloak And Dagger","floor":27},{"not_picked":["PiercingWail","Slice"],"picked":"Backflip","floor":28},{"not_picked":["Bane","Poisoned Stab+1","Accuracy"],"picked":"SKIP","floor":30},{"not_picked":["Flying Knee","Eviscerate"],"picked":"Terror","floor":31},{"not_picked":["Unload","Wraith Form v2"],"picked":"Corpse Explosion","floor":33},{"not_picked":["Calculated Gamble+1","Eviscerate","Setup"],"picked":"SKIP","floor":35},{"not_picked":["Caltrops","Outmaneuver+1","Bane"],"picked":"SKIP","floor":37},{"not_picked":["Predator","Quick Slash"],"picked":"Dodge and Roll","floor":39},{"not_picked":["Mayhem","PanicButton"],"picked":"Apotheosis","floor":42},{"not_picked":["Bandage Up","PanicButton"],"picked":"Master of Strategy","floor":42},{"not_picked":["Dagger Spray+1","Flechettes"],"picked":"Dodge and Roll","floor":47}],"player_experience":1782902,"relics_obtained":[{"floor":9,"key":"Centennial Puzzle"},{"floor":11,"key":"Dodecahedron"},{"floor":26,"key":"Bronze Scales"},{"floor":30,"key":"Shovel"},{"floor":36,"key":"Old Coin"},{"floor":43,"key":"Bottled Lightning"},{"floor":48,"key":"Gremlin Horn"}],"event_choices":[{"damage_healed":0,"gold_gain":0,"player_choice":"Leave","damage_taken":0,"max_hp_gain":0,"max_hp_loss":0,"event_name":"The Cleric","floor":4,"gold_loss":0},{"damage_healed":0,"gold_gain":0,"player_choice":"0 cards matched","damage_taken":0,"max_hp_gain":0,"max_hp_loss":0,"event_name":"Match and Keep!","floor":13,"gold_loss":0,"cards_obtained":[]},{"damage_healed":0,"gold_gain":50,"player_choice":"Stole From Cult","damage_taken":0,"max_hp_gain":0,"max_hp_loss":0,"event_name":"Nest","floor":25,"gold_loss":0},{"damage_healed":0,"gold_gain":0,"player_choice":"Fight","damage_taken":0,"max_hp_gain":0,"max_hp_loss":0,"event_name":"MindBloom","floor":36,"gold_loss":0},{"damage_healed":0,"gold_gain":0,"player_choice":"Max HP","damage_taken":0,"max_hp_gain":0,"max_hp_loss":3,"event_name":"Winding Halls","floor":38,"gold_loss":0},{"damage_healed":0,"gold_gain":0,"player_choice":"Memory 2","damage_taken":5,"max_hp_gain":0,"max_hp_loss":0,"event_name":"SensoryStone","floor":42,"gold_loss":0},{"damage_healed":0,"gold_gain":0,"player_choice":"Ignored","damage_taken":0,"max_hp_gain":0,"max_hp_loss":0,"event_name":"Tomb of Lord Red Mask","floor":44,"gold_loss":0}],"is_beta":true,"boss_relics":[{"not_picked":["Tiny House","Black Star"],"picked":"Fusion Hammer"},{"not_picked":["Philosopher\u0027s Stone","Busted Crown"],"picked":"Sozu"}],"items_purged_floors":[3,46],"is_endless":false,"potions_floor_spawned":[1,5,12,14,18,33,36],"killed_by":"Donu and Deca","ascension_level":20}