{"gold_per_floor":[119,135,135,36,52,52,83,96,96,127,127,51,75,94,94,190,190,208,2,19,35,49,49,81,81,81,95,115,115,133,152,152,255,255,266,24,36,36,55,55,81,81,108,120,132,161,173,285,297,309],"floor_reached":51,"playtime":5583,"items_purged":[],"score":684,"play_id":"bb858479-1199-4ec3-98f0-5ef77cba8704","local_time":"20190121160831","is_ascension_mode":false,"campfire_choices":[{"data":"Spot Weakness","floor":6.0,"key":"SMITH"},{"data":"Bash","floor":11.0,"key":"SMITH"},{"data":"Shockwave","floor":15.0,"key":"SMITH"},{"data":"Disarm","floor":23.0,"key":"SMITH"},{"data":"Uppercut","floor":25.0,"key":"SMITH"},{"data":"True Grit","floor":29.0,"key":"SMITH"},{"data":"Juggernaut","floor":32.0,"key":"SMITH"},{"data":"Exhume","floor":40.0,"key":"SMITH"},{"floor":42,"key":"REST"},{"data":"Sword Boomerang","floor":45,"key":"SMITH"},{"data":"Juggernaut","floor":49,"key":"SMITH"}],"neow_cost":"NONE","seed_source_timestamp":0,"circlet_count":0,"master_deck":["Strike_R","Strike_R","Strike_R","Strike_R","Strike_R","Defend_R","Defend_R","Defend_R","Defend_R","Bash+1","Sword Boomerang+1","True Grit+1","Spot Weakness+1","Pommel Strike","Shockwave+1","Uppercut+1","Disarm+1","Immolate","Flame Barrier","Shrug It Off","Shrug It Off","Entrench","Battle Trance","Juggernaut+1","Juggernaut+1","Corruption+1","Exhume+1","Armaments+1","Anger+1","Battle Trance","Discovery","Secret Technique","Madness","Pommel Strike+1"],"special_seed":0,"relics":["Burning Blood","Meat on the Bone","Pantograph","Paper Frog","Odd Mushroom","Mark of Pain","HandDrill","Bottled Flame","Orichalcum","Philosopher\u0027s Stone","Strange Spoon","Dream Catcher","MawBank","Mango"],"potions_floor_usage":[],"damage_taken":[{"damage":3.0,"enemies":"Small Slimes","floor":1.0,"turns":3.0},{"damage":6.0,"enemies":"Jaw Worm","floor":2.0,"turns":3.0},{"damage":6.0,"enemies":"Cultist","floor":5.0,"turns":3.0},{"damage":23.0,"enemies":"3 Sentries","floor":7.0,"turns":7.0},{"damage":16.0,"enemies":"2 Fungi Beasts","floor":8.0,"turns":3.0},{"damage":22.0,"enemies":"Gremlin Nob","floor":10.0,"turns":4.0},{"damage":14.0,"enemies":"The Mushroom Lair","floor":13.0,"turns":3.0},{"damage":4.0,"enemies":"Blue Slaver","floor":14.0,"turns":3.0},{"damage":41.0,"enemies":"Hexaghost","floor":16.0,"turns":9.0},{"damage":22.0,"enemies":"Spheric Guardian","floor":18.0,"turns":5.0},{"damage":13.0,"enemies":"Shell Parasite","floor":20.0,"turns":3.0},{"damage":13.0,"enemies":"Centurion and Healer","floor":21.0,"turns":6.0},{"damage":9.0,"enemies":"Shelled Parasite and Fungi","floor":22.0,"turns":4.0},{"damage":29.0,"enemies":"Slavers","floor":24.0,"turns":3.0},{"damage":0.0,"enemies":"Snecko","floor":27.0,"turns":5.0},{"damage":0.0,"enemies":"Cultist and Chosen","floor":28.0,"turns":4.0},{"damage":8.0,"enemies":"Centurion and Healer","floor":30.0,"turns":5.0},{"damage":0.0,"enemies":"Snecko","floor":31.0,"turns":5.0},{"damage":71.0,"enemies":"Collector","floor":33.0,"turns":11.0},{"damage":12.0,"enemies":"3 Shapes","floor":35.0,"turns":1.0},{"damage":2.0,"enemies":"Orb Walker","floor":37.0,"turns":4.0},{"damage":21.0,"enemies":"Maw","floor":39.0,"turns":7.0},{"damage":63.0,"enemies":"Reptomancer","floor":41.0,"turns":6.0},{"damage":27,"enemies":"Sphere and 2 Shapes","floor":46,"turns":5},{"damage":0,"enemies":"Mind Bloom Boss Battle","floor":48,"turns":4},{"damage":73,"enemies":"Donu and Deca","floor":50,"turns":9}],"seed_played":"-1972314386283886473","potions_obtained":[{"floor":1.0,"key":"Regen Potion"},{"floor":2.0,"key":"Energy Potion"},{"floor":10.0,"key":"LiquidBronze"},{"floor":13.0,"key":"PowerPotion"},{"floor":16.0,"key":"Block Potion"},{"floor":22.0,"key":"Ancient Potion"},{"floor":24.0,"key":"Block Potion"},{"floor":30.0,"key":"Weak Potion"},{"floor":31.0,"key":"Weak Potion"},{"floor":33.0,"key":"Regen Potion"}],"is_trial":false,"path_per_floor":["M","M","?","$","M","R","E","M","T","E","R","$","?","M","R","B",null,"M","$","M","M","M","R","E","R","T","M","M","R","M","M","R","B",null,"M","$","M","?","M","R","E","R","T","$","R","M","?","?","R","B",null],"character_chosen":"IRONCLAD","items_purchased":["Sword Boomerang","True Grit","Uppercut","HandDrill","Corruption","Strange Spoon"],"campfire_rested":1,"item_purchase_floors":[4,4,12,19,36,36],"current_hp_per_floor":[88,88,88,88,88,88,71,61,61,54,54,54,58,60,60,62,88,72,72,65,58,55,55,44,44,44,62,68,68,66,72,72,35,88,82,82,86,86,71,71,38,64,64,64,64,55,45,90,90,47],"gold":321,"neow_bonus":"TEN_PERCENT_HP_BONUS","is_prod":false,"is_daily":false,"chose_seed":false,"campfire_upgraded":10,"win_rate":0,"timestamp":1548104911,"path_taken":["M","M","?","$","M","R","E","M","T","E","R","$","?","M","R","BOSS","M","$","M","M","M","R","E","R","T","M","M","R","M","M","R","BOSS","M","$","M","?","M","R","E","R","T","$","R","?","?","?","R","BOSS"],"build_version":"2019-01-17v2","purchased_purges":0,"victory":true,"max_hp_per_floor":[88,88,88,88,88,88,88,88,88,88,88,88,88,88,88,88,88,88,88,88,88,88,88,88,88,88,88,88,88,88,88,88,88,88,88,88,88,88,88,88,88,88,88,88,88,88,88,102,102,102],"card_choices":[{"not_picked":["Dual Wield","Second Wind","Burning Pact"],"picked":"SKIP","floor":1.0},{"not_picked":["Body Slam","Headbutt","Warcry"],"picked":"SKIP","floor":2.0},{"not_picked":["Iron Wave","Whirlwind"],"picked":"Spot Weakness","floor":5.0},{"not_picked":["Pummel","Heavy Blade"],"picked":"Pommel Strike","floor":7.0},{"not_picked":["Pummel","Cleave"],"picked":"Shockwave","floor":8.0},{"not_picked":["Iron Wave","Havoc","Twin Strike"],"picked":"SKIP","floor":10.0},{"not_picked":["Cleave","Wild Strike"],"picked":"Disarm","floor":14.0},{"not_picked":["Impervious","Fiend Fire"],"picked":"Immolate","floor":16.0},{"not_picked":["Havoc","Thunderclap"],"picked":"Flame Barrier","floor":18.0},{"not_picked":["Cleave","Headbutt"],"picked":"Shrug It Off","floor":20.0},{"not_picked":["True Grit","Armaments"],"picked":"Shrug It Off","floor":21.0},{"not_picked":["Anger","Perfected Strike","Twin Strike"],"picked":"SKIP","floor":22.0},{"not_picked":["Infernal Blade","Havoc"],"picked":"Entrench","floor":24.0},{"not_picked":["Havoc","Headbutt","Bloodletting"],"picked":"SKIP","floor":27.0},{"not_picked":["Thunderclap","Iron Wave","Sword Boomerang"],"picked":"SKIP","floor":28.0},{"not_picked":["Seeing Red","Twin Strike"],"picked":"Battle Trance","floor":30.0},{"not_picked":["Intimidate","Clash"],"picked":"Juggernaut","floor":31.0},{"not_picked":["Limit Break","Dark Embrace"],"picked":"Juggernaut","floor":33.0},{"not_picked":["Thunderclap","Warcry","Second Wind"],"picked":"SKIP","floor":35.0},{"not_picked":["Headbutt","Perfected Strike","Havoc"],"picked":"SKIP","floor":37.0},{"not_picked":["Shrug It Off","Wild Strike+1"],"picked":"Exhume","floor":39.0},{"not_picked":["Shrug It Off","Havoc+1"],"picked":"Armaments+1","floor":41.0},{"not_picked":["Double Tap","Pommel Strike"],"picked":"Anger+1","floor":42},{"not_picked":["Body Slam","Perfected Strike"],"picked":"Battle Trance","floor":46},{"not_picked":["Madness","Magnetism"],"picked":"Discovery","floor":47},{"not_picked":["The Bomb","Panache"],"picked":"Secret Technique","floor":47},{"not_picked":["Enlightenment","Sadistic Nature"],"picked":"Madness","floor":47},{"not_picked":["Perfected Strike+1","Armaments"],"picked":"Pommel Strike+1","floor":48}],"player_experience":111133,"relics_obtained":[{"floor":7.0,"key":"Meat on the Bone"},{"floor":9.0,"key":"Pantograph"},{"floor":10.0,"key":"Paper Frog"},{"floor":13.0,"key":"Odd Mushroom"},{"floor":24.0,"key":"Bottled Flame"},{"floor":26.0,"key":"Orichalcum"},{"floor":41.0,"key":"Dream Catcher"},{"floor":43,"key":"MawBank"},{"floor":48,"key":"Mango"}],"event_choices":[{"damage_healed":0.0,"max_hp_gain":0.0,"max_hp_loss":0.0,"gold_gain":0.0,"event_name":"The Cleric","player_choice":"Leave","floor":3.0,"gold_loss":0.0,"damage_taken":0.0},{"damage_healed":0.0,"max_hp_gain":0.0,"max_hp_loss":0.0,"gold_gain":0.0,"event_name":"Mushrooms","player_choice":"Fought Mushrooms","floor":13.0,"gold_loss":0.0,"damage_taken":0.0},{"damage_healed":0.0,"max_hp_gain":0.0,"max_hp_loss":0.0,"gold_gain":0.0,"event_name":"Upgrade Shrine","player_choice":"Upgraded","floor":38.0,"gold_loss":0.0,"damage_taken":0.0,"cards_upgraded":["Corruption"]},{"damage_healed":0,"gold_gain":0,"player_choice":"Memory 3","damage_taken":10,"max_hp_gain":0,"max_hp_loss":0,"event_name":"SensoryStone","floor":47,"gold_loss":0},{"damage_healed":0,"gold_gain":0,"player_choice":"Fight","damage_taken":0,"max_hp_gain":0,"max_hp_loss":0,"event_name":"MindBloom","floor":48,"gold_loss":0}],"is_beta":false,"boss_relics":[{"not_picked":["Empty Cage","Cursed Key"],"picked":"Mark of Pain"},{"not_picked":["White Beast Statue","Calling Bell"],"picked":"Philosopher\u0027s Stone"}],"items_purged_floors":[],"is_endless":false,"potions_floor_spawned":[1,2,10,13,16,22,24,30,31,33,35,37],"ascension_level":0}