{"gold_per_floor":[119,26,26,26,41,41,41,66,78,90,118,156,168,196,208,316,328,350,277,289,301],"floor_reached":21,"playtime":1195,"items_purged":[],"score":210,"play_id":"61d62869-099c-4268-bc7f-3df611ee1d97","local_time":"20190122001145","is_ascension_mode":false,"campfire_choices":[{"data":"Ball Lightning","floor":6,"key":"SMITH"},{"data":"Electrodynamics","floor":10,"key":"SMITH"},{"floor":15,"key":"REST"}],"neow_cost":"NONE","seed_source_timestamp":692441192390505,"circlet_count":0,"master_deck":["Defend_B","Defend_B+1","Defend_B","Defend_B","Zap+1","Dualcast","Hologram","Capacitor+1","Coolheaded","Ball Lightning+1","Electrodynamics+1","Hologram","Buffer","Thunder Strike","Compile Driver","Bite","Bite","Bite","Bite","Bite"],"relics":["Cracked Core","War Paint","MawBank","Juzu Bracelet","Gremlin Horn","Runic Pyramid","The Courier"],"potions_floor_usage":[16,16],"damage_taken":[{"damage":0,"enemies":"Small Slimes","floor":1,"turns":3},{"damage":0,"enemies":"Cultist","floor":5,"turns":4},{"damage":14,"enemies":"3 Sentries","floor":8,"turns":6},{"damage":0,"enemies":"2 Louse","floor":11,"turns":2},{"damage":30,"enemies":"Gremlin Nob","floor":12,"turns":4},{"damage":3,"enemies":"2 Fungi Beasts","floor":14,"turns":3},{"damage":20,"enemies":"The Guardian","floor":16,"turns":11},{"damage":43,"enemies":"2 Thieves","floor":18,"turns":4},{"damage":34,"enemies":"3 Byrds","floor":21,"turns":3}],"seed_played":"1881948169587897373","potions_obtained":[{"floor":8,"key":"Strength Potion"},{"floor":12,"key":"Poison Potion"},{"floor":16,"key":"GamblersBrew"}],"is_trial":false,"path_per_floor":["M","$","?","$","M","R","$","E","T","R","M","E","$","M","R","B",null,"M","?","?","M"],"character_chosen":"DEFECT","items_purchased":["Capacitor","Coolheaded"],"campfire_rested":1,"item_purchase_floors":[2,2],"current_hp_per_floor":[75,75,75,75,75,75,75,61,61,61,61,31,31,28,50,30,75,32,32,32,0],"gold":301,"neow_bonus":"RANDOM_COMMON_RELIC","is_prod":false,"is_daily":false,"chose_seed":false,"campfire_upgraded":2,"win_rate":0,"timestamp":1548133905,"path_taken":["M","$","?","$","M","R","?","E","T","R","M","E","$","M","R","BOSS","M","?","?","M"],"build_version":"2019-01-17v2","purchased_purges":0,"victory":false,"max_hp_per_floor":[75,75,75,75,75,75,75,75,75,75,75,75,75,75,75,75,75,75,75,52,52],"card_choices":[{"not_picked":["Gash","Steam"],"picked":"Hologram","floor":1},{"not_picked":["Stack","Compile Driver"],"picked":"Ball Lightning","floor":5},{"not_picked":["Heatsinks","Sunder"],"picked":"Electrodynamics","floor":8},{"not_picked":["Beam Cell","Steam","Streamline"],"picked":"SKIP","floor":11},{"not_picked":["Stack","Beam Cell"],"picked":"Hologram","floor":12},{"not_picked":["Rebound","Steam"],"picked":"Buffer","floor":14},{"not_picked":["Biased Cognition","All For One"],"picked":"Thunder Strike","floor":16},{"not_picked":["Double Energy","Redo"],"picked":"Compile Driver","floor":18}],"player_experience":134683,"relics_obtained":[{"floor":8,"key":"MawBank"},{"floor":9,"key":"Juzu Bracelet"},{"floor":12,"key":"Gremlin Horn"}],"event_choices":[{"damage_healed":0,"gold_gain":0,"player_choice":"Upgraded","damage_taken":0,"max_hp_gain":0,"max_hp_loss":0,"event_name":"Upgrade Shrine","floor":3,"gold_loss":0,"cards_upgraded":["Capacitor"]},{"damage_healed":0,"gold_gain":0,"player_choice":"Obtained Relic","damage_taken":0,"relics_obtained":["The Courier"],"max_hp_gain":0,"max_hp_loss":0,"event_name":"Addict","floor":19,"gold_loss":85},{"damage_healed":0,"gold_gain":0,"player_choice":"Became a vampire","damage_taken":0,"max_hp_gain":0,"max_hp_loss":23,"event_name":"Vampires","floor":20,"gold_loss":0,"cards_obtained":["Bite","Bite","Bite","Bite","Bite"]}],"is_beta":false,"boss_relics":[{"not_picked":["Eternal Feather","Busted Crown"],"picked":"Runic Pyramid"}],"items_purged_floors":[],"is_endless":false,"potions_floor_spawned":[8,12,16],"killed_by":"3 Byrds","ascension_level":0}