{"path_per_floor":["M","?","?","$","?","R","M","?","T","R","M","M","E","M","R","B",null,"M","$","T","M","M","R","M","?","T","R","$","?","M","M","R","B",null,"M","?","?","M","$","R","M","R","T","R","M"],"character_chosen":"DEFECT","items_purchased":["Mummified Hand","Redo"],"gold_per_floor":[110,110,110,35,35,35,53,53,79,79,104,123,161,177,177,305,305,296,44,44,68,87,87,100,100,100,100,0,0,18,34,34,157,157,170,170,170,185,37,37,52,52,79,79,100,100],"floor_reached":46,"campfire_rested":3,"playtime":2827,"item_purchase_floors":[19,39],"current_hp_per_floor":[74,67,49,49,49,49,49,49,49,56,56,46,28,19,56,24,76,41,41,41,41,38,38,43,43,43,43,43,43,11,11,47,43,73,28,28,28,16,16,52,46,46,46,46,12,0],"items_purged":["Strike_B","Normality","Strike_B"],"gold":100,"score":420,"play_id":"e8b6f5c0-bd26-4717-b43f-11dca846b347","local_time":"20180530163658","is_prod":false,"is_daily":false,"chose_seed":false,"is_ascension_mode":false,"campfire_upgraded":0,"win_rate":0,"timestamp":1527665818,"campfire_choices":[{"floor":6,"key":"DIG"},{"floor":10,"key":"DIG"},{"floor":15,"key":"REST"},{"floor":23,"key":"DIG"},{"floor":27,"key":"DIG"},{"floor":32,"key":"REST"},{"floor":40,"key":"REST"},{"floor":42,"key":"DIG"},{"floor":44,"key":"DIG"}],"path_taken":["M","?","?","$","?","R","?","?","T","R","M","?","E","M","R","BOSS","M","$","?","M","M","R","M","?","T","R","$","?","M","M","R","BOSS","M","?","?","M","$","R","M","R","T","R","M","M"],"build_version":"2018-05-28","seed_source_timestamp":62420350614519,"purchased_purges":3,"victory":false,"master_deck":["Strike_B","Defend_B","Defend_B","Defend_B","Defend_B","Zap","Dualcast","Barrage","Echo Form","Defragment","Hello World","Glacier","Melter","White Noise","Rainbow+1","Go for the Eyes","Defragment","Turbo","Double Energy","Ball Lightning","Multi-Cast","Hello World+1","Redo","Redo","Redo+1","Buffer"],"max_hp_per_floor":[75,75,75,75,69,69,69,69,69,76,76,76,76,76,76,76,76,76,76,76,76,76,76,76,76,76,76,76,73,73,73,73,73,73,73,73,73,73,73,73,73,73,73,73,73,73],"relics":["Cracked Core","Shovel","Bronze Scales","Golden Idol","Regal Pillow","Omamori","Strawberry","Symbiotic Virus","Calling Bell","Bag of Marbles","Gremlin Horn","Ginger","Mummified Hand","Orichalcum","Letter Opener","Pantograph","Juzu Bracelet","Philosopher\u0027s Stone","Bottled Lightning","Vajra","Anchor"],"card_choices":[{"not_picked":["Cold Snap","Streamline","Lockon"],"picked":"SKIP","floor":1},{"not_picked":["Sunder","Leap"],"picked":"Barrage","floor":7},{"not_picked":["Compile Driver","Cold Snap"],"picked":"Hello World","floor":11},{"not_picked":["Rebound","Hello World"],"picked":"Glacier","floor":12},{"not_picked":["Cold Snap","Stack"],"picked":"Melter","floor":13},{"not_picked":["Hologram","Rebound"],"picked":"White Noise","floor":14},{"not_picked":["Machine Learning","Amplify"],"picked":"Rainbow","floor":16},{"not_picked":["Sunder","Hologram"],"picked":"Go for the Eyes","floor":18},{"not_picked":["Double Energy+1","Scrape"],"picked":"Defragment","floor":21},{"not_picked":["Reinforced Body+1","Thunder Strike"],"picked":"Turbo","floor":22},{"not_picked":["Lockon","Hologram+1"],"picked":"Double Energy","floor":24},{"not_picked":["Barrage","Rebound+1"],"picked":"Ball Lightning","floor":30},{"not_picked":["Hologram+1","Stack","Streamline"],"picked":"SKIP","floor":31},{"not_picked":["Core Surge","Electrodynamics"],"picked":"Multi-Cast","floor":33},{"not_picked":["Go for the Eyes","Leap"],"picked":"Hello World+1","floor":35},{"not_picked":["Tempest","Cold Snap+1"],"picked":"Redo","floor":38},{"not_picked":["Chill","Reprogram+1"],"picked":"Redo+1","floor":41},{"not_picked":["Streamline+1","Ball Lightning+1"],"picked":"Buffer","floor":45}],"player_experience":204305,"potions_floor_usage":[16,33,35],"damage_taken":[{"damage":1,"enemies":"Jaw Worm","floor":1,"turns":4},{"damage":0,"enemies":"Small Slimes","floor":7,"turns":3},{"damage":0,"enemies":"2 Louse","floor":11,"turns":2},{"damage":10,"enemies":"Looter","floor":12,"turns":4},{"damage":18,"enemies":"3 Sentries","floor":13,"turns":8},{"damage":9,"enemies":"Large Slime","floor":14,"turns":4},{"damage":32,"enemies":"The Guardian","floor":16,"turns":9},{"damage":35,"enemies":"2 Thieves","floor":18,"turns":4},{"damage":0,"enemies":"Spheric Guardian","floor":21,"turns":3},{"damage":3,"enemies":"3 Cultists","floor":22,"turns":5},{"damage":2,"enemies":"Centurion and Healer","floor":24,"turns":7},{"damage":32,"enemies":"Slaver and Parasite","floor":30,"turns":3},{"damage":0,"enemies":"Sentry and Sphere","floor":31,"turns":3},{"damage":29,"enemies":"Champ","floor":33,"turns":10},{"damage":45,"enemies":"3 Darklings","floor":35,"turns":5},{"damage":12,"enemies":"Orb Walker","floor":38,"turns":3},{"damage":6,"enemies":"Transient","floor":41,"turns":5},{"damage":34,"enemies":"Maw","floor":45,"turns":6},{"damage":21,"enemies":"Spire Growth","floor":46,"turns":2}],"relics_obtained":[{"floor":6,"key":"Regal Pillow"},{"floor":9,"key":"Omamori"},{"floor":10,"key":"Strawberry"},{"floor":13,"key":"Symbiotic Virus"},{"floor":17,"key":"Bag of Marbles"},{"floor":17,"key":"Gremlin Horn"},{"floor":17,"key":"Ginger"},{"floor":20,"key":"Orichalcum"},{"floor":23,"key":"Letter Opener"},{"floor":26,"key":"Pantograph"},{"floor":27,"key":"Juzu Bracelet"},{"floor":42,"key":"Bottled Lightning"},{"floor":43,"key":"Vajra"},{"floor":44,"key":"Anchor"}],"event_choices":[{"event_name":"Golden Wing","player_choice":"Card Removal","floor":2,"damage_taken":0},{"event_name":"Scrap Ooze","player_choice":"success","floor":3,"damage_taken":18},{"event_name":"Golden Idol","player_choice":"Lose Max HP","floor":5,"damage_taken":0},{"event_name":"Match and Keep!","player_choice":"3 cards matched","floor":8,"damage_taken":0},{"event_name":"Drug Dealer","player_choice":"Ignored","floor":25,"damage_taken":0},{"event_name":"Back to Basics","player_choice":"Elegance","floor":29,"damage_taken":0},{"event_name":"Purifier","player_choice":"One Purge","floor":36,"damage_taken":0},{"event_name":"Upgrade Shrine","player_choice":"Upgraded","floor":37,"damage_taken":0}],"boss_relics":[{"not_picked":["Lizard Tail","Black Star"],"picked":"Calling Bell"},{"not_picked":["Inserter","Astrolabe"],"picked":"Philosopher\u0027s Stone"}],"items_purged_floors":[4,28,39],"potions_floor_spawned":[11,12,16,21,31,33,41,45],"seed_played":"1026207466678587079","killed_by":"Spire Growth","ascension_level":0,"potions_obtained":[{"floor":11,"key":"GamblersBrew"},{"floor":12,"key":"Poison Potion"},{"floor":16,"key":"Strength Potion"},{"floor":21,"key":"SpeedPotion"},{"floor":31,"key":"SkillPotion"},{"floor":33,"key":"Block Potion"},{"floor":41,"key":"LiquidBronze"}],"is_trial":false}