{"gold_per_floor":[110,127,127,127,145,189,189,24,24,24,55,78,96,146,146,242,242,142,83,83,83],"floor_reached":21,"playtime":1736,"items_purged":[],"score":350,"play_id":"b8f40074-88ed-47ab-b0ae-c40e13c6f471","local_time":"20190204211447","is_ascension_mode":true,"campfire_choices":[{"floor":7.0,"key":"REST"},{"data":"Hemokinesis","floor":10.0,"key":"SMITH"},{"floor":15.0,"key":"REST"}],"neow_cost":"PERCENT_DAMAGE","seed_source_timestamp":0,"circlet_count":0,"master_deck":["AscendersBane","Strike_R","Strike_R","Strike_R","Strike_R","Strike_R","Defend_R","Defend_R","Defend_R","Defend_R","Bash","Demon Form","Hemokinesis+1","Pommel Strike","Injury","Iron Wave","Anger","Reaper","True Grit","Limit Break","Shockwave","Armaments"],"special_seed":0,"relics":["Burning Blood","Golden Idol","Kunai","Oddly Smooth Stone","Matryoshka","Anchor","Ectoplasm"],"potions_floor_usage":[],"damage_taken":[{"damage":11.0,"enemies":"Jaw Worm","floor":1.0,"turns":5.0},{"damage":13.0,"enemies":"Small Slimes","floor":2.0,"turns":4.0},{"damage":3.0,"enemies":"2 Louse","floor":5.0,"turns":2.0},{"damage":28.0,"enemies":"3 Sentries","floor":6.0,"turns":9.0},{"damage":28.0,"enemies":"Lagavulin","floor":11.0,"turns":6.0},{"damage":10.0,"enemies":"Lots of Slimes","floor":12.0,"turns":5.0},{"damage":0.0,"enemies":"2 Fungi Beasts","floor":13.0,"turns":4.0},{"damage":71.0,"enemies":"Hexaghost","floor":16.0,"turns":12.0},{"damage":19.0,"enemies":"2 Thieves","floor":18.0,"turns":5.0},{"damage":31.0,"enemies":"Spheric Guardian","floor":20.0,"turns":5.0},{"damage":36,"enemies":"Snecko","floor":21,"turns":6}],"seed_played":"-7682326583621024523","potions_obtained":[{"floor":2.0,"key":"SteroidPotion"},{"floor":6.0,"key":"LiquidBronze"},{"floor":11.0,"key":"EssenceOfSteel"},{"floor":12.0,"key":"Poison Potion"},{"floor":13.0,"key":"Regen Potion"}],"is_trial":false,"path_per_floor":["M","M","?","?","M","E","R","$","T","R","E","M","M","?","R","B",null,"M","$","M","M"],"character_chosen":"IRONCLAD","items_purchased":["Oddly Smooth Stone","Armaments"],"campfire_rested":2,"item_purchase_floors":[8,19],"current_hp_per_floor":[45,38,38,38,41,19,41,41,41,41,19,21,35,35,57,11,59,54,54,29,0],"gold":83,"neow_bonus":"THREE_RARE_CARDS","is_prod":false,"is_daily":false,"chose_seed":false,"campfire_upgraded":1,"win_rate":0,"timestamp":1549332887,"path_taken":["M","M","?","?","M","E","R","$","T","R","E","M","M","?","R","BOSS","M","$","M","?"],"build_version":"2019-01-23","purchased_purges":0,"victory":false,"max_hp_per_floor":[75,75,75,75,75,75,75,75,75,75,75,75,75,75,75,75,75,75,75,75,75],"card_choices":[{"not_picked":["Offering","Exhume"],"picked":"Demon Form","floor":0.0},{"not_picked":["Clash","Twin Strike"],"picked":"Hemokinesis","floor":1.0},{"not_picked":["Flex","Body Slam"],"picked":"Pommel Strike","floor":2.0},{"not_picked":["Thunderclap","Sever Soul"],"picked":"Iron Wave","floor":5.0},{"not_picked":["Exhume","Spot Weakness"],"picked":"Anger","floor":6.0},{"not_picked":["Wild Strike","Cleave"],"picked":"Reaper","floor":11.0},{"not_picked":["Wild Strike","Rage"],"picked":"True Grit","floor":12.0},{"not_picked":["Rage","Anger","Clash"],"picked":"SKIP","floor":13.0},{"not_picked":["Bludgeon","Dark Embrace"],"picked":"Limit Break","floor":16.0},{"not_picked":["Perfected Strike","Dual Wield"],"picked":"Shockwave","floor":18.0},{"not_picked":["Headbutt","Clash","Anger+1"],"picked":"SKIP","floor":20.0}],"player_experience":417009,"relics_obtained":[{"floor":6.0,"key":"Kunai"},{"floor":9.0,"key":"Matryoshka"},{"floor":11.0,"key":"Anchor"}],"event_choices":[{"damage_healed":0.0,"max_hp_gain":0.0,"max_hp_loss":0.0,"gold_gain":0.0,"event_name":"Golden Idol","player_choice":"Take Wound","floor":3.0,"gold_loss":0.0,"damage_taken":0.0,"relics_obtained":["Golden Idol"],"cards_obtained":["Injury"]},{"damage_healed":0.0,"max_hp_gain":0.0,"max_hp_loss":0.0,"gold_gain":0.0,"event_name":"Scrap Ooze","player_choice":"Fled","floor":4.0,"gold_loss":0.0,"damage_taken":0.0},{"damage_healed":0.0,"max_hp_gain":0.0,"max_hp_loss":0.0,"gold_gain":50.0,"event_name":"Golden Shrine","player_choice":"Pray","floor":14.0,"gold_loss":0.0,"damage_taken":0.0}],"is_beta":false,"boss_relics":[{"not_picked":["Black Star","Empty Cage"],"picked":"Ectoplasm"}],"items_purged_floors":[],"is_endless":false,"potions_floor_spawned":[2,6,11,12,13],"killed_by":"Snecko","ascension_level":17}