{"gold_per_floor":[117,117,45,56,131,131,231,231,231,249,265,292,169,169,169,264,264,277,327,394,407,457,482,532,617,617,478,478],"floor_reached":28,"playtime":865,"items_purged":["Strike_B"],"score":306,"play_id":"b7e40545-b6fb-4f39-94d3-7165469d6a5f","local_time":"20180914154700","is_ascension_mode":true,"campfire_choices":[{"data":"Zap","floor":6,"key":"SMITH"},{"data":"Dualcast","floor":8,"key":"SMITH"},{"data":"Scrape","floor":15,"key":"SMITH"}],"neow_cost":"TEN_PERCENT_HP_LOSS","seed_source_timestamp":67365148391219,"circlet_count":0,"master_deck":["Zap+1","Dualcast+1","All For One","Go for the Eyes","Gash","Go for the Eyes","Stack","Reprogram","Steam","Scrape+1","Turbo","Hyperbeam","Lockon","Turbo","Undo","Aggregate","Go for the Eyes","BootSequence+1","Melter","Gash","Beam Cell","Gash+1","Core Surge","Go for the Eyes"],"relics":["Cracked Core","Symbiotic Virus","Torii","SsserpentHead","Pandora\u0027s Box","Blood Vial","Pen Nib","Red Mask","Incense Burner"],"potions_floor_usage":[23,23],"damage_taken":[{"damage":2,"enemies":"Jaw Worm","floor":1,"turns":3},{"damage":1,"enemies":"2 Louse","floor":4,"turns":2},{"damage":0,"enemies":"Cultist","floor":10,"turns":3},{"damage":4,"enemies":"2 Fungi Beasts","floor":11,"turns":2},{"damage":7,"enemies":"Lagavulin","floor":12,"turns":5},{"damage":36,"enemies":"Slime Boss","floor":16,"turns":10},{"damage":9,"enemies":"Shell Parasite","floor":18,"turns":4},{"damage":11,"enemies":"Spheric Guardian","floor":20,"turns":3},{"damage":14,"enemies":"Snake Plant","floor":21,"turns":4},{"damage":12,"enemies":"Slavers","floor":23,"turns":4},{"damage":23,"enemies":"Masked Bandits","floor":25,"turns":4},{"damage":7,"enemies":"Shelled Parasite and Fungi","floor":28,"turns":2}],"seed_played":"4815422475802116443","potions_obtained":[{"floor":1,"key":"Poison Potion"},{"floor":4,"key":"Strength Potion"},{"floor":12,"key":"Explosive Potion"},{"floor":23,"key":"FearPotion"}],"is_trial":false,"path_per_floor":["M","?","$","M","?","R","?","R","T","M","M","E","$","?","R","B",null,"M","?","M","M","?","E","?","?","T","$"],"character_chosen":"DEFECT","items_purchased":["Gash","Go for the Eyes","Turbo","Core Surge","Go for the Eyes"],"campfire_rested":0,"item_purchase_floors":[3,3,13,27,27],"current_hp_per_floor":[66,66,66,65,54,54,54,54,54,54,50,43,43,43,43,7,68,59,59,48,34,34,22,22,1,1,1,0],"gold":478,"neow_bonus":"THREE_RARE_CARDS","is_prod":false,"is_daily":false,"chose_seed":false,"campfire_upgraded":3,"win_rate":0,"timestamp":1536907620,"path_taken":["M","?","$","M","?","R","?","R","T","?","M","E","$","?","R","BOSS","M","?","?","M","?","E","?","?","T","?","M"],"build_version":"2018-09-12","purchased_purges":1,"victory":false,"max_hp_per_floor":[68,68,68,68,68,68,68,68,68,68,68,68,68,68,68,68,68,68,68,68,68,68,68,68,68,68,68,68],"card_choices":[{"not_picked":["Creative AI","Reboot"],"picked":"All For One","floor":0},{"not_picked":["Force Field","Sunder"],"picked":"Go for the Eyes","floor":1},{"not_picked":["Steam Power","Undo"],"picked":"Stack","floor":4},{"not_picked":["Stack","Leap"],"picked":"Reprogram","floor":10},{"not_picked":["Glacier","Streamline"],"picked":"Steam","floor":11},{"not_picked":["Capacitor","Chill"],"picked":"Scrape","floor":12},{"not_picked":["Core Surge","Thunder Strike"],"picked":"Hyperbeam","floor":16},{"not_picked":["Melter","Static Discharge+1"],"picked":"BootSequence+1","floor":18},{"not_picked":["Coolheaded","Turbo"],"picked":"Melter","floor":20},{"not_picked":["Redo+1","Cold Snap"],"picked":"Gash","floor":21},{"not_picked":["Stack","Skim+1"],"picked":"Beam Cell","floor":23},{"not_picked":["Aggregate","Rebound"],"picked":"Gash+1","floor":25}],"player_experience":423941,"relics_obtained":[{"floor":9,"key":"Symbiotic Virus"},{"floor":12,"key":"Torii"},{"floor":23,"key":"Blood Vial"},{"floor":25,"key":"Red Mask"},{"floor":26,"key":"Incense Burner"}],"event_choices":[{"event_name":"Living Wall","player_choice":"Forget","floor":2,"damage_taken":0},{"event_name":"World of Goop","player_choice":"Gather Gold","floor":5,"damage_taken":0},{"event_name":"Golden Shrine","player_choice":"Pray","floor":7,"damage_taken":0},{"event_name":"FaceTrader","player_choice":"Trade","floor":14,"damage_taken":0},{"event_name":"Vampires","player_choice":"Ignored","floor":19,"damage_taken":0},{"event_name":"Back to Basics","player_choice":"Elegance","floor":22,"damage_taken":0},{"event_name":"The Mausoleum","player_choice":"Yes","floor":24,"damage_taken":0},{"event_name":"Masked Bandits","player_choice":"Fought Bandits","floor":25,"damage_taken":0}],"is_beta":true,"boss_relics":[{"not_picked":["Philosopher\u0027s Stone","Ectoplasm"],"picked":"Pandora\u0027s Box"}],"items_purged_floors":[13],"is_endless":false,"potions_floor_spawned":[1,4,12,18,23],"killed_by":"Shelled Parasite and Fungi","ascension_level":4}