{"gold_per_floor":[114,114,130,154,165,165,197,197,223,243,258,13,0,16,16,117,167,177,191,23,23,123,148,164,189,189,206,216,233,233,2,2,98,98,110,110,110,120,120,120,137,150,174,174,194,194,207,224,224,224,224,224,19,51,51],"floor_reached":55,"playtime":3670,"items_purged":["Defend_B"],"score":1134,"play_id":"27bce654-baed-4d44-8adf-8e9c938d4101","local_time":"20181228183327","is_ascension_mode":true,"campfire_choices":[{"data":"Ball Lightning","floor":6,"key":"SMITH"},{"data":"White Noise","floor":8,"key":"SMITH"},{"floor":15,"key":"REST"},{"data":"Fission","floor":30,"key":"SMITH"},{"data":"Echo Form","floor":32,"key":"SMITH"},{"data":"Double Energy","floor":40,"key":"SMITH"},{"floor":46,"key":"RECALL"},{"data":"Chill","floor":49,"key":"SMITH"},{"data":"Recycle","floor":52,"key":"SMITH"}],"neow_cost":"NONE","seed_source_timestamp":86142293973724,"circlet_count":0,"master_deck":["AscendersBane","Defend_B+1","Defend_B","Defend_B","Zap+1","Dualcast+1","Ball Lightning+1","Leap","Conserve Battery","White Noise+1","Coolheaded","Fission+1","Double Energy+1","Hologram","Core Surge","Chill","Capacitor","Bite","Bite","Bite","Bite","Bite","Skim","Hologram","Echo Form+1","Recycle+1","Defragment","Purity","Biased Cognition","Madness","Defragment","Chill+1","Coolheaded+1"],"relics":["Cracked Core","NeowsBlessing","Regal Pillow","Dead Branch","Bronze Scales","Membership Card","Tiny House","Incense Burner","Gambling Chip","Omamori","Cables","Ginger","Inserter","Letter Opener","Happy Flower"],"potions_floor_usage":[7,10,16,27,27,27,33,48,50,54,55],"damage_taken":[{"damage":0,"enemies":"Jaw Worm","floor":1,"turns":1},{"damage":0,"enemies":"Cultist","floor":3,"turns":1},{"damage":0,"enemies":"2 Louse","floor":5,"turns":1},{"damage":35,"enemies":"Gremlin Nob","floor":7,"turns":4},{"damage":6,"enemies":"Lots of Slimes","floor":10,"turns":2},{"damage":7,"enemies":"Red Slaver","floor":11,"turns":2},{"damage":0,"enemies":"Blue Slaver","floor":14,"turns":3},{"damage":24,"enemies":"Hexaghost","floor":16,"turns":9},{"damage":8,"enemies":"Shell Parasite","floor":18,"turns":5},{"damage":7,"enemies":"2 Thieves","floor":19,"turns":3},{"damage":30,"enemies":"Gremlin Leader","floor":23,"turns":7},{"damage":13,"enemies":"Cultist and Chosen","floor":24,"turns":4},{"damage":36,"enemies":"Book of Stabbing","floor":25,"turns":6},{"damage":7,"enemies":"Snake Plant","floor":27,"turns":3},{"damage":11,"enemies":"Sentry and Sphere","floor":28,"turns":5},{"damage":11,"enemies":"Centurion and Healer","floor":29,"turns":8},{"damage":50,"enemies":"Champ","floor":33,"turns":12},{"damage":0,"enemies":"3 Shapes","floor":35,"turns":6},{"damage":11,"enemies":"Orb Walker","floor":38,"turns":3},{"damage":12,"enemies":"Transient","floor":41,"turns":5},{"damage":0,"enemies":"3 Darklings","floor":42,"turns":2},{"damage":13,"enemies":"4 Shapes","floor":45,"turns":4},{"damage":18,"enemies":"Sphere and 2 Shapes","floor":47,"turns":4},{"damage":12,"enemies":"Maw","floor":48,"turns":5},{"damage":45,"enemies":"Awakened One","floor":50,"turns":20},{"damage":42,"enemies":"Shield and Spear","floor":54,"turns":7},{"damage":42,"enemies":"The Heart","floor":55,"turns":3}],"seed_played":"-4598217510368524883","potions_obtained":[{"floor":1,"key":"AttackPotion"},{"floor":3,"key":"Ancient Potion"},{"floor":7,"key":"AttackPotion"},{"floor":14,"key":"LiquidBronze"},{"floor":17,"key":"EntropicBrew"},{"floor":25,"key":"Energy Potion"},{"floor":28,"key":"Weak Potion"},{"floor":33,"key":"Poison Potion"},{"floor":47,"key":"SkillPotion"},{"floor":54,"key":"Fruit Juice"}],"is_trial":false,"path_per_floor":["M","?","M","T","M","R","E","R","T","M","M","$","?","M","R","B",null,"M","M","$","?","?","E","M","E","T","M","M","M","R","$","R","B",null,"M","?","?","M","?","R","M","M","T","?","M","R","M","M","R","B",null,"R","$","E","B"],"character_chosen":"DEFECT","items_purchased":["Membership Card","Double Energy","Incense Burner","Capacitor","Defragment","Purity","Ginger","Letter Opener","Regen Potion"],"campfire_rested":1,"item_purchase_floors":[12,12,20,20,31,31,31,53,53],"current_hp_per_floor":[68,53,53,53,53,53,18,18,18,12,5,5,5,5,42,18,66,58,51,51,51,51,41,40,18,18,19,18,31,31,31,31,1,42,50,50,50,51,51,51,46,50,50,55,47,47,39,33,33,24,48,48,48,33,0],"gold":51,"neow_bonus":"THREE_ENEMY_KILL","is_prod":false,"is_daily":false,"chose_seed":false,"campfire_upgraded":7,"win_rate":0,"timestamp":1546040007,"path_taken":["M","?","M","?","?","R","E","R","T","M","M","$","?","M","R","BOSS","M","M","$","?","?","E","M","E","T","M","M","?","R","?","R","BOSS","M","?","?","M","?","R","M","M","T","?","?","R","M","M","R","BOSS","R","$","E","BOSS"],"build_version":"2018-12-20","purchased_purges":1,"victory":false,"max_hp_per_floor":[75,75,75,75,75,75,75,75,75,75,75,75,75,75,75,75,80,80,80,80,56,56,56,56,56,56,56,56,56,56,56,56,56,56,56,56,56,56,56,56,56,56,56,56,56,56,56,56,56,56,56,56,56,56,61],"card_choices":[{"not_picked":["Hologram","Capacitor"],"picked":"Ball Lightning","floor":1},{"not_picked":["Tempest","Beam Cell"],"picked":"Leap","floor":3},{"not_picked":["Heatsinks","Compile Driver"],"picked":"Conserve Battery","floor":5},{"not_picked":["Ball Lightning","Skim"],"picked":"White Noise","floor":7},{"not_picked":["Rebound","Steam Power"],"picked":"Coolheaded","floor":10},{"not_picked":["Barrage","Cold Snap"],"picked":"Fission","floor":11},{"not_picked":["Go for the Eyes","Steam"],"picked":"Hologram","floor":14},{"not_picked":["Reboot","Rainbow"],"picked":"Core Surge","floor":16},{"not_picked":["Steam Power","Rebound"],"picked":"Chill","floor":17},{"not_picked":["Scrape+1","Ball Lightning","Beam Cell"],"picked":"SKIP","floor":18},{"not_picked":["Sweeping Beam","Steam"],"picked":"Streamline+1","floor":19},{"not_picked":["Stack","Leap"],"picked":"Skim","floor":23},{"not_picked":["Coolheaded","Stack"],"picked":"Hologram","floor":24},{"not_picked":["Turbo","Compile Driver"],"picked":"Echo Form","floor":25},{"not_picked":["Go for the Eyes","Coolheaded"],"picked":"Recycle","floor":27},{"not_picked":["Lockon+1","Streamline","Barrage"],"picked":"SKIP","floor":28},{"not_picked":["Leap","Gash","Compile Driver"],"picked":"SKIP","floor":29},{"not_picked":["Machine Learning","Meteor Strike"],"picked":"Biased Cognition","floor":33},{"not_picked":["Redo","Streamline","Doom and Gloom+1"],"picked":"SKIP","floor":35},{"not_picked":["Forethought","Purity"],"picked":"Madness","floor":36},{"not_picked":["Melter","Redo+1"],"picked":"Defragment","floor":38},{"not_picked":["Reinforced Body","Fusion","Auto Shields"],"picked":"SKIP","floor":41},{"not_picked":["Cold Snap+1","Defragment","Storm"],"picked":"SKIP","floor":42},{"not_picked":["Tempest","Barrage"],"picked":"Chill","floor":45},{"not_picked":["Cold Snap","Redo"],"picked":"Coolheaded+1","floor":47},{"not_picked":["Auto Shields","Hello World","Consume"],"picked":"SKIP","floor":48},{"not_picked":["Rebound","Sweeping Beam+1","Compile Driver+1"],"picked":"SKIP","floor":54}],"player_experience":419219,"relics_obtained":[{"floor":4,"key":"Regal Pillow"},{"floor":7,"key":"Dead Branch"},{"floor":9,"key":"Bronze Scales"},{"floor":23,"key":"Gambling Chip"},{"floor":25,"key":"Omamori"},{"floor":26,"key":"Cables"},{"floor":54,"key":"Happy Flower"}],"event_choices":[{"damage_healed":0,"gold_gain":0,"player_choice":"Entered Light","damage_taken":15,"max_hp_gain":0,"max_hp_loss":0,"event_name":"Shining Light","floor":2,"gold_loss":0,"cards_upgraded":["Zap","Dualcast"]},{"damage_healed":0,"gold_gain":0,"player_choice":"Left Gold","damage_taken":0,"max_hp_gain":0,"max_hp_loss":0,"event_name":"World of Goop","floor":13,"gold_loss":13},{"damage_healed":0,"gold_gain":0,"player_choice":"Became a vampire","damage_taken":0,"max_hp_gain":0,"max_hp_loss":24,"event_name":"Vampires","floor":21,"gold_loss":0,"cards_obtained":["Bite","Bite","Bite","Bite","Bite"]},{"damage_healed":0,"gold_gain":100,"player_choice":"Pray","damage_taken":0,"max_hp_gain":0,"max_hp_loss":0,"event_name":"Golden Shrine","floor":22,"gold_loss":0},{"damage_healed":0,"gold_gain":0,"player_choice":"Memory 1","damage_taken":0,"max_hp_gain":0,"max_hp_loss":0,"event_name":"SensoryStone","floor":36,"gold_loss":0},{"damage_healed":0,"gold_gain":0,"player_choice":"Ignored","damage_taken":0,"max_hp_gain":0,"max_hp_loss":0,"event_name":"Tomb of Lord Red Mask","floor":37,"gold_loss":0},{"damage_healed":0,"gold_gain":0,"player_choice":"Ignored","damage_taken":0,"max_hp_gain":0,"max_hp_loss":0,"event_name":"Mysterious Sphere","floor":39,"gold_loss":0},{"cards_removed":["Streamline"],"damage_healed":5,"gold_gain":0,"player_choice":"Offered Common","damage_taken":0,"max_hp_gain":0,"max_hp_loss":0,"event_name":"Bonfire Elementals","floor":44,"gold_loss":0},{"cards_removed":["Streamline"],"damage_healed":5,"gold_gain":0,"player_choice":"Offered Special","damage_taken":0,"max_hp_gain":0,"max_hp_loss":0,"event_name":"Bonfire Elementals","floor":44,"gold_loss":0}],"is_beta":false,"boss_relics":[{"not_picked":["Ectoplasm","Runic Dome"],"picked":"Tiny House"},{"not_picked":["Coffee Dripper","Velvet Choker"],"picked":"Inserter"}],"items_purged_floors":[53],"is_endless":false,"potions_floor_spawned":[1,3,7,14,19,24,25,28,29,33,35,41,47,54],"killed_by":"The Heart","ascension_level":12}