{"gold_per_floor":[109,109,109,121,47,72,72,82,105,121,101,127,127,145,145,220,220,238,256,267,267],"floor_reached":21,"playtime":1025,"items_purged":[],"score":432,"play_id":"a9859361-db0a-429c-a401-47d89f729dd1","local_time":"20181124042054","is_ascension_mode":true,"campfire_choices":[{"data":"Noxious Fumes","floor":7,"key":"SMITH"},{"floor":13,"key":"REST"},{"floor":15,"key":"REST"}],"neow_cost":"NONE","seed_source_timestamp":82228132071200,"circlet_count":0,"master_deck":["AscendersBane","Defend_G","Defend_G","Defend_G","Defend_G","Defend_G","Strike_G+1","Strike_G+1","Strike_G","Strike_G+1","Survivor","Neutralize","Acrobatics","Sucker Punch","Noxious Fumes+1","Skewer+1","Dash","Noxious Fumes","Concentrate+1","Quick Slash"],"relics":["Ring of the Snake","NeowsBlessing","Whetstone","Smiling Mask","Omamori","Busted Crown"],"potions_floor_usage":[12,14,21,21],"damage_taken":[{"damage":0,"enemies":"Small Slimes","floor":1,"turns":2},{"damage":0,"enemies":"2 Louse","floor":4,"turns":1},{"damage":0,"enemies":"Gremlin Nob","floor":6,"turns":1},{"damage":0,"enemies":"Cultist","floor":8,"turns":3},{"damage":4,"enemies":"Large Slime","floor":10,"turns":6},{"damage":20,"enemies":"3 Sentries","floor":12,"turns":6},{"damage":12,"enemies":"Gremlin Gang","floor":14,"turns":6},{"damage":19,"enemies":"Hexaghost","floor":16,"turns":9},{"damage":8,"enemies":"Chosen","floor":18,"turns":5},{"damage":21,"enemies":"Shell Parasite","floor":19,"turns":8},{"damage":16,"enemies":"Snecko","floor":20,"turns":5},{"damage":12,"enemies":"Snake Plant","floor":21,"turns":1}],"seed_played":"-7918299855384649561","potions_obtained":[{"floor":6,"key":"Energy Potion"},{"floor":8,"key":"AttackPotion"},{"floor":12,"key":"SteroidPotion"},{"floor":16,"key":"SteroidPotion"}],"is_trial":false,"path_per_floor":["M","?","?","M","$","E","R","M","T","M","?","E","R","M","R","B",null,"M","M","M","M"],"character_chosen":"THE_SILENT","items_purchased":["Noxious Fumes"],"campfire_rested":2,"item_purchase_floors":[5],"current_hp_per_floor":[59,39,39,39,39,39,39,39,39,35,35,15,34,22,41,22,55,47,26,10,0],"gold":267,"neow_bonus":"THREE_ENEMY_KILL","is_prod":false,"is_daily":false,"chose_seed":false,"campfire_upgraded":1,"win_rate":0,"timestamp":1543051254,"path_taken":["M","?","?","?","$","E","R","M","T","M","?","E","R","M","R","BOSS","M","?","M","M"],"build_version":"2018-11-15","purchased_purges":0,"victory":false,"max_hp_per_floor":[66,66,66,66,66,66,66,66,66,66,66,66,66,66,66,66,66,66,66,66,66],"card_choices":[{"not_picked":["Bane","Outmaneuver","Eviscerate"],"picked":"SKIP","floor":1},{"not_picked":["Calculated Gamble","Acrobatics"],"picked":"Sucker Punch","floor":4},{"not_picked":["Slice","Cloak And Dagger"],"picked":"Skewer","floor":6},{"not_picked":["Catalyst","Sucker Punch"],"picked":"Dash","floor":8},{"not_picked":["Blur","Tactician"],"picked":"Noxious Fumes","floor":10},{"not_picked":["Slice","Expertise","Poisoned Stab"],"picked":"SKIP","floor":12},{"not_picked":["Eviscerate","Distraction","Slice"],"picked":"SKIP","floor":14},{"not_picked":["Eviscerate","Distraction","Slice"],"picked":"SKIP","floor":14},{"not_picked":["Acrobatics"],"picked":"SKIP","floor":18},{"not_picked":[],"picked":"Concentrate+1","floor":19},{"not_picked":[],"picked":"Quick Slash","floor":20}],"player_experience":1661755,"relics_obtained":[{"floor":6,"key":"Whetstone"},{"floor":9,"key":"Smiling Mask"},{"floor":12,"key":"Omamori"}],"event_choices":[{"damage_healed":0,"gold_gain":0,"player_choice":"Entered Light","damage_taken":20,"max_hp_gain":0,"max_hp_loss":0,"event_name":"Shining Light","floor":2,"gold_loss":0,"cards_upgraded":["Strike_G","Strike_G"]},{"damage_healed":0,"gold_gain":0,"cards_transformed":["Strike_G"],"player_choice":"Transformed","damage_taken":0,"max_hp_gain":0,"max_hp_loss":0,"event_name":"Transmorgrifier","floor":3,"gold_loss":0,"cards_obtained":["Acrobatics"]},{"damage_healed":0,"gold_gain":0,"player_choice":"Bought 1 Potion","damage_taken":0,"max_hp_gain":0,"max_hp_loss":0,"event_name":"The Woman in Blue","floor":11,"gold_loss":0}],"is_beta":true,"boss_relics":[{"not_picked":["White Beast Statue","Eternal Feather"],"picked":"Busted Crown"}],"items_purged_floors":[],"is_endless":false,"potions_floor_spawned":[6,8,12,16,20],"killed_by":"Snake Plant","ascension_level":20}