{"gold_per_floor":[114,114,289,316,316,316,344,344,367,13,13,13,13,38,38,141,141,151,151,163,0,0,0,25,25,25,25],"floor_reached":27,"playtime":989,"items_purged":["Doubt"],"score":323,"play_id":"5b75065f-beb6-437c-a06e-9849c39b3b98","local_time":"20190207093541","is_ascension_mode":true,"campfire_choices":[{"data":"Streamline","floor":6,"key":"SMITH"},{"floor":8,"key":"RECALL"},{"data":"Self Repair","floor":12,"key":"SMITH"},{"data":"Discovery","floor":15,"key":"SMITH"},{"floor":23,"key":"REST"},{"floor":25,"key":"REST"}],"neow_cost":"NONE","seed_source_timestamp":506710125894556,"circlet_count":0,"master_deck":["Strike_B","Strike_B","Defend_B+1","Defend_B","Defend_B","Defend_B+1","Zap+1","Dualcast","Sweeping Beam+1","Streamline+1","Sweeping Beam","Self Repair+1","Doom and Gloom","Conserve Battery","Discovery+1","Parasite","Defragment","Echo Form","Steam","Amplify","Ball Lightning","Conserve Battery+1"],"relics":["Cracked Core","NeowsBlessing","Vajra","War Paint","Pen Nib","Centennial Puzzle","Philosopher\u0027s Stone","Nilry\u0027s Codex","Question Card","Matryoshka"],"potions_floor_usage":[24,24],"damage_taken":[{"damage":0,"enemies":"2 Louse","floor":1,"turns":1},{"damage":0,"enemies":"3 Sentries","floor":7,"turns":1},{"damage":0,"enemies":"Lagavulin","floor":14,"turns":1},{"damage":39,"enemies":"Slime Boss","floor":16,"turns":6},{"damage":19,"enemies":"Chosen","floor":18,"turns":5},{"damage":52,"enemies":"3 Byrds","floor":20,"turns":3},{"damage":27,"enemies":"Book of Stabbing","floor":24,"turns":5},{"damage":37,"enemies":"Gremlin Leader","floor":27,"turns":2}],"seed_played":"-4849859645656060831","potions_obtained":[{"floor":7,"key":"Energy Potion"},{"floor":20,"key":"EssenceOfSteel"}],"is_trial":false,"path_per_floor":["M","?","?","T","?","R","E","R","T","$","?","R","$","E","R","B",null,"M","?","M","?","?","R","E","R","T","E"],"character_chosen":"DEFECT","items_purchased":["Self Repair","Doom and Gloom","Conserve Battery","Discovery"],"campfire_rested":2,"item_purchase_floors":[10,10,10,10],"current_hp_per_floor":[75,75,75,75,60,60,60,60,60,60,75,75,75,75,75,46,75,66,66,24,24,8,30,13,35,35,0],"gold":25,"neow_bonus":"THREE_ENEMY_KILL","is_prod":false,"is_daily":false,"chose_seed":false,"campfire_upgraded":3,"win_rate":0,"timestamp":1549528541,"path_taken":["M","?","?","?","?","R","E","R","T","$","?","R","?","E","R","BOSS","M","?","?","?","?","R","E","R","T","E"],"build_version":"2019-01-23","purchased_purges":1,"victory":false,"max_hp_per_floor":[75,75,75,75,75,75,75,75,75,75,75,75,75,75,75,75,75,75,75,75,75,75,75,75,75,75,75],"card_choices":[{"not_picked":["Stack","Blizzard"],"picked":"Sweeping Beam","floor":1},{"not_picked":["Multi-Cast","Stack"],"picked":"Sweeping Beam","floor":7},{"not_picked":["Tempest","Go for the Eyes"],"picked":"Defragment","floor":14},{"not_picked":["Rainbow","All For One"],"picked":"Echo Form","floor":16},{"not_picked":["Go for the Eyes","Sunder"],"picked":"Steam","floor":18},{"not_picked":["Melter","Compile Driver"],"picked":"Ball Lightning","floor":20},{"not_picked":["Turbo","Force Field"],"picked":"Conserve Battery+1","floor":24}],"player_experience":579374,"relics_obtained":[{"floor":4,"key":"Vajra"},{"floor":7,"key":"War Paint"},{"floor":9,"key":"Pen Nib"},{"floor":14,"key":"Centennial Puzzle"},{"floor":22,"key":"Nilry\u0027s Codex"},{"floor":24,"key":"Question Card"},{"floor":26,"key":"Matryoshka"}],"event_choices":[{"damage_healed":0,"gold_gain":0,"cards_transformed":["Strike_B"],"player_choice":"Change","damage_taken":0,"max_hp_gain":0,"max_hp_loss":0,"event_name":"Living Wall","floor":2,"gold_loss":0,"cards_obtained":["Streamline"]},{"damage_healed":0,"gold_gain":175,"player_choice":"AGREE","damage_taken":0,"max_hp_gain":0,"max_hp_loss":0,"event_name":"Liars Game","floor":3,"gold_loss":0,"cards_obtained":["Doubt"]},{"damage_healed":0,"gold_gain":0,"player_choice":"Entered Light","damage_taken":15,"max_hp_gain":0,"max_hp_loss":0,"event_name":"Shining Light","floor":5,"gold_loss":0,"cards_upgraded":["Zap","Sweeping Beam"]},{"damage_healed":18,"gold_gain":0,"player_choice":"Healed and dodged fight","damage_taken":0,"max_hp_gain":0,"max_hp_loss":0,"event_name":"Mushrooms","floor":11,"gold_loss":0,"cards_obtained":["Parasite"]},{"damage_healed":0,"gold_gain":0,"cards_transformed":["Strike_B"],"player_choice":"Transformed","damage_taken":0,"max_hp_gain":0,"max_hp_loss":0,"event_name":"Transmorgrifier","floor":19,"gold_loss":0,"cards_obtained":["Amplify"]},{"damage_healed":0,"gold_gain":0,"player_choice":"Paid Fearfully","damage_taken":0,"max_hp_gain":0,"max_hp_loss":0,"event_name":"Masked Bandits","floor":21,"gold_loss":163},{"damage_healed":0,"gold_gain":0,"player_choice":"Obtained Book","damage_taken":16,"max_hp_gain":0,"max_hp_loss":0,"event_name":"Cursed Tome","floor":22,"gold_loss":0}],"is_beta":false,"boss_relics":[{"not_picked":["Busted Crown","Fusion Hammer"],"picked":"Philosopher\u0027s Stone"}],"items_purged_floors":[10],"is_endless":false,"potions_floor_spawned":[7,20],"killed_by":"Gremlin Leader","ascension_level":3}