{"gold_per_floor":[16,33,108,124,137,162,162,188,188,203,223,223,237,15,15,120,120,136,136,136,155,175,175,205,224,224,256,275,275,305,319,319,416,416,435,81,101,118,132,132,132,148,148,148],"floor_reached":44,"playtime":2729,"items_purged":["Defend_R","Strike_R"],"score":560,"play_id":"d1b506f0-b968-429a-b84e-a58af84f7a3d","local_time":"20181010125010","is_ascension_mode":true,"campfire_choices":[{"floor":7,"key":"REST"},{"data":"Thunderclap","floor":15,"key":"SMITH"},{"floor":23,"key":"REST"},{"data":"Inflame","floor":29,"key":"SMITH"},{"floor":32,"key":"REST"},{"floor":40,"key":"REST"}],"neow_cost":"NO_GOLD","seed_source_timestamp":39386504083165,"circlet_count":0,"master_deck":["Strike_R","Strike_R","Strike_R","Strike_R","Defend_R","Defend_R","Defend_R","Bash","Uppercut","Pummel","Metallicize","Cleave","Havoc","Seeing Red","Metallicize","Iron Wave","Carnage","Dropkick","Headbutt","Thunderclap+1","Double Tap","Iron Wave+1","Shockwave","Warcry","True Grit","Reaper","Cleave","Burning Pact+1","Inflame+1","Spot Weakness","Spot Weakness","Fiend Fire","Flame Barrier","Shrug It Off","Heavy Blade+1","Heavy Blade","Flex","Flex+1","Armaments","Sword Boomerang","Iron Wave+1","Heavy Blade+1","Cleave","Whirlwind+1"],"relics":["Burning Blood","Prayer Wheel","Bottled Flame","Vajra","Matryoshka","PreservedInsect","Velvet Choker","Gambling Chip","Gremlin Horn","Pantograph","Kunai","Red Skull","Sundial","Ornamental Fan","Bottled Tornado","Orrery","Shuriken","Meat on the Bone"],"potions_floor_usage":[6,8,11,16,16,33,33,35,42,42,42],"damage_taken":[{"damage":4,"enemies":"Small Slimes","floor":1,"turns":4},{"damage":2,"enemies":"Jaw Worm","floor":2,"turns":3},{"damage":3,"enemies":"Cultist","floor":4,"turns":4},{"damage":23,"enemies":"Large Slime","floor":5,"turns":6},{"damage":19,"enemies":"Lagavulin","floor":6,"turns":5},{"damage":17,"enemies":"Gremlin Nob","floor":8,"turns":6},{"damage":1,"enemies":"Looter","floor":10,"turns":2},{"damage":8,"enemies":"Blue Slaver","floor":11,"turns":2},{"damage":8,"enemies":"3 Louse","floor":13,"turns":2},{"damage":49,"enemies":"Slime Boss","floor":16,"turns":9},{"damage":21,"enemies":"Shell Parasite","floor":18,"turns":4},{"damage":0,"enemies":"Spheric Guardian","floor":21,"turns":2},{"damage":35,"enemies":"Shelled Parasite and Fungi","floor":22,"turns":3},{"damage":12,"enemies":"Gremlin Leader","floor":24,"turns":2},{"damage":0,"enemies":"Chosen and Byrds","floor":25,"turns":4},{"damage":22,"enemies":"Slavers","floor":27,"turns":3},{"damage":0,"enemies":"3 Cultists","floor":28,"turns":4},{"damage":6,"enemies":"Gremlin Leader","floor":30,"turns":3},{"damage":10,"enemies":"Shelled Parasite and Fungi","floor":31,"turns":2},{"damage":62,"enemies":"Collector","floor":33,"turns":8},{"damage":3,"enemies":"3 Darklings","floor":35,"turns":2},{"damage":28,"enemies":"3 Shapes","floor":37,"turns":2},{"damage":15,"enemies":"Sphere and 2 Shapes","floor":38,"turns":3},{"damage":29,"enemies":"3 Darklings","floor":39,"turns":3},{"damage":25,"enemies":"Maw","floor":42,"turns":5},{"damage":43,"enemies":"Nemesis","floor":44,"turns":3}],"seed_played":"661562211807605587","potions_obtained":[{"floor":2,"key":"Poison Potion"},{"floor":5,"key":"SneckoOil"},{"floor":10,"key":"AttackPotion"},{"floor":11,"key":"PowerPotion"},{"floor":13,"key":"Regen Potion"},{"floor":24,"key":"Poison Potion"},{"floor":25,"key":"GamblersBrew"},{"floor":27,"key":"SpeedPotion"},{"floor":28,"key":"SteroidPotion"},{"floor":33,"key":"Explosive Potion"},{"floor":35,"key":"Dexterity Potion"},{"floor":37,"key":"Strength Potion"}],"is_trial":false,"path_per_floor":["M","M","?","M","M","E","R","E","T","M","M","?","M","$","R","B",null,"M","?","T","M","M","R","E","M","T","E","M","R","E","M","R","B",null,"M","$","M","M","M","R","?","M","T"],"character_chosen":"IRONCLAD","items_purchased":["PreservedInsect","Shuriken"],"campfire_rested":4,"item_purchase_floors":[14,36],"current_hp_per_floor":[80,80,69,72,55,42,66,55,55,60,58,58,56,56,56,28,80,65,65,65,71,42,66,60,66,66,50,56,56,56,52,76,40,80,80,80,58,49,26,50,50,31,31,0],"gold":148,"neow_bonus":"ONE_RARE_RELIC","is_prod":false,"is_daily":false,"chose_seed":false,"campfire_upgraded":2,"win_rate":0,"timestamp":1539190210,"path_taken":["M","M","?","M","M","E","R","E","T","?","M","?","M","$","R","BOSS","M","?","?","M","M","R","E","M","T","E","?","R","E","M","R","BOSS","M","$","M","M","M","R","?","M","T","E"],"build_version":"2018-10-04v2","purchased_purges":2,"victory":false,"max_hp_per_floor":[80,80,80,80,80,80,80,80,80,80,80,80,80,80,80,80,80,80,80,80,80,80,80,80,80,80,80,80,80,80,80,80,80,80,80,80,80,80,80,80,80,80,80,80],"card_choices":[{"not_picked":["Anger","Perfected Strike"],"picked":"Uppercut","floor":1},{"not_picked":["Clothesline","Twin Strike","Clash"],"picked":"SKIP","floor":1},{"not_picked":["Feel No Pain","Flex"],"picked":"Pummel","floor":2},{"not_picked":["Rupture","Twin Strike"],"picked":"Metallicize","floor":2},{"not_picked":["Rupture","Evolve"],"picked":"Cleave","floor":4},{"not_picked":["Anger","Clothesline"],"picked":"Havoc","floor":4},{"not_picked":["Pummel","Perfected Strike"],"picked":"Seeing Red","floor":5},{"not_picked":["Sword Boomerang","Battle Trance"],"picked":"Metallicize","floor":5},{"not_picked":["Flame Barrier","Sentinel"],"picked":"Iron Wave","floor":6},{"not_picked":["Dual Wield","Uppercut"],"picked":"Carnage","floor":8},{"not_picked":["Twin Strike","Fiend Fire","Clothesline"],"picked":"SKIP","floor":10},{"not_picked":["Sever Soul","Combust","Clash"],"picked":"SKIP","floor":10},{"not_picked":["Headbutt","Cleave"],"picked":"Dropkick","floor":11},{"not_picked":["Twin Strike","Cleave","Flex"],"picked":"SKIP","floor":11},{"not_picked":["Twin Strike","Havoc"],"picked":"Headbutt","floor":13},{"not_picked":["Fire Breathing","Havoc"],"picked":"Thunderclap","floor":13},{"not_picked":["Reaper","Bludgeon"],"picked":"Double Tap","floor":16},{"not_picked":["Sword Boomerang+1","Cleave"],"picked":"Iron Wave+1","floor":18},{"not_picked":["Anger","Corruption","Sentinel"],"picked":"SKIP","floor":18},{"not_picked":["Clash","Sword Boomerang+1","Rage"],"picked":"SKIP","floor":21},{"not_picked":["Corruption+1","Wild Strike","Havoc"],"picked":"SKIP","floor":21},{"not_picked":["Wild Strike","Clash+1"],"picked":"Shockwave","floor":22},{"not_picked":["Sentinel","Hemokinesis"],"picked":"Warcry","floor":22},{"not_picked":["Power Through+1","Seeing Red"],"picked":"True Grit","floor":24},{"not_picked":["Anger+1","Havoc"],"picked":"Reaper","floor":25},{"not_picked":["Burning Pact","Headbutt","Flex"],"picked":"SKIP","floor":25},{"not_picked":["Pummel","Bludgeon"],"picked":"Cleave","floor":27},{"not_picked":["True Grit+1","Sword Boomerang"],"picked":"Burning Pact+1","floor":28},{"not_picked":["Sever Soul","Iron Wave"],"picked":"Inflame","floor":28},{"not_picked":["Shockwave","Wild Strike+1"],"picked":"Spot Weakness","floor":30},{"not_picked":["Reckless Charge","Heavy Blade"],"picked":"Spot Weakness","floor":31},{"not_picked":["True Grit","Perfected Strike","Uppercut+1"],"picked":"SKIP","floor":31},{"not_picked":["Dark Embrace","Demon Form"],"picked":"Fiend Fire","floor":33},{"not_picked":["Rupture","Inflame"],"picked":"Flame Barrier","floor":34},{"not_picked":["Clash+1","True Grit"],"picked":"Shrug It Off","floor":34},{"not_picked":["Twin Strike","Ghostly Armor+1"],"picked":"Heavy Blade+1","floor":34},{"not_picked":["Feel No Pain","Anger"],"picked":"Heavy Blade","floor":34},{"not_picked":["Second Wind+1","Dual Wield"],"picked":"Flex","floor":34},{"not_picked":["Clash","Burning Pact"],"picked":"Flex+1","floor":35},{"not_picked":["Iron Wave","Fiend Fire"],"picked":"Armaments","floor":35},{"not_picked":["Warcry","Anger"],"picked":"Sword Boomerang","floor":37},{"not_picked":["Wild Strike+1","Bloodletting+1","Body Slam+1"],"picked":"SKIP","floor":37},{"not_picked":["True Grit+1","Flame Barrier"],"picked":"Iron Wave+1","floor":38},{"not_picked":["Havoc","Anger","Shrug It Off"],"picked":"SKIP","floor":38},{"not_picked":["Shrug It Off+1","Juggernaut"],"picked":"Heavy Blade+1","floor":39},{"not_picked":["Feel No Pain+1","Wild Strike"],"picked":"Cleave","floor":39},{"not_picked":["Evolve+1","True Grit+1"],"picked":"Whirlwind+1","floor":42},{"not_picked":["Dual Wield","Sentinel","Feel No Pain"],"picked":"SKIP","floor":42}],"player_experience":222951,"relics_obtained":[{"floor":6,"key":"Bottled Flame"},{"floor":8,"key":"Vajra"},{"floor":9,"key":"Matryoshka"},{"floor":20,"key":"Gremlin Horn"},{"floor":20,"key":"Pantograph"},{"floor":24,"key":"Kunai"},{"floor":26,"key":"Red Skull"},{"floor":26,"key":"Sundial"},{"floor":27,"key":"Ornamental Fan"},{"floor":30,"key":"Bottled Tornado"},{"floor":43,"key":"Meat on the Bone"}],"event_choices":[{"event_name":"World of Goop","player_choice":"Gather Gold","floor":3,"damage_taken":0},{"event_name":"Liars Game","player_choice":"disagreed","floor":12,"damage_taken":0},{"event_name":"The Mausoleum","player_choice":"Yes","floor":19,"damage_taken":0},{"event_name":"Match and Keep!","player_choice":"0 cards matched","floor":41,"damage_taken":0}],"is_beta":false,"boss_relics":[{"not_picked":["Ectoplasm","Black Star"],"picked":"Velvet Choker"},{"not_picked":["Sozu","Busted Crown"],"picked":"Orrery"}],"items_purged_floors":[14,36],"is_endless":false,"potions_floor_spawned":[2,5,10,11,13,24,25,27,28,31,33,35,37,38,39],"killed_by":"Nemesis","ascension_level":2}