{"gold_per_floor":[113,126,126,106,125,154,154,181,206,206,224,242,242,256,256,359,359,374,387,277,297,313,313,344,344,396,413,9,9,36,36,36,132,132,150,76,89,99,111,145,168,168,168,168],"floor_reached":44,"playtime":3611,"items_purged":["Defend_G","Defend_G"],"score":662,"play_id":"7d15e9c1-7584-473e-9543-916a04794702","local_time":"20190206192137","is_ascension_mode":true,"campfire_choices":[{"floor":7,"key":"REST"},{"data":"Bouncing Flask","floor":10,"key":"SMITH"},{"data":"Doppelganger","floor":13,"key":"SMITH"},{"data":"Blur","floor":15,"key":"SMITH"},{"floor":23,"key":"REST"},{"data":"Crippling Poison","floor":25,"key":"SMITH"},{"data":"Storm of Steel","floor":32,"key":"SMITH"},{"floor":42,"key":"REST"}],"neow_cost":"NONE","seed_source_timestamp":2496760107579720,"circlet_count":0,"master_deck":["Defend_G","Defend_G","Defend_G+1","Strike_G+1","Strike_G","Strike_G","Survivor","Neutralize","Crippling Poison+1","Dagger Throw","Blur+1","Bouncing Flask+1","PiercingWail","Infinite Blades","Burst","Poisoned Stab+1","Dash+1","Blur","Backflip","Accuracy+1","Terror+1","Backflip+1","Deadly Poison","Storm of Steel+1","Adrenaline","Prepared+1","Well Laid Plans","Venomology","Shame"],"relics":["Ring of the Snake","Ancient Tea Set","Omamori","Cursed Key","Lantern","Dream Catcher","Mercury Hourglass","Pear","Empty Cage","StoneCalendar","Art of War","Toxic Egg 2"],"potions_floor_usage":[6,21,22,24,30,33,38,38,39,39,40,44],"damage_taken":[{"damage":1,"enemies":"Small Slimes","floor":1,"turns":4},{"damage":2,"enemies":"Cultist","floor":2,"turns":4},{"damage":0,"enemies":"2 Louse","floor":5,"turns":2},{"damage":22,"enemies":"Gremlin Nob","floor":6,"turns":6},{"damage":13,"enemies":"3 Sentries","floor":8,"turns":12},{"damage":1,"enemies":"Blue Slaver","floor":11,"turns":3},{"damage":3,"enemies":"2 Fungi Beasts","floor":12,"turns":5},{"damage":0,"enemies":"Looter","floor":14,"turns":2},{"damage":15,"enemies":"The Guardian","floor":16,"turns":9},{"damage":10,"enemies":"Shell Parasite","floor":18,"turns":5},{"damage":22,"enemies":"2 Thieves","floor":19,"turns":4},{"damage":12,"enemies":"3 Cultists","floor":21,"turns":5},{"damage":3,"enemies":"Cultist and Chosen","floor":22,"turns":5},{"damage":7,"enemies":"Gremlin Leader","floor":24,"turns":7},{"damage":0,"enemies":"Chosen and Byrds","floor":27,"turns":4},{"damage":11,"enemies":"Slavers","floor":30,"turns":5},{"damage":12,"enemies":"Collector","floor":33,"turns":7},{"damage":7,"enemies":"Orb Walker","floor":35,"turns":2},{"damage":3,"enemies":"3 Shapes","floor":37,"turns":2},{"damage":5,"enemies":"Maw","floor":38,"turns":6},{"damage":15,"enemies":"4 Shapes","floor":39,"turns":5},{"damage":50,"enemies":"Giant Head","floor":40,"turns":7},{"damage":41,"enemies":"Nemesis","floor":44,"turns":5}],"seed_played":"3963335681467775144","potions_obtained":[{"floor":1,"key":"Ancient Potion"},{"floor":4,"key":"EssenceOfSteel"},{"floor":8,"key":"Swift Potion"},{"floor":11,"key":"Weak Potion"},{"floor":18,"key":"Strength Potion"},{"floor":21,"key":"Energy Potion"},{"floor":22,"key":"Swift Potion"},{"floor":24,"key":"Block Potion"},{"floor":35,"key":"Block Potion"},{"floor":37,"key":"Swift Potion"}],"is_trial":false,"path_per_floor":["M","M","?","?","M","E","R","E","T","R","M","M","R","M","R","B",null,"M","M","$","M","M","R","E","R","T","M","$","?","E","$","R","B",null,"M","$","M","M","M","E","T","R","T","E"],"character_chosen":"THE_SILENT","items_purchased":["Blur","Deadly Poison","Mercury Hourglass","Well Laid Plans"],"campfire_rested":3,"item_purchase_floors":[20,28,28,36],"current_hp_per_floor":[69,67,52,52,52,30,53,40,40,40,39,36,36,36,36,21,63,53,31,31,19,16,39,32,32,32,32,32,87,86,86,86,74,91,84,84,81,76,61,11,11,40,40,0],"gold":168,"neow_bonus":"TEN_PERCENT_HP_BONUS","is_prod":false,"is_daily":false,"chose_seed":false,"campfire_upgraded":5,"win_rate":0,"timestamp":1549498897,"path_taken":["M","M","?","?","M","E","R","E","T","R","M","M","R","M","R","BOSS","M","M","$","M","?","R","E","R","T","M","$","?","E","$","R","BOSS","M","$","?","?","M","E","?","R","T","E"],"build_version":"2019-01-23","purchased_purges":2,"victory":false,"max_hp_per_floor":[77,77,77,77,77,77,77,77,77,77,77,77,77,77,77,77,77,77,77,77,77,77,77,77,77,77,77,77,87,97,97,97,97,97,97,97,97,97,97,97,97,97,97,97],"card_choices":[{"not_picked":["Backflip","Poisoned Stab"],"picked":"Crippling Poison","floor":1},{"not_picked":["Slice","Heel Hook"],"picked":"Dagger Throw","floor":2},{"not_picked":["Blade Dance","Prepared"],"picked":"Blur","floor":5},{"not_picked":["Finisher","Blade Dance"],"picked":"Doppelganger","floor":6},{"not_picked":["Eviscerate","Deflect"],"picked":"Bouncing Flask","floor":8},{"not_picked":["Flying Knee","Quick Slash"],"picked":"PiercingWail","floor":11},{"not_picked":["Bane","Slice","Acrobatics"],"picked":"SKIP","floor":12},{"not_picked":["Reflex","Concentrate"],"picked":"Infinite Blades","floor":14},{"not_picked":["Tools of the Trade","After Image"],"picked":"Burst","floor":16},{"not_picked":["Outmaneuver","Backstab"],"picked":"Poisoned Stab+1","floor":18},{"not_picked":["Blade Dance","Bane+1"],"picked":"Dash+1","floor":19},{"not_picked":["Acrobatics","Eviscerate+1"],"picked":"Backflip","floor":21},{"not_picked":["Predator","All Out Attack"],"picked":"Accuracy+1","floor":22},{"not_picked":["Finisher","Dash"],"picked":"Terror+1","floor":24},{"not_picked":["Cloak And Dagger","Dagger Throw"],"picked":"Backflip+1","floor":27},{"not_picked":["Choke+1","Dash"],"picked":"Storm of Steel","floor":30},{"not_picked":["After Image","Tools of the Trade"],"picked":"Adrenaline","floor":33},{"not_picked":["Slice","Bane+1"],"picked":"Prepared+1","floor":35},{"not_picked":["Quick Slash","Dagger Spray+1"],"picked":"Venomology","floor":37},{"not_picked":["Terror+1","Predator","Underhanded Strike"],"picked":"SKIP","floor":38},{"not_picked":["Dagger Spray","Dodge and Roll","Sucker Punch+1"],"picked":"SKIP","floor":39},{"not_picked":["Dagger Throw","Outmaneuver+1","Concentrate"],"picked":"SKIP","floor":40}],"player_experience":302824,"relics_obtained":[{"floor":6,"key":"Ancient Tea Set"},{"floor":8,"key":"Omamori"},{"floor":24,"key":"Lantern"},{"floor":26,"key":"Dream Catcher"},{"floor":30,"key":"Pear"},{"floor":40,"key":"StoneCalendar"},{"floor":41,"key":"Art of War"},{"floor":43,"key":"Toxic Egg 2"}],"event_choices":[{"damage_healed":0,"gold_gain":0,"player_choice":"Entered Light","damage_taken":15,"max_hp_gain":0,"max_hp_loss":0,"event_name":"Shining Light","floor":3,"gold_loss":0,"cards_upgraded":["Strike_G","Defend_G"]},{"damage_healed":0,"gold_gain":0,"player_choice":"Bought 1 Potion","damage_taken":0,"max_hp_gain":0,"max_hp_loss":0,"event_name":"The Woman in Blue","floor":4,"gold_loss":0},{"cards_removed":["Doppelganger"],"damage_healed":45,"gold_gain":0,"player_choice":"Offered Rare","damage_taken":0,"max_hp_gain":10,"max_hp_loss":0,"event_name":"Bonfire Elementals","floor":29,"gold_loss":0}],"is_beta":false,"boss_relics":[{"not_picked":["Ectoplasm","Tiny House"],"picked":"Cursed Key"},{"not_picked":["Runic Dome","Velvet Choker"],"picked":"Empty Cage"}],"items_purged_floors":[20,28],"is_endless":false,"potions_floor_spawned":[1,8,11,18,21,22,24,35,37],"killed_by":"Nemesis","ascension_level":6}