{"gold_per_floor":[117,137,154,104,104,129,129,160,186,205,237,237,237,250,250,349,349,360,360,376,387,477,477],"floor_reached":23,"playtime":1455,"items_purged":[],"score":222,"play_id":"80455195-6099-4f44-8a36-d6e572ff4849","local_time":"20190105032408","is_ascension_mode":true,"campfire_choices":[{"floor":7,"key":"REST"},{"floor":12,"key":"REST"},{"floor":15,"key":"REST"}],"neow_cost":"NONE","seed_source_timestamp":883431824055155,"circlet_count":0,"master_deck":["Strike_R","Strike_R","Strike_R","Strike_R","Strike_R","Defend_R","Defend_R","Defend_R","Bash","Deep Breath","Armaments+1","Perfected Strike","Rupture","Intimidate","Cleave","Twin Strike","Rampage","Berserk","Evolve","Metallicize","Anger","Anger+1"],"relics":["Burning Blood","Lantern","Centennial Puzzle","Pen Nib","Mummified Hand","Ornamental Fan","Mark of Pain"],"potions_floor_usage":[6,8,20,23,23],"damage_taken":[{"damage":6,"enemies":"Cultist","floor":1,"turns":3},{"damage":11,"enemies":"Jaw Worm","floor":2,"turns":3},{"damage":7,"enemies":"Small Slimes","floor":3,"turns":3},{"damage":32,"enemies":"Gremlin Nob","floor":6,"turns":4},{"damage":44,"enemies":"Lagavulin","floor":8,"turns":6},{"damage":8,"enemies":"3 Louse","floor":10,"turns":3},{"damage":17,"enemies":"3 Sentries","floor":11,"turns":5},{"damage":1,"enemies":"Gremlin Gang","floor":14,"turns":2},{"damage":57,"enemies":"The Guardian","floor":16,"turns":8},{"damage":11,"enemies":"3 Byrds","floor":18,"turns":6},{"damage":9,"enemies":"Shell Parasite","floor":20,"turns":3},{"damage":17,"enemies":"Snecko","floor":21,"turns":5},{"damage":49,"enemies":"Book of Stabbing","floor":23,"turns":4}],"seed_played":"2459037901795932769","potions_obtained":[{"floor":1,"key":"Poison Potion"},{"floor":6,"key":"LiquidBronze"},{"floor":8,"key":"Swift Potion"},{"floor":14,"key":"Explosive Potion"},{"floor":20,"key":"LiquidBronze"}],"is_trial":false,"path_per_floor":["M","M","M","?","?","E","R","E","T","M","E","R","T","M","R","B",null,"M","?","M","M","?","E"],"character_chosen":"IRONCLAD","items_purchased":[],"campfire_rested":3,"item_purchase_floors":[],"current_hp_per_floor":[80,75,74,74,74,48,72,34,34,32,21,45,45,50,74,23,80,75,75,72,61,45,0],"gold":477,"neow_bonus":"RANDOM_COLORLESS","is_prod":false,"is_daily":false,"chose_seed":false,"campfire_upgraded":0,"win_rate":0,"timestamp":1546676648,"path_taken":["M","M","M","?","?","E","R","E","T","?","E","R","?","M","R","BOSS","M","?","M","M","?","E"],"build_version":"2019-01-03v4","purchased_purges":0,"victory":false,"max_hp_per_floor":[80,80,80,80,80,80,80,80,80,80,80,80,80,80,80,80,80,80,80,80,80,80,80],"card_choices":[{"not_picked":["Thunderclap","Cleave"],"picked":"Armaments","floor":1},{"not_picked":["Battle Trance","Cleave"],"picked":"Perfected Strike","floor":2},{"not_picked":["Battle Trance","Twin Strike"],"picked":"Rupture","floor":3},{"not_picked":["Armaments","Clash"],"picked":"Intimidate","floor":6},{"not_picked":["Clash","Searing Blow"],"picked":"Cleave","floor":8},{"not_picked":["Shrug It Off","Sword Boomerang"],"picked":"Twin Strike","floor":10},{"not_picked":["Headbutt","True Grit","Power Through"],"picked":"SKIP","floor":11},{"not_picked":["Headbutt","Pommel Strike"],"picked":"Rampage","floor":14},{"not_picked":["Impervious","Offering"],"picked":"Berserk","floor":16},{"not_picked":["True Grit","Anger"],"picked":"Evolve","floor":18},{"not_picked":["True Grit","Battle Trance+1"],"picked":"Anger","floor":20},{"not_picked":["Seeing Red","Armaments"],"picked":"Anger+1","floor":21}],"player_experience":140318,"relics_obtained":[{"floor":6,"key":"Lantern"},{"floor":8,"key":"Centennial Puzzle"},{"floor":9,"key":"Pen Nib"},{"floor":11,"key":"Mummified Hand"},{"floor":13,"key":"Ornamental Fan"}],"event_choices":[{"cards_removed":["Defend_R"],"damage_healed":0,"gold_gain":0,"player_choice":"Card Removal","damage_taken":0,"max_hp_gain":0,"max_hp_loss":0,"event_name":"The Cleric","floor":4,"gold_loss":50},{"damage_healed":0,"gold_gain":0,"player_choice":"Upgraded","damage_taken":0,"max_hp_gain":0,"max_hp_loss":0,"event_name":"Upgrade Shrine","floor":5,"gold_loss":0,"cards_upgraded":["Armaments"]},{"damage_healed":0,"gold_gain":0,"player_choice":"Read","damage_taken":0,"max_hp_gain":0,"max_hp_loss":0,"event_name":"The Library","floor":19,"gold_loss":0,"cards_obtained":["Metallicize"]},{"damage_healed":0,"gold_gain":90,"player_choice":"GOLD ","damage_taken":16,"max_hp_gain":0,"max_hp_loss":0,"event_name":"Knowing Skull","floor":22,"potions_obtained":[],"gold_loss":0,"cards_obtained":[]}],"is_beta":false,"boss_relics":[{"not_picked":["Pandora\u0027s Box","Coffee Dripper"],"picked":"Mark of Pain"}],"items_purged_floors":[],"is_endless":false,"potions_floor_spawned":[1,6,8,14,20],"killed_by":"Book of Stabbing","ascension_level":1}