{"gold_per_floor":[165,122,137,26,26,26,57,57,57,57,57,76,88,141,141,141],"floor_reached":16,"playtime":770,"items_purged":[],"score":216,"play_id":"d08822ab-5d31-4a56-ad14-f1d9ce1ee756","local_time":"20181209165128","is_ascension_mode":true,"campfire_choices":[{"data":"Poisoned Stab","floor":6.0,"key":"SMITH"},{"floor":8.0,"key":"REST"},{"data":"Footwork","floor":11.0,"key":"SMITH"},{"data":"Neutralize","floor":15.0,"key":"SMITH"}],"neow_cost":"NONE","seed_source_timestamp":649628541352300,"circlet_count":0,"master_deck":["AscendersBane","Defend_G","Defend_G","Defend_G","Defend_G","Defend_G","Strike_G","Strike_G+1","Strike_G","Strike_G","Strike_G","Survivor","Neutralize+1","Choke","Well Laid Plans","Footwork+1","Poisoned Stab+1","Footwork","Dagger Throw","Decay","Prepared","Infinite Blades+1"],"special_seed":0,"relics":["Tiny House","Centennial Puzzle","Frozen Egg 2"],"potions_floor_usage":[16],"damage_taken":[{"damage":0.0,"enemies":"Cultist","floor":1.0,"turns":4.0},{"damage":0.0,"enemies":"Jaw Worm","floor":3.0,"turns":3.0},{"damage":46.0,"enemies":"Gremlin Nob","floor":7.0,"turns":5.0},{"damage":0.0,"enemies":"3 Sentries","floor":10.0,"turns":2.0},{"damage":0.0,"enemies":"Small Slimes","floor":12.0,"turns":4.0},{"damage":9.0,"enemies":"3 Louse","floor":13.0,"turns":2.0},{"damage":36,"enemies":"Hexaghost","floor":16,"turns":10}],"seed_played":"-4029775525803000676","potions_obtained":[{"floor":0.0,"key":"Poison Potion"},{"floor":7.0,"key":"SmokeBomb"},{"floor":13.0,"key":"AttackPotion"}],"is_trial":false,"path_per_floor":["M","$","M","$","?","R","E","R","T","E","R","M","M","?","R","B"],"character_chosen":"THE_SILENT","items_purchased":["Footwork","Footwork","Dagger Throw"],"campfire_rested":1,"item_purchase_floors":[2,4,4],"current_hp_per_floor":[64,64,64,64,64,64,18,39,39,39,39,39,30,30,30,0],"gold":141,"neow_bonus":"BOSS_RELIC","is_prod":false,"is_daily":false,"chose_seed":false,"campfire_upgraded":3,"win_rate":0,"timestamp":1544392288,"path_taken":["M","?","M","$","?","R","E","R","T","E","R","M","?","?","R","BOSS"],"build_version":"2018-11-15","purchased_purges":0,"victory":false,"max_hp_per_floor":[71,71,71,71,71,71,71,71,71,71,71,71,71,71,71,71],"card_choices":[{"not_picked":["Flying Knee","Slice"],"picked":"Choke","floor":0.0},{"not_picked":["Backstab","Outmaneuver"],"picked":"Well Laid Plans","floor":1.0},{"not_picked":["Riddle With Holes","Caltrops"],"picked":"Poisoned Stab","floor":3.0},{"not_picked":["Outmaneuver","Flying Knee"],"picked":"Prepared","floor":7.0},{"not_picked":["Slice","Prepared","Expertise"],"picked":"SKIP","floor":12.0},{"not_picked":["Prepared","Acrobatics"],"picked":"Infinite Blades+1","floor":13.0}],"player_experience":1792935,"relics_obtained":[{"floor":7.0,"key":"Centennial Puzzle"},{"floor":9.0,"key":"Frozen Egg 2"}],"event_choices":[{"damage_healed":0.0,"max_hp_gain":0.0,"max_hp_loss":0.0,"gold_gain":0.0,"event_name":"Wheel of Change","player_choice":"Cursed","floor":5.0,"gold_loss":0.0,"damage_taken":0.0,"cards_obtained":["Decay"]},{"damage_healed":0.0,"max_hp_gain":0.0,"max_hp_loss":0.0,"gold_gain":53.0,"event_name":"Golden Wing","player_choice":"Gained Gold","floor":14.0,"gold_loss":0.0,"damage_taken":0.0}],"is_beta":true,"boss_relics":[],"items_purged_floors":[],"is_endless":false,"potions_floor_spawned":[7,13],"killed_by":"Hexaghost","ascension_level":20}