{"gold_per_floor":[113,63,63,74,87,118,118,136,193,193,207,225,225,245,245,322,322,338,338,338,356,356,356,51,76,127,127,139,156,156,81,81,153,153,172,172,186,202,220,220,237,237,237,257,257],"floor_reached":45,"playtime":2050,"items_purged":[],"score":848,"play_id":"d39ba6c5-af5f-4fb4-bafa-2c42260a16b4","local_time":"20190209150845","is_ascension_mode":true,"campfire_choices":[{"floor":7,"key":"REST"},{"data":"Armaments","floor":13,"key":"SMITH"},{"floor":15,"key":"REST"},{"data":"Demon Form","floor":23,"key":"SMITH"},{"data":"Spot Weakness","floor":27,"key":"SMITH"},{"data":"Combust","floor":30,"key":"SMITH"},{"data":"Heavy Blade","floor":32,"key":"SMITH"},{"floor":40,"key":"REST"}],"neow_cost":"NONE","seed_source_timestamp":1021206305396279,"circlet_count":0,"master_deck":["AscendersBane","Strike_R+1","Strike_R+1","Strike_R+1","Strike_R+1","Defend_R+1","Defend_R+1","Defend_R+1","Defend_R+1","Cleave","Armaments+1","Sword Boomerang","Iron Wave","Pummel","Ghostly Armor","Spot Weakness+1","Combust+1","Demon Form+1","Shrug It Off","Heavy Blade+1","Pummel","Double Tap","Intimidate","Carnage","Shrug It Off","Disarm","Madness","Madness"],"relics":["Burning Blood","Bag of Marbles","Art of War","Tiny Chest","Dream Catcher","Busted Crown","Oddly Smooth Stone","MutagenicStrength","Gremlin Horn","Omamori","Blood Vial","Fusion Hammer"],"potions_floor_usage":[12,16,16,33,33,39,45],"damage_taken":[{"damage":5,"enemies":"Small Slimes","floor":1,"turns":3},{"damage":0,"enemies":"2 Louse","floor":4,"turns":2},{"damage":12,"enemies":"Jaw Worm","floor":5,"turns":2},{"damage":72,"enemies":"3 Sentries","floor":6,"turns":15},{"damage":18,"enemies":"Exordium Thugs","floor":8,"turns":5},{"damage":7,"enemies":"Looter","floor":11,"turns":3},{"damage":5,"enemies":"Large Slime","floor":12,"turns":6},{"damage":3,"enemies":"2 Fungi Beasts","floor":14,"turns":3},{"damage":5,"enemies":"Slime Boss","floor":16,"turns":7},{"damage":21,"enemies":"Chosen","floor":18,"turns":5},{"damage":6,"enemies":"3 Byrds","floor":21,"turns":4},{"damage":0,"enemies":"Gremlin Leader","floor":25,"turns":4},{"damage":12,"enemies":"Shelled Parasite and Fungi","floor":28,"turns":4},{"damage":9,"enemies":"Chosen and Byrds","floor":29,"turns":3},{"damage":56,"enemies":"Collector","floor":33,"turns":7},{"damage":14,"enemies":"3 Shapes","floor":35,"turns":4},{"damage":0,"enemies":"Orb Walker","floor":37,"turns":2},{"damage":22,"enemies":"4 Shapes","floor":38,"turns":3},{"damage":16,"enemies":"Jaw Worm Horde","floor":39,"turns":5},{"damage":14,"enemies":"Spire Growth","floor":41,"turns":4},{"damage":27,"enemies":"3 Darklings","floor":44,"turns":5},{"damage":40,"enemies":"Reptomancer","floor":45,"turns":5}],"seed_played":"3797488502698177678","potions_obtained":[{"floor":4,"key":"Strength Potion"},{"floor":6,"key":"FearPotion"},{"floor":8,"key":"Block Potion"},{"floor":14,"key":"Regen Potion"},{"floor":18,"key":"Swift Potion"},{"floor":29,"key":"Block Potion"},{"floor":38,"key":"Energy Potion"},{"floor":44,"key":"Explosive Potion"}],"is_trial":false,"path_per_floor":["M","?","?","M","M","E","R","M","T","T","M","M","R","M","R","B",null,"M","?","?","M","?","R","$","E","T","R","M","M","R","?","R","B",null,"M","?","M","M","M","R","M","?","T","M","E"],"character_chosen":"IRONCLAD","items_purchased":["Gremlin Horn","Heavy Blade"],"campfire_rested":3,"item_purchase_floors":[24,24],"current_hp_per_floor":[73,73,78,84,78,12,37,25,25,25,24,25,25,28,53,69,81,66,66,66,66,66,66,66,72,72,72,68,67,67,67,67,19,69,63,63,71,57,49,74,68,57,57,38,0],"gold":257,"neow_bonus":"RANDOM_COMMON_RELIC","is_prod":false,"is_daily":false,"chose_seed":false,"campfire_upgraded":5,"win_rate":0,"timestamp":1549746525,"path_taken":["M","?","?","M","M","E","R","M","T","?","?","M","R","M","R","BOSS","M","?","?","M","?","R","$","E","T","R","M","M","R","?","R","BOSS","M","?","M","M","M","R","?","?","T","M","E"],"build_version":"2019-01-23","purchased_purges":0,"victory":false,"max_hp_per_floor":[80,80,85,85,85,85,85,85,85,85,85,85,85,85,85,85,85,85,85,85,85,85,85,85,85,85,85,85,85,85,85,85,85,85,85,85,85,85,85,85,85,85,85,85,85],"card_choices":[{"not_picked":["True Grit","Anger"],"picked":"Cleave","floor":1},{"not_picked":["Shrug It Off","Battle Trance"],"picked":"Armaments","floor":4},{"not_picked":["Flex","Fire Breathing"],"picked":"Sword Boomerang","floor":5},{"not_picked":["Clash","Flex"],"picked":"Iron Wave","floor":6},{"not_picked":["Heavy Blade","Pommel Strike"],"picked":"Pummel","floor":8},{"not_picked":["Anger","True Grit","Burning Pact"],"picked":"SKIP","floor":11},{"not_picked":["Reckless Charge","Twin Strike"],"picked":"Ghostly Armor","floor":12},{"not_picked":["Bloodletting","Cleave"],"picked":"Spot Weakness","floor":14},{"not_picked":["Bloodletting","Clash"],"picked":"Combust","floor":15},{"not_picked":["Barricade","Immolate"],"picked":"Demon Form","floor":16},{"not_picked":[],"picked":"Shrug It Off","floor":18},{"not_picked":["Anger"],"picked":"SKIP","floor":21},{"not_picked":["Anger"],"picked":"SKIP","floor":25},{"not_picked":["Sever Soul"],"picked":"SKIP","floor":28},{"not_picked":[],"picked":"Pummel","floor":29},{"not_picked":[],"picked":"Double Tap","floor":33},{"not_picked":[],"picked":"Intimidate","floor":35},{"not_picked":[],"picked":"Carnage","floor":37},{"not_picked":[],"picked":"Shrug It Off","floor":38},{"not_picked":["Headbutt"],"picked":"SKIP","floor":39},{"not_picked":[],"picked":"Disarm","floor":40},{"not_picked":["True Grit"],"picked":"SKIP","floor":41},{"not_picked":["Body Slam"],"picked":"SKIP","floor":44}],"player_experience":535408,"relics_obtained":[{"floor":6,"key":"Art of War"},{"floor":9,"key":"Tiny Chest"},{"floor":10,"key":"Dream Catcher"},{"floor":25,"key":"Omamori"},{"floor":26,"key":"Blood Vial"}],"event_choices":[{"cards_removed":["Strike_R"],"damage_healed":0,"gold_gain":0,"player_choice":"Card Removal","damage_taken":0,"max_hp_gain":0,"max_hp_loss":0,"event_name":"The Cleric","floor":2,"gold_loss":50},{"damage_healed":0,"gold_gain":0,"player_choice":"Donut","damage_taken":0,"max_hp_gain":5,"max_hp_loss":0,"event_name":"Big Fish","floor":3,"gold_loss":0},{"damage_healed":0,"gold_gain":0,"player_choice":"Simplicity","damage_taken":0,"max_hp_gain":0,"max_hp_loss":0,"event_name":"Back to Basics","floor":19,"gold_loss":0,"cards_upgraded":["Strike_R","Strike_R","Strike_R","Strike_R","Defend_R","Defend_R","Defend_R","Defend_R"]},{"damage_healed":0,"gold_gain":0,"player_choice":"Opened","damage_taken":0,"relics_obtained":["Oddly Smooth Stone"],"max_hp_gain":0,"max_hp_loss":0,"event_name":"The Mausoleum","floor":20,"gold_loss":0},{"damage_healed":0,"gold_gain":0,"player_choice":"Inject Mutagens","damage_taken":0,"relics_obtained":["MutagenicStrength"],"max_hp_gain":0,"max_hp_loss":0,"event_name":"Drug Dealer","floor":22,"gold_loss":0},{"cards_removed":["Bash"],"damage_healed":0,"gold_gain":0,"player_choice":"Gave Gold","damage_taken":0,"max_hp_gain":0,"max_hp_loss":0,"event_name":"Beggar","floor":31,"gold_loss":75},{"damage_healed":0,"gold_gain":0,"player_choice":"Ignored","damage_taken":0,"max_hp_gain":0,"max_hp_loss":0,"event_name":"SecretPortal","floor":36,"gold_loss":0},{"damage_healed":0,"gold_gain":0,"player_choice":"Embrace Madness","damage_taken":11,"max_hp_gain":0,"max_hp_loss":0,"event_name":"Winding Halls","floor":42,"gold_loss":0,"cards_obtained":["Madness","Madness"]}],"is_beta":false,"boss_relics":[{"not_picked":["Orrery","White Beast Statue"],"picked":"Busted Crown"},{"not_picked":["Eternal Feather","Cursed Key"],"picked":"Fusion Hammer"}],"items_purged_floors":[],"is_endless":false,"potions_floor_spawned":[4,6,8,14,18,29,38,44],"killed_by":"Reptomancer","ascension_level":13}