{"gold_per_floor":[117,117,130,130,148,178,190,190,190,190,224,224,224,237,237,339,339,357,357,357,137,151,151,212,262,262,282,294,307,307,307],"floor_reached":31,"playtime":3866,"items_purged":[],"score":247,"play_id":"ea01028d-78ef-496d-814a-802c01696bc7","local_time":"20190130063447","is_ascension_mode":false,"campfire_choices":[{"floor":8,"key":"REST"},{"data":"Juggernaut","floor":10,"key":"SMITH"},{"floor":12,"key":"REST"},{"data":"Seeing Red","floor":15,"key":"SMITH"},{"floor":23,"key":"REST"},{"floor":30,"key":"REST"}],"neow_cost":"NONE","seed_source_timestamp":85536234996601,"circlet_count":0,"master_deck":["Strike_R","Strike_R","Strike_R","Defend_R","Defend_R","Defend_R","Defend_R","Bash","Armaments","Seeing Red+1","Juggernaut+1","Anger","Cleave","Demon Form","Rage","Pommel Strike","Cleave","Twin Strike","Twin Strike"],"relics":["Burning Blood","NeowsBlessing","Shuriken","Omamori","Ornamental Fan","Oddly Smooth Stone","Eternal Feather","Centennial Puzzle","SsserpentHead","Regal Pillow","StoneCalendar"],"potions_floor_usage":[6,16,22,24,29],"damage_taken":[{"damage":0,"enemies":"2 Louse","floor":1,"turns":1},{"damage":0,"enemies":"Cultist","floor":3,"turns":1},{"damage":0,"enemies":"Small Slimes","floor":5,"turns":1},{"damage":35,"enemies":"Lagavulin","floor":6,"turns":7},{"damage":15,"enemies":"Exordium Thugs","floor":7,"turns":6},{"damage":31,"enemies":"Gremlin Nob","floor":11,"turns":5},{"damage":0,"enemies":"Exordium Wildlife","floor":14,"turns":3},{"damage":26,"enemies":"The Guardian","floor":16,"turns":9},{"damage":32,"enemies":"2 Thieves","floor":18,"turns":5},{"damage":39,"enemies":"3 Byrds","floor":22,"turns":4},{"damage":29,"enemies":"Centurion and Healer","floor":24,"turns":6},{"damage":17,"enemies":"Shelled Parasite and Fungi","floor":27,"turns":7},{"damage":39,"enemies":"Snake Plant","floor":28,"turns":5},{"damage":16,"enemies":"Sentry and Sphere","floor":29,"turns":4},{"damage":57,"enemies":"Slavers","floor":31,"turns":3}],"seed_played":"1982180841786714098","potions_obtained":[{"floor":3,"key":"SpeedPotion"},{"floor":5,"key":"Weak Potion"},{"floor":7,"key":"SteroidPotion"},{"floor":11,"key":"Weak Potion"},{"floor":18,"key":"Regen Potion"},{"floor":28,"key":"BloodPotion"}],"is_trial":false,"path_per_floor":["M","?","M","T","M","E","M","R","T","R","E","R","?","M","R","B",null,"M","?","?","$","M","R","M","?","T","M","M","M","R","E"],"character_chosen":"IRONCLAD","items_purchased":["Rage","Regal Pillow"],"campfire_rested":4,"item_purchase_floors":[21,21],"current_hp_per_floor":[80,80,80,80,80,51,42,66,66,66,41,65,65,71,71,51,80,54,54,54,54,30,78,55,55,55,44,11,9,57,0],"gold":307,"neow_bonus":"THREE_ENEMY_KILL","is_prod":false,"is_daily":false,"chose_seed":false,"campfire_upgraded":2,"win_rate":0,"timestamp":1548848087,"path_taken":["M","?","?","?","M","E","M","R","T","R","E","R","?","M","R","BOSS","M","?","?","$","M","R","?","?","T","M","M","M","R","E"],"build_version":"2019-01-23","purchased_purges":0,"victory":false,"max_hp_per_floor":[80,80,80,80,80,80,80,80,80,80,80,80,80,80,80,80,80,80,80,80,80,80,80,80,80,80,80,80,80,80,80],"card_choices":[{"not_picked":["Heavy Blade","Evolve"],"picked":"Armaments","floor":1},{"not_picked":["Intimidate","Havoc","Perfected Strike"],"picked":"SKIP","floor":3},{"not_picked":["Havoc","Flex","Clothesline"],"picked":"SKIP","floor":5},{"not_picked":["Flame Barrier","Havoc"],"picked":"Seeing Red","floor":6},{"not_picked":["Warcry","Wild Strike"],"picked":"Juggernaut","floor":7},{"not_picked":["Sever Soul","Heavy Blade"],"picked":"Anger","floor":11},{"not_picked":["Iron Wave","Rampage"],"picked":"Cleave","floor":14},{"not_picked":["Juggernaut","Bludgeon"],"picked":"Demon Form","floor":16},{"not_picked":["Warcry","Shockwave+1","Entrench"],"picked":"SKIP","floor":18},{"not_picked":["Shockwave","Blood for Blood"],"picked":"Pommel Strike","floor":22},{"not_picked":["Evolve+1","Heavy Blade"],"picked":"Cleave","floor":24},{"not_picked":["Combust","Fire Breathing","Perfected Strike+1"],"picked":"SKIP","floor":27},{"not_picked":["Flex","Berserk"],"picked":"Twin Strike","floor":28},{"not_picked":["Pommel Strike","Intimidate"],"picked":"Twin Strike","floor":29}],"player_experience":128863,"relics_obtained":[{"floor":4,"key":"Shuriken"},{"floor":6,"key":"Omamori"},{"floor":9,"key":"Ornamental Fan"},{"floor":11,"key":"Oddly Smooth Stone"},{"floor":26,"key":"StoneCalendar"}],"event_choices":[{"cards_removed":["Strike_R"],"damage_healed":0,"gold_gain":0,"player_choice":"Offered Basic","damage_taken":0,"max_hp_gain":0,"max_hp_loss":0,"event_name":"Bonfire Elementals","floor":2,"gold_loss":0},{"damage_healed":0,"gold_gain":0,"player_choice":"Bought 0 Potions","damage_taken":0,"max_hp_gain":0,"max_hp_loss":0,"event_name":"The Woman in Blue","floor":13,"gold_loss":0},{"damage_healed":0,"gold_gain":0,"player_choice":"Opened","damage_taken":0,"relics_obtained":["Centennial Puzzle"],"max_hp_gain":0,"max_hp_loss":0,"event_name":"The Mausoleum","floor":19,"gold_loss":0},{"damage_healed":0,"gold_gain":0,"player_choice":"Trade","damage_taken":0,"relics_obtained":["SsserpentHead"],"max_hp_gain":0,"max_hp_loss":0,"event_name":"FaceTrader","floor":20,"gold_loss":0},{"cards_removed":["Strike_R"],"damage_healed":0,"gold_gain":0,"player_choice":"Card Removal","damage_taken":0,"max_hp_gain":0,"max_hp_loss":0,"event_name":"Wheel of Change","floor":25,"gold_loss":0}],"is_beta":false,"boss_relics":[{"not_picked":["Fusion Hammer","Mark of Pain"],"picked":"Eternal Feather"}],"items_purged_floors":[],"is_endless":false,"potions_floor_spawned":[3,5,7,11,14,18,28],"killed_by":"Slavers","ascension_level":0}