{"gold_per_floor":[214,114,133,93,109,109,135,135,181,213,33,33,33,48,48,146,146,157,192,192,103,153,153,182,163,175,205,217,256,279,308,320,435,447,469,481,493,78,88,88,100,100,100,112,334,334,82,115,115,115],"floor_reached":51,"playtime":6436,"items_purged":["Strike_G","Strike_G"],"score":1049,"play_id":"8d78d971-13fc-4688-8680-3ac869058b4c","local_time":"20190203222941","is_ascension_mode":true,"campfire_choices":[{"data":"Neutralize","floor":6,"key":"SMITH"},{"floor":8,"key":"REST"},{"data":"After Image","floor":13,"key":"SMITH"},{"floor":15,"key":"REST"},{"data":"Footwork","floor":23,"key":"SMITH"},{"floor":28,"key":"REST"},{"data":"Well Laid Plans","floor":32,"key":"SMITH"},{"data":"Cloak And Dagger","floor":40,"key":"SMITH"},{"data":"Footwork","floor":42,"key":"SMITH"},{"data":"Night Terror","floor":46,"key":"SMITH"},{"data":"Footwork","floor":49,"key":"SMITH"}],"neow_cost":"NONE","seed_source_timestamp":262236546681799,"circlet_count":0,"master_deck":["Defend_G","Defend_G","Defend_G","Defend_G","Defend_G","Strike_G","Survivor","Neutralize+1","Backstab","Footwork+1","Quick Slash","Well Laid Plans+1","PiercingWail","After Image+1","Noxious Fumes","Adrenaline","Catalyst","Unload","Poisoned Stab","Heel Hook+1","Calculated Gamble","Dodge and Roll+1","Tactician","Leg Sweep","Dodge and Roll","Adrenaline","Blur","Night Terror+1","Backflip+1","Footwork+1","Cloak And Dagger+1","Backstab","Dodge and Roll+1","Blur+1","Footwork+1","Trip","Concentrate","Quick Slash+1"],"relics":["Ring of the Snake","Art of War","Strawberry","Smiling Mask","Sozu","Red Mask","MawBank","Pocketwatch","Bird Faced Urn","Empty Cage","Shuriken","Kunai","Gremlin Horn","Pear"],"potions_floor_usage":[7,7,16,16],"damage_taken":[{"damage":4,"enemies":"Small Slimes","floor":1,"turns":4},{"damage":0,"enemies":"Cultist","floor":3,"turns":4},{"damage":0,"enemies":"2 Louse","floor":5,"turns":3},{"damage":36,"enemies":"Gremlin Nob","floor":7,"turns":5},{"damage":12,"enemies":"3 Sentries","floor":10,"turns":12},{"damage":0,"enemies":"Looter","floor":14,"turns":4},{"damage":26,"enemies":"Hexaghost","floor":16,"turns":12},{"damage":0,"enemies":"Shell Parasite","floor":18,"turns":6},{"damage":24,"enemies":"Masked Bandits","floor":19,"turns":7},{"damage":1,"enemies":"Book of Stabbing","floor":24,"turns":7},{"damage":9,"enemies":"2 Thieves","floor":25,"turns":5},{"damage":8,"enemies":"Shelled Parasite and Fungi","floor":27,"turns":7},{"damage":3,"enemies":"Gremlin Leader","floor":29,"turns":9},{"damage":0,"enemies":"Centurion and Healer","floor":30,"turns":7},{"damage":0,"enemies":"Chosen and Byrds","floor":31,"turns":7},{"damage":50,"enemies":"Champ","floor":33,"turns":19},{"damage":5,"enemies":"3 Shapes","floor":35,"turns":10},{"damage":3,"enemies":"Orb Walker","floor":39,"turns":6},{"damage":19,"enemies":"Transient","floor":41,"turns":5},{"damage":4,"enemies":"Jaw Worm Horde","floor":44,"turns":8},{"damage":0,"enemies":"Reptomancer","floor":48,"turns":14},{"damage":12,"enemies":"Donu and Deca","floor":50,"turns":18}],"seed_played":"3406368453109816554","potions_obtained":[{"floor":4,"key":"FairyPotion"},{"floor":4,"key":"Strength Potion"},{"floor":4,"key":"PowerPotion"},{"floor":10,"key":"Regen Potion"},{"floor":14,"key":"Ancient Potion"}],"is_trial":false,"path_per_floor":["M","$","M","?","M","R","E","R","T","E","$","$","R","M","R","B",null,"M","?","?","$","?","R","E","M","T","M","R","E","M","M","R","B",null,"M","?","?","$","M","R","M","R","T","M","?","R","$","E","R","B",null],"character_chosen":"THE_SILENT","items_purchased":["Footwork","Quick Slash","Noxious Fumes","Adrenaline","Calculated Gamble","Kunai","Footwork","Cloak And Dagger","Backstab","Footwork","Trip","Concentrate"],"campfire_rested":3,"item_purchase_floors":[2,2,11,11,21,38,38,38,38,47,47,47],"current_hp_per_floor":[59,59,59,59,59,59,23,44,51,39,39,39,39,39,62,51,71,71,47,47,47,47,47,46,37,37,29,52,49,57,65,65,23,64,67,67,67,67,74,74,60,60,60,66,66,66,66,87,87,87],"gold":115,"neow_bonus":"HUNDRED_GOLD","is_prod":false,"is_daily":false,"chose_seed":false,"campfire_upgraded":8,"win_rate":0,"timestamp":1549261781,"path_taken":["M","$","M","?","?","R","E","R","T","E","?","$","R","M","R","BOSS","M","?","?","$","?","R","E","?","T","M","R","E","M","M","R","BOSS","M","?","?","$","?","R","M","R","T","M","?","R","$","E","R","BOSS"],"build_version":"2019-01-23","purchased_purges":2,"victory":true,"max_hp_per_floor":[70,70,70,70,70,70,70,70,77,77,77,77,77,77,77,77,77,77,77,77,77,77,77,77,77,77,77,77,77,77,77,77,77,77,77,77,77,77,77,77,77,77,77,77,77,77,77,87,87,87],"card_choices":[{"not_picked":["Flying Knee","Slice"],"picked":"Backstab","floor":1},{"not_picked":["Bane","Slice"],"picked":"Well Laid Plans","floor":3},{"not_picked":["Well Laid Plans","Catalyst"],"picked":"PiercingWail","floor":5},{"not_picked":["Blade Dance","Reflex","Prepared"],"picked":"SKIP","floor":7},{"not_picked":["Quick Slash","Underhanded Strike"],"picked":"After Image","floor":10},{"not_picked":["Quick Slash","Expertise"],"picked":"Catalyst","floor":14},{"not_picked":["Grand Finale","Storm of Steel"],"picked":"Unload","floor":16},{"not_picked":["Reflex","Underhanded Strike"],"picked":"Poisoned Stab","floor":18},{"not_picked":["Deadly Poison","Backflip"],"picked":"Heel Hook+1","floor":19},{"not_picked":["Bane","Choke"],"picked":"Dodge and Roll+1","floor":24},{"not_picked":["Acrobatics","Bane"],"picked":"Tactician","floor":25},{"not_picked":["Underhanded Strike+1","Eviscerate+1"],"picked":"Leg Sweep","floor":27},{"not_picked":["Reflex","Calculated Gamble"],"picked":"Dodge and Roll","floor":29},{"not_picked":["Dodge and Roll","Deflect+1"],"picked":"Adrenaline","floor":30},{"not_picked":["Underhanded Strike","Dodge and Roll"],"picked":"Blur","floor":31},{"not_picked":["Doppelganger","Wraith Form v2"],"picked":"Night Terror","floor":33},{"not_picked":["Deadly Poison","Bouncing Flask"],"picked":"Backflip+1","floor":35},{"not_picked":["Eviscerate+1","Quick Slash"],"picked":"Dodge and Roll+1","floor":39},{"not_picked":["Terror","Poisoned Stab"],"picked":"Blur+1","floor":41},{"not_picked":["Heel Hook+1","Flying Knee","Backflip"],"picked":"SKIP","floor":44},{"not_picked":["Crippling Poison","Prepared"],"picked":"Quick Slash+1","floor":48}],"player_experience":461840,"relics_obtained":[{"floor":7,"key":"Art of War"},{"floor":9,"key":"Strawberry"},{"floor":10,"key":"Smiling Mask"},{"floor":19,"key":"Red Mask"},{"floor":24,"key":"MawBank"},{"floor":26,"key":"Pocketwatch"},{"floor":29,"key":"Bird Faced Urn"},{"floor":43,"key":"Gremlin Horn"},{"floor":48,"key":"Pear"}],"event_choices":[{"damage_healed":0,"gold_gain":0,"player_choice":"Bought 3 Potions","damage_taken":0,"max_hp_gain":0,"max_hp_loss":0,"event_name":"The Woman in Blue","floor":4,"gold_loss":0},{"damage_healed":0,"gold_gain":0,"player_choice":"Fought Bandits","damage_taken":0,"max_hp_gain":0,"max_hp_loss":0,"event_name":"Masked Bandits","floor":19,"gold_loss":0},{"damage_healed":0,"gold_gain":0,"player_choice":"Ignored","damage_taken":0,"max_hp_gain":0,"max_hp_loss":0,"event_name":"Vampires","floor":20,"gold_loss":0},{"damage_healed":0,"gold_gain":100,"player_choice":"Bet on Murderer","damage_taken":0,"max_hp_gain":0,"max_hp_loss":0,"event_name":"The Joust","floor":22,"gold_loss":50},{"damage_healed":0,"gold_gain":0,"player_choice":"Ignored","damage_taken":0,"max_hp_gain":0,"max_hp_loss":0,"event_name":"Mysterious Sphere","floor":36,"gold_loss":0},{"damage_healed":0,"gold_gain":0,"player_choice":"Gave Potion","damage_taken":0,"relics_obtained":["Shuriken"],"max_hp_gain":0,"max_hp_loss":0,"event_name":"WeMeetAgain","floor":37,"gold_loss":0},{"damage_healed":0,"gold_gain":222,"player_choice":"Wore Mask","damage_taken":0,"max_hp_gain":0,"max_hp_loss":0,"event_name":"Tomb of Lord Red Mask","floor":45,"gold_loss":0}],"is_beta":false,"boss_relics":[{"not_picked":["Tiny House","Ectoplasm"],"picked":"Sozu"},{"not_picked":["Black Star","Snecko Eye"],"picked":"Empty Cage"}],"items_purged_floors":[21,47],"is_endless":false,"potions_floor_spawned":[10,14,19,25,29,35,41,48],"ascension_level":8}