{"gold_per_floor":[111,131,147,161,181,215,227,274,286,315,343,365,377,415,427,537,599,631,643,672,279,291,291,310,132,132,132,132,161,174,174,174,174],"floor_reached":33,"playtime":7696,"items_purged":["Strike_R","Strike_R"],"score":315,"play_id":"db1904ca-f6ab-404a-b399-9af4029442ac","local_time":"20190203223946","is_ascension_mode":false,"campfire_choices":[{"floor":7.0,"key":"REST"},{"floor":13.0,"key":"REST"},{"floor":15.0,"key":"REST"},{"data":"Limit Break","floor":23.0,"key":"SMITH"},{"data":"Demon Form","floor":28.0,"key":"SMITH"},{"data":"Anger","floor":32.0,"key":"SMITH"}],"neow_cost":"CURSE","seed_source_timestamp":2232510399056312,"circlet_count":0,"master_deck":["Strike_R","Strike_R","Defend_R","Defend_R","Defend_R","Defend_R","Bash","Demon Form+1","Pummel","Ghostly Armor","Anger+1","Pummel+1","Twin Strike","Anger","Limit Break+1","Cleave","Rage+1","Reaper","Shrug It Off+1","Armaments+1","Armaments+1","Intimidate+1","Shockwave+1","Thunderclap+1"],"special_seed":0,"relics":["Burning Blood","MawBank","Pear","Singing Bowl","Toxic Egg 2","Tiny House","Spirit Poop","PreservedInsect","Oddly Smooth Stone","Potion Belt","Orichalcum"],"potions_floor_usage":[33,33],"damage_taken":[{"damage":1.0,"enemies":"Jaw Worm","floor":1.0,"turns":5.0},{"damage":6.0,"enemies":"Cultist","floor":2.0,"turns":3.0},{"damage":1.0,"enemies":"2 Louse","floor":3.0,"turns":3.0},{"damage":21.0,"enemies":"Exordium Thugs","floor":4.0,"turns":7.0},{"damage":12.0,"enemies":"2 Fungi Beasts","floor":5.0,"turns":3.0},{"damage":27.0,"enemies":"3 Sentries","floor":6.0,"turns":7.0},{"damage":28.0,"enemies":"Gremlin Nob","floor":8.0,"turns":4.0},{"damage":34.0,"enemies":"Gremlin Gang","floor":10.0,"turns":4.0},{"damage":16.0,"enemies":"Exordium Wildlife","floor":11.0,"turns":5.0},{"damage":0.0,"enemies":"3 Louse","floor":12.0,"turns":3.0},{"damage":35.0,"enemies":"3 Sentries","floor":14.0,"turns":8.0},{"damage":38.0,"enemies":"The Guardian","floor":16.0,"turns":7.0},{"damage":37.0,"enemies":"Chosen","floor":18.0,"turns":5.0},{"damage":19.0,"enemies":"Shell Parasite","floor":20.0,"turns":6.0},{"damage":29.0,"enemies":"Chosen and Byrds","floor":22.0,"turns":6.0},{"damage":20.0,"enemies":"Cultist and Chosen","floor":24.0,"turns":7.0},{"damage":17.0,"enemies":"Slavers","floor":29.0,"turns":6.0},{"damage":15.0,"enemies":"Snake Plant","floor":30.0,"turns":5.0},{"damage":85,"enemies":"Automaton","floor":33,"turns":10}],"seed_played":"-9181348201775400908","potions_obtained":[{"floor":2.0,"key":"GamblersBrew"},{"floor":4.0,"key":"LiquidBronze"},{"floor":5.0,"key":"Block Potion"},{"floor":11.0,"key":"EssenceOfSteel"},{"floor":14.0,"key":"PowerPotion"},{"floor":16.0,"key":"Regen Potion"},{"floor":17.0,"key":"GamblersBrew"},{"floor":20.0,"key":"SteroidPotion"},{"floor":24.0,"key":"FearPotion"}],"is_trial":false,"path_per_floor":["M","M","M","M","M","E","R","E","T","M","M","M","R","E","R","B",null,"M","?","M","$","M","R","M","$","T","?","R","E","M","$","R","B"],"character_chosen":"IRONCLAD","items_purchased":["PreservedInsect","Oddly Smooth Stone","Armaments+1","Shockwave+1"],"campfire_rested":3,"item_purchase_floors":[21,21,21,25],"current_hp_per_floor":[80,80,80,65,59,38,62,50,50,22,12,20,47,18,45,13,99,68,68,69,69,64,64,74,74,74,74,74,83,74,74,74,0],"gold":174,"neow_bonus":"THREE_RARE_CARDS","is_prod":false,"is_daily":false,"chose_seed":false,"campfire_upgraded":3,"win_rate":0.0,"timestamp":1549269586,"path_taken":["M","M","M","M","M","E","R","E","T","M","M","M","R","E","R","BOSS","M","?","M","$","M","R","?","$","T","?","R","E","M","?","R","BOSS"],"build_version":"2019-01-23","purchased_purges":2,"victory":false,"max_hp_per_floor":[80,80,80,80,80,80,80,90,90,90,90,92,92,92,92,92,99,99,99,99,99,99,99,101,101,101,101,101,103,103,103,103,103],"card_choices":[{"not_picked":["Double Tap","Feed"],"picked":"Demon Form","floor":0.0},{"not_picked":["Uppercut","Wild Strike"],"picked":"Pummel","floor":1.0},{"not_picked":["Cleave","Iron Wave"],"picked":"Ghostly Armor","floor":2.0},{"not_picked":["Sword Boomerang","Evolve"],"picked":"Anger","floor":3.0},{"not_picked":["True Grit","Brutality","Pommel Strike"],"picked":"SKIP","floor":4.0},{"not_picked":["Hemokinesis","True Grit"],"picked":"Pummel","floor":5.0},{"not_picked":["Iron Wave","Shrug It Off"],"picked":"Twin Strike","floor":6.0},{"not_picked":["Blood for Blood","Body Slam"],"picked":"Anger","floor":8.0},{"not_picked":["Headbutt","Reckless Charge"],"picked":"Limit Break","floor":10.0},{"not_picked":["Uppercut","Clothesline"],"picked":"Cleave","floor":11.0},{"not_picked":["Clash","Armaments","Fire Breathing"],"picked":"Singing Bowl","floor":12.0},{"not_picked":["Perfected Strike","Anger"],"picked":"Rage","floor":14.0},{"not_picked":["Double Tap+1","Fiend Fire"],"picked":"Reaper","floor":16.0},{"not_picked":["True Grit+1","Rupture","Reckless Charge"],"picked":"Singing Bowl","floor":17.0},{"not_picked":["Headbutt","Feel No Pain"],"picked":"Shrug It Off+1","floor":18.0},{"not_picked":["Rupture","Anger"],"picked":"Armaments+1","floor":20.0},{"not_picked":["Evolve","Uppercut"],"picked":"Intimidate+1","floor":22.0},{"not_picked":["Clothesline","Headbutt","Blood for Blood"],"picked":"Singing Bowl","floor":24.0},{"not_picked":["Twin Strike","Carnage+1","Demon Form"],"picked":"Singing Bowl","floor":29.0},{"not_picked":["Havoc+1","Heavy Blade"],"picked":"Thunderclap+1","floor":30.0}],"player_experience":75416,"relics_obtained":[{"floor":6.0,"key":"MawBank"},{"floor":8.0,"key":"Pear"},{"floor":9.0,"key":"Singing Bowl"},{"floor":14.0,"key":"Toxic Egg 2"},{"floor":26.0,"key":"Potion Belt"},{"floor":29.0,"key":"Orichalcum"}],"event_choices":[{"cards_removed":["Normality"],"damage_healed":0.0,"max_hp_gain":0.0,"max_hp_loss":0.0,"gold_gain":0.0,"event_name":"Bonfire Elementals","player_choice":"Offered Curse","floor":19.0,"gold_loss":0.0,"damage_taken":0.0,"relics_obtained":["Spirit Poop"]},{"cards_removed":["Strike_R"],"damage_healed":0.0,"max_hp_gain":0.0,"max_hp_loss":0.0,"gold_gain":0.0,"event_name":"Purifier","player_choice":"Purged","floor":27.0,"gold_loss":0.0,"damage_taken":0.0}],"is_beta":false,"boss_relics":[{"not_picked":["Lizard Tail","White Beast Statue"],"picked":"Tiny House"}],"items_purged_floors":[21,25],"is_endless":false,"potions_floor_spawned":[2,4,5,11,14,16,20,24],"killed_by":"Automaton","ascension_level":0}