{"gold_per_floor":[113,188,188,188,30,30,44,44,68,68,81,31,31,56,56,146,146,164,185,94,114,127,127,42,2,28,28,44,57,57,7,7,98,98,111,135,158,0,24,24,24,24,92,115,115,136,155,24,24,24],"floor_reached":51,"playtime":6165,"items_purged":["Strike_G","Strike_G","Strike_G","Defend_G"],"score":1057,"play_id":"41b2fee1-c273-4dac-94a6-092df64c67d6","local_time":"20190206010037","is_ascension_mode":true,"campfire_choices":[{"data":"Neutralize","floor":6,"key":"SMITH"},{"data":"Footwork","floor":10,"key":"SMITH"},{"data":"Deadly Poison","floor":13,"key":"SMITH"},{"data":"Footwork","floor":15,"key":"SMITH"},{"data":"Noxious Fumes","floor":23,"key":"SMITH"},{"data":"Burst","floor":30,"key":"SMITH"},{"data":"Malaise","floor":32,"key":"SMITH"},{"data":"Wraith Form v2","floor":40,"key":"SMITH"},{"data":"PiercingWail","floor":42,"key":"SMITH"},{"data":"Poisoned Stab","floor":45,"key":"SMITH"},{"floor":49,"key":"REST"}],"neow_cost":"TEN_PERCENT_HP_LOSS","seed_source_timestamp":1922631136466785,"circlet_count":0,"master_deck":["AscendersBane","Defend_G","Defend_G","Defend_G","Defend_G","Survivor","Neutralize+1","Poisoned Stab+1","Footwork+1","Deadly Poison+1","Backflip","Footwork+1","Dodge and Roll","Malaise+1","Blur","Noxious Fumes+1","Footwork+1","Burst+1","PiercingWail+1","Wraith Form v2+1","Blade Dance+1","PiercingWail+1","Dodge and Roll"],"relics":["Ring of the Snake","Kunai","Golden Idol","Smiling Mask","Runic Pyramid","Centennial Puzzle","Potion Belt","HoveringKite","Ancient Tea Set","Red Mask","Sundial"],"potions_floor_usage":[16,21,50,50,50,50],"damage_taken":[{"damage":0,"enemies":"Jaw Worm","floor":1,"turns":9},{"damage":0,"enemies":"2 Louse","floor":7,"turns":3},{"damage":0,"enemies":"Cultist","floor":11,"turns":4},{"damage":10,"enemies":"Lots of Slimes","floor":14,"turns":9},{"damage":8,"enemies":"The Guardian","floor":16,"turns":9},{"damage":0,"enemies":"Shell Parasite","floor":18,"turns":8},{"damage":0,"enemies":"Chosen","floor":19,"turns":7},{"damage":8,"enemies":"Centurion and Healer","floor":21,"turns":12},{"damage":3,"enemies":"Snecko","floor":22,"turns":10},{"damage":3,"enemies":"Snake Plant","floor":28,"turns":6},{"damage":9,"enemies":"Centurion and Healer","floor":29,"turns":9},{"damage":14,"enemies":"Champ","floor":33,"turns":16},{"damage":0,"enemies":"3 Darklings","floor":35,"turns":8},{"damage":0,"enemies":"Orb Walker","floor":37,"turns":7},{"damage":0,"enemies":"Maw","floor":39,"turns":11},{"damage":0,"enemies":"Writhing Mass","floor":44,"turns":9},{"damage":3,"enemies":"Jaw Worm Horde","floor":46,"turns":6},{"damage":1,"enemies":"4 Shapes","floor":47,"turns":8},{"damage":21,"enemies":"Time Eater","floor":50,"turns":18}],"seed_played":"-8428239639301495489","potions_obtained":[{"floor":7,"key":"Swift Potion"},{"floor":18,"key":"Regen Potion"},{"floor":29,"key":"Strength Potion"},{"floor":35,"key":"GamblersBrew"},{"floor":37,"key":"Explosive Potion"},{"floor":44,"key":"AttackPotion"}],"is_trial":false,"path_per_floor":["M","?","T","?","$","R","M","$","T","R","M","$","R","M","R","B",null,"M","M","$","M","M","R","?","$","T","?","M","M","R","$","R","B",null,"M","T","M","?","M","R","?","R","T","M","R","M","M","$","R","B",null],"character_chosen":"THE_SILENT","items_purchased":["Footwork","Deadly Poison","Backflip","Noxious Fumes","Footwork","GhostInAJar"],"campfire_rested":1,"item_purchase_floors":[5,5,5,20,25,48],"current_hp_per_floor":[59,48,48,27,27,27,27,27,27,27,27,27,27,17,17,9,47,47,47,47,53,50,50,50,50,50,50,47,38,38,38,38,24,51,51,51,51,51,51,51,51,51,51,51,51,48,47,47,60,39],"gold":24,"neow_bonus":"REMOVE_TWO","is_prod":false,"is_daily":false,"chose_seed":false,"campfire_upgraded":10,"win_rate":0,"timestamp":1549432837,"path_taken":["M","?","?","?","$","R","M","$","T","R","M","?","R","?","R","BOSS","M","M","$","?","M","R","?","$","T","?","M","?","R","$","R","BOSS","M","?","M","?","M","R","?","R","T","?","R","M","M","?","R","BOSS"],"build_version":"2019-01-23","purchased_purges":4,"victory":true,"max_hp_per_floor":[60,60,60,60,60,60,60,60,60,60,60,60,60,60,60,60,60,60,60,60,60,60,60,60,60,60,60,60,60,60,60,60,60,60,60,60,60,60,60,60,60,60,60,60,60,60,60,60,60,60],"card_choices":[{"not_picked":["Blade Dance","Infinite Blades"],"picked":"Poisoned Stab","floor":1},{"not_picked":["Terror","Blur"],"picked":"Footwork","floor":7},{"not_picked":["Dagger Throw","Bane","Poisoned Stab"],"picked":"SKIP","floor":11},{"not_picked":["Deadly Poison","Accuracy"],"picked":"Dodge and Roll","floor":14},{"not_picked":["Wraith Form v2","A Thousand Cuts"],"picked":"Malaise","floor":16},{"not_picked":["Riddle With Holes","Underhanded Strike","Dagger Throw"],"picked":"SKIP","floor":18},{"not_picked":["Dagger Throw","Calculated Gamble"],"picked":"Blur","floor":19},{"not_picked":["Bouncing Flask","Deflect","Underhanded Strike"],"picked":"SKIP","floor":21},{"not_picked":["Flying Knee","Dash","Heel Hook"],"picked":"SKIP","floor":22},{"not_picked":["Underhanded Strike+1","Masterful Stab"],"picked":"Burst","floor":28},{"not_picked":["Quick Slash","Dagger Throw"],"picked":"PiercingWail","floor":29},{"not_picked":["Die Die Die","Venomology"],"picked":"Wraith Form v2","floor":33},{"not_picked":["Sucker Punch","Flechettes","Deflect"],"picked":"SKIP","floor":35},{"not_picked":["Dash","Backflip"],"picked":"Blade Dance","floor":37},{"not_picked":["Quick Slash","Dash","Reflex"],"picked":"SKIP","floor":39},{"not_picked":["Underhanded Strike","Dagger Spray"],"picked":"PiercingWail+1","floor":44},{"not_picked":["Flying Knee","Concentrate"],"picked":"Dodge and Roll","floor":46},{"not_picked":["Dagger Spray","Quick Slash+1","Sucker Punch"],"picked":"SKIP","floor":47}],"player_experience":3531384,"relics_obtained":[{"floor":3,"key":"Kunai"},{"floor":9,"key":"Smiling Mask"},{"floor":26,"key":"Potion Belt"},{"floor":36,"key":"Ancient Tea Set"},{"floor":43,"key":"Sundial"}],"event_choices":[{"damage_healed":0,"gold_gain":75,"player_choice":"Gather Gold","damage_taken":11,"max_hp_gain":0,"max_hp_loss":0,"event_name":"World of Goop","floor":2,"gold_loss":0},{"damage_healed":0,"gold_gain":0,"player_choice":"Take Damage","damage_taken":21,"relics_obtained":["Golden Idol"],"max_hp_gain":0,"max_hp_loss":0,"event_name":"Golden Idol","floor":4,"gold_loss":0},{"damage_healed":0,"gold_gain":0,"player_choice":"Obtained Relic","damage_taken":0,"relics_obtained":["Centennial Puzzle"],"max_hp_gain":0,"max_hp_loss":0,"event_name":"Addict","floor":24,"gold_loss":85},{"damage_healed":0,"gold_gain":0,"player_choice":"Forge","damage_taken":0,"max_hp_gain":0,"max_hp_loss":0,"event_name":"Accursed Blacksmith","floor":27,"gold_loss":0,"cards_upgraded":["Footwork"]},{"damage_healed":0,"gold_gain":0,"player_choice":"Paid","damage_taken":0,"relics_obtained":["Red Mask"],"max_hp_gain":0,"max_hp_loss":0,"event_name":"Tomb of Lord Red Mask","floor":38,"gold_loss":158},{"damage_healed":0,"gold_gain":0,"player_choice":"Upgraded","damage_taken":0,"max_hp_gain":0,"max_hp_loss":0,"event_name":"Upgrade Shrine","floor":41,"gold_loss":0,"cards_upgraded":["Blade Dance"]}],"is_beta":false,"boss_relics":[{"not_picked":["Runic Dome","Astrolabe"],"picked":"Runic Pyramid"},{"not_picked":["Eternal Feather","Fusion Hammer"],"picked":"HoveringKite"}],"items_purged_floors":[12,20,31,48],"is_endless":false,"potions_floor_spawned":[7,18,29,35,37,44],"ascension_level":16}