{"gold_per_floor":[119,134,153,153,173,173,202,202,229,259,272,339,350,361,361,463,463,477,477,492,492,506,506,538,366,389,405,405,438,438,450,450,555,555,574,66,118,118,138,138,158,158,182,194,0,12,38,66,78,90],"floor_reached":50,"playtime":1626,"items_purged":["Writhe"],"score":674,"play_id":"6d543ebe-8300-4dde-8794-2776fdf987e3","local_time":"20190122230345","is_ascension_mode":true,"campfire_choices":[{"data":"Double Tap","floor":6,"key":"SMITH"},{"data":"Cleave","floor":8,"key":"SMITH"},{"floor":15,"key":"REST"},{"floor":23,"key":"REST"},{"floor":30,"key":"REST"},{"data":"Apotheosis","floor":32,"key":"SMITH"},{"floor":40,"key":"REST"},{"floor":42,"key":"REST"},{"floor":49,"key":"REST"}],"neow_cost":"NONE","seed_source_timestamp":1160772038290478,"circlet_count":0,"master_deck":["Strike_R","Strike_R","Strike_R","Strike_R","Defend_R","Defend_R","Defend_R","Defend_R","Bash","Offering","Thunderclap+1","Double Tap+1","Cleave+1","Inflame","Shockwave","Power Through","Pummel","Bludgeon","Flex","J.A.X.","Heavy Blade","Necronomicurse","True Grit+1","Inflame","Shrug It Off","Apotheosis+1","Inflame","Pommel Strike+1","Flex","Double Tap","Body Slam","Evolve+1","Ghostly Armor+1","Flame Barrier+1","Fire Breathing+1","Reckless Charge+1","Madness","Madness","Parasite","Body Slam+1","Clothesline","Twin Strike+1"],"relics":["Burning Blood","Happy Flower","Dream Catcher","Bag of Preparation","Sozu","Necronomicon","Regal Pillow","Vajra","Bronze Scales","Self Forming Clay","Mark of Pain","Strawberry","Pocketwatch","Du-Vu Doll","MawBank","Red Mask"],"potions_floor_usage":[7,7,16,16,20,27],"damage_taken":[{"damage":0,"enemies":"2 Louse","floor":1,"turns":3},{"damage":4,"enemies":"Cultist","floor":2,"turns":5},{"damage":8,"enemies":"Jaw Worm","floor":3,"turns":2},{"damage":0,"enemies":"Exordium Wildlife","floor":5,"turns":3},{"damage":6,"enemies":"Gremlin Nob","floor":7,"turns":2},{"damage":31,"enemies":"3 Sentries","floor":10,"turns":4},{"damage":0,"enemies":"2 Fungi Beasts","floor":11,"turns":1},{"damage":6,"enemies":"Lots of Slimes","floor":13,"turns":2},{"damage":9,"enemies":"3 Louse","floor":14,"turns":3},{"damage":20,"enemies":"Slime Boss","floor":16,"turns":6},{"damage":6,"enemies":"3 Byrds","floor":18,"turns":3},{"damage":12,"enemies":"Shell Parasite","floor":20,"turns":4},{"damage":3,"enemies":"Centurion and Healer","floor":22,"turns":4},{"damage":17,"enemies":"Book of Stabbing","floor":24,"turns":2},{"damage":0,"enemies":"Snake Plant","floor":27,"turns":1},{"damage":23,"enemies":"Slavers","floor":29,"turns":3},{"damage":0,"enemies":"Sentry and Sphere","floor":31,"turns":3},{"damage":29,"enemies":"Champ","floor":33,"turns":6},{"damage":10,"enemies":"Orb Walker","floor":35,"turns":3},{"damage":20,"enemies":"2 Orb Walkers","floor":37,"turns":3},{"damage":21,"enemies":"3 Darklings","floor":39,"turns":3},{"damage":40,"enemies":"Sphere and 2 Shapes","floor":41,"turns":3},{"damage":27,"enemies":"Writhing Mass","floor":47,"turns":4},{"damage":6,"enemies":"Jaw Worm Horde","floor":48,"turns":2},{"damage":91,"enemies":"Donu and Deca","floor":50,"turns":6}],"seed_played":"7774035256760629844","potions_obtained":[{"floor":1,"key":"Dexterity Potion"},{"floor":2,"key":"Fire Potion"},{"floor":3,"key":"Poison Potion"},{"floor":11,"key":"Block Potion"},{"floor":14,"key":"Block Potion"},{"floor":16,"key":"Block Potion"}],"is_trial":false,"path_per_floor":["M","M","M","?","M","R","E","R","T","E","M","?","M","M","R","B",null,"M","?","M","?","M","R","E","$","T","M","?","E","R","M","R","B",null,"M","$","?","?","M","R","M","R","T","?","?","$","M","M","R","B"],"character_chosen":"IRONCLAD","items_purchased":["Apotheosis","Strawberry","Pocketwatch"],"campfire_rested":6,"item_purchase_floors":[25,36,36],"current_hp_per_floor":[80,80,78,78,80,80,80,80,80,55,61,61,61,58,80,66,77,77,77,71,55,58,80,69,69,69,75,75,58,80,80,80,57,74,70,77,63,63,48,87,53,87,87,76,76,76,55,55,87,0],"gold":90,"neow_bonus":"ONE_RANDOM_RARE_CARD","is_prod":false,"is_daily":false,"chose_seed":false,"campfire_upgraded":3,"win_rate":0,"timestamp":1548219825,"path_taken":["M","M","M","?","?","R","E","R","T","E","M","?","M","M","R","BOSS","M","?","M","?","M","R","E","$","T","M","?","E","R","M","R","BOSS","M","$","?","?","?","R","M","R","T","?","?","$","M","M","R","BOSS"],"build_version":"2019-01-17v2","purchased_purges":1,"victory":false,"max_hp_per_floor":[80,80,80,80,80,80,80,80,80,80,80,80,80,80,80,80,80,80,80,80,80,80,80,80,80,80,80,80,80,80,80,80,80,80,80,87,87,87,87,87,87,87,87,87,87,87,87,87,87,87],"card_choices":[{"not_picked":["Clothesline","True Grit","Bloodletting"],"picked":"SKIP","floor":1},{"not_picked":["Iron Wave","Sword Boomerang","Disarm"],"picked":"SKIP","floor":2},{"not_picked":["Metallicize","Clothesline"],"picked":"Thunderclap","floor":3},{"not_picked":["True Grit","Power Through"],"picked":"Double Tap","floor":5},{"not_picked":["Body Slam","Clothesline"],"picked":"Cleave","floor":7},{"not_picked":["Fiend Fire","Dark Embrace","Armaments"],"picked":"SKIP","floor":10},{"not_picked":["Evolve","Searing Blow"],"picked":"Inflame","floor":11},{"not_picked":["Metallicize","Twin Strike"],"picked":"Shockwave","floor":13},{"not_picked":["Armaments","Iron Wave"],"picked":"Power Through","floor":14},{"not_picked":["Warcry","Cleave"],"picked":"Pummel","floor":15},{"not_picked":["Fiend Fire","Reaper"],"picked":"Bludgeon","floor":16},{"not_picked":["Warcry","Feel No Pain"],"picked":"Flex","floor":18},{"not_picked":["Iron Wave","Armaments+1"],"picked":"Heavy Blade","floor":20},{"not_picked":["Battle Trance","Blood for Blood+1"],"picked":"True Grit+1","floor":22},{"not_picked":["Anger+1","Battle Trance"],"picked":"Inflame","floor":23},{"not_picked":["Evolve","Body Slam"],"picked":"Shrug It Off","floor":24},{"not_picked":["Sever Soul","Berserk"],"picked":"Inflame","floor":27},{"not_picked":["Shrug It Off","Disarm"],"picked":"Pommel Strike+1","floor":29},{"not_picked":["Armaments","Shockwave"],"picked":"Flex","floor":31},{"not_picked":["Feed","Brutality"],"picked":"Double Tap","floor":33},{"not_picked":["Anger","Feel No Pain+1"],"picked":"Body Slam","floor":35},{"not_picked":["Iron Wave","Headbutt"],"picked":"Evolve+1","floor":37},{"not_picked":["Cleave","Fire Breathing+1"],"picked":"Ghostly Armor+1","floor":39},{"not_picked":["Thunderclap+1","Dark Embrace"],"picked":"Flame Barrier+1","floor":40},{"not_picked":["Anger","Flex"],"picked":"Fire Breathing+1","floor":41},{"not_picked":["Armaments+1","Rage"],"picked":"Reckless Charge+1","floor":42},{"not_picked":["Searing Blow","Warcry"],"picked":"Body Slam+1","floor":47},{"not_picked":["Warcry+1","Corruption"],"picked":"Clothesline","floor":48},{"not_picked":["Thunderclap","Demon Form"],"picked":"Twin Strike+1","floor":49}],"player_experience":296312,"relics_obtained":[{"floor":7,"key":"Happy Flower"},{"floor":9,"key":"Dream Catcher"},{"floor":10,"key":"Bag of Preparation"},{"floor":21,"key":"Necronomicon"},{"floor":24,"key":"Regal Pillow"},{"floor":26,"key":"Vajra"},{"floor":29,"key":"Self Forming Clay"},{"floor":37,"key":"Du-Vu Doll"},{"floor":43,"key":"MawBank"}],"event_choices":[{"damage_healed":0,"gold_gain":0,"player_choice":"Forge","damage_taken":0,"max_hp_gain":0,"max_hp_loss":0,"event_name":"Accursed Blacksmith","floor":4,"gold_loss":0,"cards_upgraded":["Thunderclap"]},{"damage_healed":0,"gold_gain":67,"player_choice":"Gained Gold","damage_taken":0,"max_hp_gain":0,"max_hp_loss":0,"event_name":"Golden Wing","floor":12,"gold_loss":0},{"damage_healed":0,"gold_gain":0,"player_choice":"Obtain J.A.X.","damage_taken":0,"max_hp_gain":0,"max_hp_loss":0,"event_name":"Drug Dealer","floor":19,"gold_loss":0,"cards_obtained":["J.A.X."]},{"damage_healed":0,"gold_gain":0,"player_choice":"Obtained Book","damage_taken":16,"max_hp_gain":0,"max_hp_loss":0,"event_name":"Cursed Tome","floor":21,"gold_loss":0},{"damage_healed":0,"gold_gain":0,"player_choice":"Opened","damage_taken":0,"relics_obtained":["Bronze Scales"],"max_hp_gain":0,"max_hp_loss":0,"event_name":"The Mausoleum","floor":28,"gold_loss":0,"cards_obtained":["Writhe"]},{"damage_healed":0,"gold_gain":0,"player_choice":"Fight","damage_taken":0,"max_hp_gain":0,"max_hp_loss":0,"event_name":"Mysterious Sphere","floor":37,"gold_loss":0},{"cards_removed":["Strike_R"],"damage_healed":0,"gold_gain":0,"player_choice":"Purged","damage_taken":0,"max_hp_gain":0,"max_hp_loss":0,"event_name":"Purifier","floor":38,"gold_loss":0},{"damage_healed":0,"gold_gain":0,"player_choice":"Embrace Madness","damage_taken":11,"max_hp_gain":0,"max_hp_loss":0,"event_name":"Winding Halls","floor":44,"gold_loss":0,"cards_obtained":["Madness","Madness"]},{"damage_healed":0,"gold_gain":0,"player_choice":"Paid","damage_taken":0,"relics_obtained":["Red Mask"],"max_hp_gain":0,"max_hp_loss":0,"event_name":"Tomb of Lord Red Mask","floor":45,"gold_loss":206}],"is_beta":false,"boss_relics":[{"not_picked":["Snecko Eye","Pandora\u0027s Box"],"picked":"Sozu"},{"not_picked":["Runic Dome","Black Star"],"picked":"Mark of Pain"}],"items_purged_floors":[36],"is_endless":false,"potions_floor_spawned":[1,2,3,11,14,16,22,29,33,37,39],"killed_by":"Donu and Deca","ascension_level":5}