{"gold_per_floor":[16,26,44,55,73,73,101,101,156,156,184,199,211,211],"floor_reached":14,"playtime":1921,"items_purged":[],"score":104,"play_id":"fbb4b48b-b258-42f2-bbce-33ee8c094a33","local_time":"20190106171923","is_ascension_mode":false,"campfire_choices":[{"floor":6,"key":"REST"},{"data":"Noxious Fumes","floor":8,"key":"SMITH"},{"floor":10,"key":"REST"}],"neow_cost":"NO_GOLD","seed_source_timestamp":1328706124916587,"circlet_count":0,"master_deck":["Defend_G","Defend_G","Defend_G","Defend_G","Defend_G","Strike_G","Strike_G","Strike_G","Survivor","Neutralize","Noxious Fumes+1","Venomology","Crippling Poison","Caltrops","PiercingWail","Quick Slash","Venomology","Flying Knee","Poisoned Stab","Flying Knee","Caltrops"],"relics":["Ring of the Snake","Oddly Smooth Stone","Bronze Scales","Bottled Lightning"],"potions_floor_usage":[1,3,4,5,5,7,11,11,11,12,12,13,13,14],"damage_taken":[{"damage":3,"enemies":"Jaw Worm","floor":1,"turns":5},{"damage":0,"enemies":"2 Louse","floor":2,"turns":4},{"damage":3,"enemies":"Small Slimes","floor":3,"turns":4},{"damage":11,"enemies":"Exordium Wildlife","floor":4,"turns":6},{"damage":15,"enemies":"Gremlin Gang","floor":5,"turns":4},{"damage":19,"enemies":"Lagavulin","floor":7,"turns":9},{"damage":28,"enemies":"Gremlin Nob","floor":11,"turns":5},{"damage":8,"enemies":"2 Fungi Beasts","floor":12,"turns":2},{"damage":1,"enemies":"Looter","floor":13,"turns":3},{"damage":24,"enemies":"The Mushroom Lair","floor":14,"turns":2}],"seed_played":"6440059571791923313","potions_obtained":[{"floor":2,"key":"Explosive Potion"},{"floor":4,"key":"GamblersBrew"},{"floor":11,"key":"GhostInAJar"},{"floor":12,"key":"Fire Potion"}],"is_trial":false,"path_per_floor":["M","M","M","M","M","R","E","R","T","R","E","M","M","?"],"character_chosen":"THE_SILENT","items_purchased":[],"campfire_rested":2,"item_purchase_floors":[],"current_hp_per_floor":[67,67,64,53,38,59,40,40,40,61,33,25,24,0],"gold":211,"neow_bonus":"TRANSFORM_TWO_CARDS","is_prod":false,"is_daily":false,"chose_seed":false,"campfire_upgraded":1,"win_rate":0.0,"timestamp":1546813163,"path_taken":["M","M","M","M","M","R","E","R","T","R","E","M","M","?"],"build_version":"2019-01-03v4","purchased_purges":0,"victory":false,"max_hp_per_floor":[70,70,70,70,70,70,70,70,70,70,70,70,70,70],"card_choices":[{"not_picked":["Bane","Blade Dance"],"picked":"Crippling Poison","floor":1},{"not_picked":["Backflip","Acrobatics"],"picked":"Caltrops","floor":2},{"not_picked":["Eviscerate","Finisher"],"picked":"PiercingWail","floor":3},{"not_picked":["Masterful Stab","Flying Knee"],"picked":"Quick Slash","floor":4},{"not_picked":["Skewer","Prepared"],"picked":"Venomology","floor":5},{"not_picked":["Prepared","Dagger Spray"],"picked":"Flying Knee","floor":7},{"not_picked":["Deadly Poison","Bane"],"picked":"Poisoned Stab","floor":11},{"not_picked":["Outmaneuver","Finisher"],"picked":"Flying Knee","floor":12},{"not_picked":["Riddle With Holes","Catalyst"],"picked":"Caltrops","floor":13}],"player_experience":33415,"relics_obtained":[{"floor":7,"key":"Oddly Smooth Stone"},{"floor":9,"key":"Bronze Scales"},{"floor":11,"key":"Bottled Lightning"}],"event_choices":[{"damage_healed":0,"gold_gain":0,"player_choice":"Fought Mushrooms","damage_taken":0,"max_hp_gain":0,"max_hp_loss":0,"event_name":"Mushrooms","floor":14,"gold_loss":0}],"is_beta":false,"boss_relics":[],"items_purged_floors":[],"is_endless":false,"potions_floor_spawned":[2,4,11,12],"killed_by":"The Mushroom Lair","ascension_level":0}