{"gold_per_floor":[112,38,213,213,213,245,264,292,292,304,160,173,173,192,192,294,294,307,307,62,62,62,62,62],"floor_reached":24,"playtime":752,"items_purged":["Strike_B"],"score":442,"play_id":"4548eeef-7708-42bf-9926-2e6e50029201","local_time":"20181225212144","is_ascension_mode":true,"campfire_choices":[{"data":"Defragment","floor":13,"key":"SMITH"},{"data":"Zap","floor":15,"key":"SMITH"},{"data":"Redo","floor":23,"key":"SMITH"}],"neow_cost":"NONE","seed_source_timestamp":706609178821568,"circlet_count":0,"master_deck":["AscendersBane","Strike_B","Strike_B+1","Strike_B","Defend_B","Defend_B","Defend_B","Defend_B","Zap+1","Dualcast","FTL","Defragment+1","Conserve Battery","Glacier","All For One+1","Tempest","Loop","All For One","Steam","Leap","FTL","Steam","Glacier","Redo+1","Loop"],"relics":["Cracked Core","NeowsBlessing","Letter Opener","Spirit Poop","Girya","Bottled Flame","Whetstone","Orrery","Runic Capacitor"],"potions_floor_usage":[8,16,21],"damage_taken":[{"damage":0,"enemies":"Small Slimes","floor":1,"turns":1},{"damage":0,"enemies":"3 Sentries","floor":6,"turns":1},{"damage":0,"enemies":"2 Louse","floor":7,"turns":1},{"damage":17,"enemies":"Gremlin Nob","floor":8,"turns":4},{"damage":6,"enemies":"Cultist","floor":10,"turns":3},{"damage":1,"enemies":"Blue Slaver","floor":12,"turns":4},{"damage":11,"enemies":"Exordium Thugs","floor":14,"turns":5},{"damage":0,"enemies":"Slime Boss","floor":16,"turns":6},{"damage":0,"enemies":"Spheric Guardian","floor":18,"turns":6},{"damage":33,"enemies":"Colosseum Slavers","floor":21,"turns":5},{"damage":33,"enemies":"Slavers","floor":24,"turns":7}],"seed_played":"-8054440412086993745","potions_obtained":[{"floor":7,"key":"Poison Potion"},{"floor":10,"key":"AttackPotion"},{"floor":14,"key":"SteroidPotion"},{"floor":16,"key":"Regen Potion"}],"is_trial":false,"path_per_floor":["M","$","?","?","?","E","M","E","T","M","$","M","R","M","R","B",null,"M","?","$","?","?","R","E"],"character_chosen":"DEFECT","items_purchased":["Defragment","Loop","Loop","Runic Capacitor"],"campfire_rested":0,"item_purchase_floors":[2,11,20,20],"current_hp_per_floor":[68,68,68,43,43,43,43,26,26,20,20,19,19,8,8,8,58,58,58,58,39,25,25,0],"gold":62,"neow_bonus":"THREE_ENEMY_KILL","is_prod":false,"is_daily":false,"chose_seed":false,"campfire_upgraded":3,"win_rate":0,"timestamp":1545740504,"path_taken":["M","$","?","?","?","E","M","E","T","M","$","M","R","?","R","BOSS","M","?","?","?","?","R","E"],"build_version":"2018-12-20","purchased_purges":1,"victory":false,"max_hp_per_floor":[75,75,75,75,75,75,75,75,75,75,75,75,75,75,75,75,75,75,75,75,75,80,80,80],"card_choices":[{"not_picked":["Rebound","Recycle"],"picked":"FTL","floor":1},{"not_picked":["Gash","Compile Driver"],"picked":"Conserve Battery","floor":6},{"not_picked":["Doom and Gloom","Beam Cell"],"picked":"Glacier","floor":7},{"not_picked":["Beam Cell","Conserve Battery"],"picked":"All For One","floor":8},{"not_picked":["Coolheaded","Reprogram"],"picked":"Tempest","floor":10},{"not_picked":["Redo","Barrage","Scrape"],"picked":"SKIP","floor":12},{"not_picked":["Sunder","Stack","Streamline"],"picked":"SKIP","floor":14},{"not_picked":["Amplify","Machine Learning"],"picked":"All For One","floor":16},{"not_picked":["Compile Driver","Coolheaded"],"picked":"Steam","floor":17},{"not_picked":["Skim","Streamline"],"picked":"Leap","floor":17},{"not_picked":["Reprogram","Barrage"],"picked":"FTL","floor":17},{"not_picked":["Cold Snap","Stack"],"picked":"Steam","floor":17},{"not_picked":["Thunder Strike","Lockon"],"picked":"Glacier","floor":17},{"not_picked":["White Noise","Barrage"],"picked":"Redo","floor":18}],"player_experience":681411,"relics_obtained":[{"floor":6,"key":"Girya"},{"floor":8,"key":"Bottled Flame"},{"floor":9,"key":"Whetstone"}],"event_choices":[{"damage_healed":0,"gold_gain":175,"player_choice":"AGREE","damage_taken":0,"max_hp_gain":0,"max_hp_loss":0,"event_name":"Liars Game","floor":3,"gold_loss":0,"cards_obtained":["Doubt"]},{"damage_healed":0,"gold_gain":0,"player_choice":"Success","damage_taken":25,"relics_obtained":["Letter Opener"],"max_hp_gain":0,"max_hp_loss":0,"event_name":"Scrap Ooze","floor":4,"gold_loss":0},{"cards_removed":["Doubt"],"damage_healed":0,"gold_gain":0,"player_choice":"Offered Curse","damage_taken":0,"relics_obtained":["Spirit Poop"],"max_hp_gain":0,"max_hp_loss":0,"event_name":"Bonfire Elementals","floor":5,"gold_loss":0},{"damage_healed":0,"gold_gain":0,"player_choice":"Bought 0 Potions","damage_taken":0,"max_hp_gain":0,"max_hp_loss":0,"event_name":"The Woman in Blue","floor":19,"gold_loss":0},{"damage_healed":0,"gold_gain":0,"player_choice":"Fight","damage_taken":0,"max_hp_gain":0,"max_hp_loss":0,"event_name":"Colosseum","floor":21,"gold_loss":0},{"damage_healed":0,"gold_gain":0,"player_choice":"Fled From Nobs","damage_taken":0,"max_hp_gain":0,"max_hp_loss":0,"event_name":"Colosseum","floor":21,"gold_loss":0},{"damage_healed":0,"gold_gain":0,"player_choice":"Shed Blood","damage_taken":19,"max_hp_gain":5,"max_hp_loss":0,"event_name":"Forgotten Altar","floor":22,"gold_loss":0}],"is_beta":false,"boss_relics":[{"not_picked":["Philosopher\u0027s Stone","Empty Cage"],"picked":"Orrery"}],"items_purged_floors":[11],"is_endless":false,"potions_floor_spawned":[7,10,14,16,21],"killed_by":"Slavers","ascension_level":12}