{"gold_per_floor":[11,11,11,86,97,97,131,131,212,230,265,3,303,317,317,415,415,434,434,86,86,104,104,121,150,150,150,162,62,62,76,76,171,171,184,200,200,219,229,229,229,260,260,260],"floor_reached":44,"playtime":2937,"items_purged":["Strike_B","Defend_B+1"],"score":561,"play_id":"02dae7e7-fb78-446e-9450-4792b096ff4a","local_time":"20190113184021","is_ascension_mode":true,"campfire_choices":[{"floor":6,"key":"REST"},{"floor":8,"key":"REST"},{"floor":15,"key":"REST"},{"data":"Loop","floor":23,"key":"SMITH"},{"floor":27,"key":"REST"},{"floor":32,"key":"RECALL"},{"floor":40,"key":"REST"}],"neow_cost":"NO_GOLD","seed_source_timestamp":417597144051740,"circlet_count":0,"master_deck":["Strike_B+1","Strike_B+1","Strike_B+1","Defend_B+1","Defend_B+1","Defend_B+1","Zap","Dualcast","Good Instincts","Finesse","Sweeping Beam","Doom and Gloom","White Noise+1","Conserve Battery","Compile Driver","Loop+1","Compile Driver","Echo Form","Double Energy+1","Self Repair","Melter","Ball Lightning","Force Field","Rebound+1","Seek","Streamline","BootSequence+1","Forethought"],"relics":["FrozenCore","Du-Vu Doll","Cables","Symbiotic Virus","Regal Pillow","Old Coin","Anchor","Ancient Tea Set","Eternal Feather","Singing Bowl","Gremlin Horn"],"potions_floor_usage":[11,16,22,33,33,42,42,44],"damage_taken":[{"damage":0,"enemies":"2 Louse","floor":1,"turns":2},{"damage":2,"enemies":"Small Slimes","floor":5,"turns":3},{"damage":34,"enemies":"Gremlin Nob","floor":7,"turns":4},{"damage":7,"enemies":"Jaw Worm","floor":10,"turns":3},{"damage":8,"enemies":"Lagavulin","floor":11,"turns":4},{"damage":25,"enemies":"Exordium Thugs","floor":14,"turns":4},{"damage":30,"enemies":"Slime Boss","floor":16,"turns":7},{"damage":14,"enemies":"Shell Parasite","floor":18,"turns":4},{"damage":9,"enemies":"3 Byrds","floor":22,"turns":5},{"damage":10,"enemies":"Sentry and Sphere","floor":24,"turns":4},{"damage":24,"enemies":"Book of Stabbing","floor":25,"turns":4},{"damage":12,"enemies":"Snake Plant","floor":28,"turns":3},{"damage":6,"enemies":"Centurion and Healer","floor":31,"turns":5},{"damage":41,"enemies":"Collector","floor":33,"turns":7},{"damage":6,"enemies":"3 Shapes","floor":35,"turns":4},{"damage":59,"enemies":"3 Darklings","floor":36,"turns":6},{"damage":14,"enemies":"4 Shapes","floor":38,"turns":7},{"damage":20,"enemies":"Sphere and 2 Shapes","floor":39,"turns":6},{"damage":67,"enemies":"Reptomancer","floor":42,"turns":8},{"damage":15,"enemies":"Mind Bloom Boss Battle","floor":44,"turns":3}],"seed_played":"5993582380245976375","potions_obtained":[{"floor":7,"key":"EssenceOfSteel"},{"floor":14,"key":"Energy Potion"},{"floor":18,"key":"Regen Potion"},{"floor":28,"key":"Energy Potion"},{"floor":30,"key":"Strength Potion"},{"floor":30,"key":"Dexterity Potion"},{"floor":30,"key":"GamblersBrew"},{"floor":31,"key":"FocusPotion"},{"floor":38,"key":"Block Potion"},{"floor":39,"key":"Energy Potion"}],"is_trial":false,"path_per_floor":["M","?","?","?","M","R","E","R","T","M","E","$","T","M","R","B",null,"M","?","$","?","M","R","M","E","T","R","M","$","?","M","R","B",null,"M","M","?","M","M","R","?","E","T","?"],"character_chosen":"DEFECT","items_purchased":["Regal Pillow","Loop","Self Repair","Melter","Ball Lightning","Anchor"],"campfire_rested":5,"item_purchase_floors":[12,12,20,20,20,20],"current_hp_per_floor":[75,75,60,49,47,69,35,57,57,50,42,42,42,17,54,24,75,61,61,61,61,75,75,65,48,48,75,70,70,70,71,71,30,75,75,23,23,23,17,69,69,11,11,0],"gold":260,"neow_bonus":"RANDOM_COLORLESS_2","is_prod":false,"is_daily":false,"chose_seed":false,"campfire_upgraded":1,"win_rate":0,"timestamp":1547422821,"path_taken":["M","?","?","?","M","R","E","R","T","M","E","$","?","?","R","BOSS","M","?","$","?","?","R","M","E","T","R","M","$","?","M","R","BOSS","M","M","?","M","?","R","?","E","T","?"],"build_version":"2019-01-10","purchased_purges":2,"victory":false,"max_hp_per_floor":[75,75,75,75,75,75,75,75,75,75,75,75,75,75,75,75,75,75,75,75,75,75,75,75,75,75,75,75,75,75,75,75,75,75,75,75,75,75,75,75,75,77,77,77],"card_choices":[{"not_picked":["Double Energy","Turbo"],"picked":"Sweeping Beam","floor":1},{"not_picked":["Hologram","Ball Lightning"],"picked":"Doom and Gloom","floor":5},{"not_picked":["Hologram","Steam Power"],"picked":"White Noise","floor":7},{"not_picked":["Steam","Rip and Tear"],"picked":"Conserve Battery","floor":10},{"not_picked":["Barrage","Leap"],"picked":"Compile Driver","floor":11},{"not_picked":["Tempest","Gash"],"picked":"Compile Driver","floor":14},{"not_picked":["Meteor Strike","Rainbow"],"picked":"Echo Form","floor":16},{"not_picked":["Leap","Skim"],"picked":"Double Energy+1","floor":18},{"not_picked":["Go for the Eyes+1","Steam","Leap"],"picked":"SKIP","floor":22},{"not_picked":["Streamline","Turbo"],"picked":"Force Field","floor":24},{"not_picked":["Streamline","Coolheaded+1"],"picked":"Rebound+1","floor":25},{"not_picked":["Rip and Tear","Sweeping Beam","Coolheaded"],"picked":"SKIP","floor":28},{"not_picked":["Chaos","Cold Snap+1","Turbo+1"],"picked":"SKIP","floor":31},{"not_picked":["Core Surge","All For One"],"picked":"Seek","floor":33},{"not_picked":["FTL+1","Go for the Eyes+1"],"picked":"Streamline","floor":35},{"not_picked":["Streamline+1","Turbo+1"],"picked":"BootSequence+1","floor":36},{"not_picked":["Reprogram","Cold Snap","Barrage"],"picked":"SKIP","floor":38},{"not_picked":["Conserve Battery+1","Compile Driver+1","Coolheaded"],"picked":"SKIP","floor":39},{"not_picked":["Secret Technique","Blind"],"picked":"Forethought","floor":41},{"not_picked":["Glacier+1","Skim+1","Recycle"],"picked":"Singing Bowl","floor":42}],"player_experience":212235,"relics_obtained":[{"floor":7,"key":"Du-Vu Doll"},{"floor":9,"key":"Cables"},{"floor":11,"key":"Symbiotic Virus"},{"floor":13,"key":"Old Coin"},{"floor":25,"key":"Ancient Tea Set"},{"floor":42,"key":"Singing Bowl"},{"floor":43,"key":"Gremlin Horn"}],"event_choices":[{"damage_healed":0,"gold_gain":0,"player_choice":"Leave","damage_taken":0,"max_hp_gain":0,"max_hp_loss":0,"event_name":"The Cleric","floor":2,"gold_loss":0},{"damage_healed":0,"gold_gain":0,"player_choice":"Entered Light","damage_taken":15,"max_hp_gain":0,"max_hp_loss":0,"event_name":"Shining Light","floor":3,"gold_loss":0,"cards_upgraded":["Defend_B","Strike_B"]},{"damage_healed":0,"gold_gain":75,"player_choice":"Gather Gold","damage_taken":11,"max_hp_gain":0,"max_hp_loss":0,"event_name":"World of Goop","floor":4,"gold_loss":0},{"damage_healed":0,"gold_gain":0,"player_choice":"Simplicity","damage_taken":0,"max_hp_gain":0,"max_hp_loss":0,"event_name":"Back to Basics","floor":19,"gold_loss":0,"cards_upgraded":["Strike_B","Strike_B","Defend_B","Defend_B","Defend_B"]},{"damage_healed":0,"gold_gain":0,"player_choice":"Upgraded","damage_taken":0,"max_hp_gain":0,"max_hp_loss":0,"event_name":"Upgrade Shrine","floor":21,"gold_loss":0,"cards_upgraded":["White Noise"]},{"damage_healed":0,"gold_gain":0,"player_choice":"Got Potions","damage_taken":0,"max_hp_gain":0,"max_hp_loss":0,"event_name":"Lab","floor":30,"gold_loss":0},{"damage_healed":0,"gold_gain":0,"player_choice":"Ignored","damage_taken":0,"max_hp_gain":0,"max_hp_loss":0,"event_name":"SecretPortal","floor":37,"gold_loss":0},{"damage_healed":0,"gold_gain":0,"player_choice":"Memory 1","damage_taken":0,"max_hp_gain":0,"max_hp_loss":0,"event_name":"SensoryStone","floor":41,"gold_loss":0},{"damage_healed":0,"gold_gain":0,"player_choice":"Fight","damage_taken":0,"max_hp_gain":0,"max_hp_loss":0,"event_name":"MindBloom","floor":44,"gold_loss":0}],"is_beta":false,"boss_relics":[{"not_picked":["Philosopher\u0027s Stone","Cursed Key"],"picked":"FrozenCore"},{"not_picked":["Inserter","Calling Bell"],"picked":"Eternal Feather"}],"items_purged_floors":[12,29],"is_endless":false,"potions_floor_spawned":[7,14,18,28,31,38,39],"killed_by":"Mind Bloom Boss Battle","ascension_level":3}