{"gold_per_floor":[168,17,17,35,47,47,80,80,128,128,151,184,184,184,184,258,258,258,173,173,173,173,173,173,173,173,173,173,173,18,18,18,18,18,18,18,18,18,18,18,18,18,18,18,18,18,18,18,18,18,18],"floor_reached":51,"playtime":2725,"items_purged":["Strike_G","Strike_G"],"score":1464,"play_id":"0aa25365-0dcd-4faa-8a10-290e2a4fd38f","local_time":"20181031222749","is_ascension_mode":true,"campfire_choices":[{"data":"Noxious Fumes","floor":6.0,"key":"SMITH"},{"data":"Neutralize","floor":8.0,"key":"SMITH"},{"data":"Dagger Spray","floor":10.0,"key":"SMITH"},{"data":"Bouncing Flask","floor":13.0,"key":"SMITH"},{"data":"Cloak And Dagger","floor":15.0,"key":"SMITH"},{"floor":23.0,"key":"REST"},{"data":"Skewer","floor":28.0,"key":"SMITH"},{"floor":32.0,"key":"REST"},{"floor":40.0,"key":"REST"},{"floor":42.0,"key":"REST"},{"floor":44.0,"key":"REST"},{"floor":49,"key":"REST"}],"neow_cost":"NONE","seed_source_timestamp":15742501573600,"circlet_count":0,"master_deck":["Defend_G","Defend_G","Defend_G","Defend_G","Defend_G","Strike_G","Strike_G+1","Survivor","Neutralize+1","AscendersBane","Noxious Fumes+1","Cloak And Dagger+1","Dash","Flying Knee","Backstab","Dagger Throw","Dagger Spray+1","Bouncing Flask+1","After Image","Dash","Backflip","Acrobatics","Backflip","Crippling Poison","Skewer+1","PiercingWail","Cloak And Dagger","Glass Knife","Corpse Explosion","PiercingWail","Terror","Leg Sweep","Leg Sweep+1","PiercingWail+1","Backflip","Deadly Poison+1"],"special_seed":0,"relics":["Tiny House","Bag of Preparation","Vajra","Strawberry","Boot","Lantern","Ectoplasm","Ancient Tea Set","MutagenicStrength","Red Mask","Dream Catcher","Juzu Bracelet","Fusion Hammer","Torii","Smiling Mask","Paper Crane"],"potions_floor_usage":[50,50],"damage_taken":[{"damage":5.0,"enemies":"Cultist","floor":1.0,"turns":5.0},{"damage":0.0,"enemies":"Small Slimes","floor":4.0,"turns":4.0},{"damage":0.0,"enemies":"Jaw Worm","floor":5.0,"turns":4.0},{"damage":4.0,"enemies":"Lagavulin","floor":7.0,"turns":6.0},{"damage":0.0,"enemies":"3 Sentries","floor":12.0,"turns":5.0},{"damage":29.0,"enemies":"The Guardian","floor":16.0,"turns":7.0},{"damage":1.0,"enemies":"Chosen","floor":18.0,"turns":4.0},{"damage":16.0,"enemies":"Shell Parasite","floor":21.0,"turns":3.0},{"damage":32.0,"enemies":"Cultist and Chosen","floor":22.0,"turns":5.0},{"damage":0.0,"enemies":"Masked Bandits","floor":24.0,"turns":1.0},{"damage":0.0,"enemies":"3 Cultists","floor":25.0,"turns":5.0},{"damage":1.0,"enemies":"Snecko","floor":27.0,"turns":3.0},{"damage":0.0,"enemies":"Snake Plant","floor":29.0,"turns":2.0},{"damage":22.0,"enemies":"Book of Stabbing","floor":31.0,"turns":4.0},{"damage":56.0,"enemies":"Collector","floor":33.0,"turns":9.0},{"damage":18.0,"enemies":"3 Darklings","floor":35.0,"turns":3.0},{"damage":0.0,"enemies":"3 Shapes","floor":36.0,"turns":3.0},{"damage":0.0,"enemies":"Maw","floor":37.0,"turns":7.0},{"damage":18.0,"enemies":"Transient","floor":38.0,"turns":6.0},{"damage":7.0,"enemies":"Mind Bloom Boss Battle","floor":39.0,"turns":6.0},{"damage":40.0,"enemies":"Reptomancer","floor":41.0,"turns":6.0},{"damage":7.0,"enemies":"Sphere and 2 Shapes","floor":46.0,"turns":6.0},{"damage":0,"enemies":"4 Shapes","floor":47,"turns":5},{"damage":10,"enemies":"Jaw Worm Horde","floor":48,"turns":5},{"damage":43,"enemies":"Donu and Deca","floor":50,"turns":8},{"damage":28,"enemies":"Time Eater","floor":51,"turns":9}],"seed_played":"-4852233990192480034","potions_obtained":[{"floor":0.0,"key":"Explosive Potion"},{"floor":1.0,"key":"Explosive Potion"},{"floor":7.0,"key":"Regen Potion"},{"floor":12.0,"key":"Fruit Juice"},{"floor":21.0,"key":"Poison Potion"},{"floor":22.0,"key":"SkillPotion"},{"floor":35.0,"key":"Weak Potion"},{"floor":46.0,"key":"Fruit Juice"},{"floor":47,"key":"Poison Potion"},{"floor":48,"key":"SkillPotion"}],"is_trial":false,"path_per_floor":["M","$","?","M","M","R","E","R","T","R","T","E","R","?","R","B",null,"M","?","?","M","M","R","?","M","T","M","R","M","$","E","R","B",null,"M","M","M","M","?","R","E","R","T","R","?","M","M","M","R","B"],"character_chosen":"THE_SILENT","items_purchased":["Dash","Cloak And Dagger"],"campfire_rested":6,"item_purchase_floors":[2,30],"current_hp_per_floor":[59,59,59,59,59,59,55,55,55,55,62,67,67,62,62,33,71,70,70,70,54,34,58,58,58,58,57,57,57,57,35,59,3,63,45,45,45,27,20,44,4,28,28,52,52,50,50,40,66,23,0],"gold":18,"neow_bonus":"BOSS_RELIC","is_prod":false,"is_daily":false,"chose_seed":false,"campfire_upgraded":6,"win_rate":0,"timestamp":1541039269,"path_taken":["M","$","?","M","M","R","E","R","T","R","?","E","R","?","R","BOSS","M","?","?","M","M","R","?","?","T","M","R","M","$","E","R","BOSS","M","M","M","M","?","R","E","R","T","R","?","M","M","M","R","BOSS","BOSS"],"build_version":"2018-10-29v2","purchased_purges":2,"victory":false,"max_hp_per_floor":[71,71,71,71,71,71,71,71,71,71,78,83,83,83,83,83,83,83,83,83,83,83,83,83,83,83,83,83,83,83,83,83,83,83,83,83,83,83,83,83,83,83,83,83,83,88,88,88,88,88,88],"card_choices":[{"not_picked":["Setup","Reflex"],"picked":"Noxious Fumes","floor":0.0},{"not_picked":["Blade Dance","Outmaneuver"],"picked":"Cloak And Dagger","floor":1.0},{"not_picked":["Calculated Gamble","Blade Dance"],"picked":"Backstab","floor":4.0},{"not_picked":["Distraction","Blade Dance"],"picked":"Dagger Throw","floor":5.0},{"not_picked":["Choke","Outmaneuver"],"picked":"Dagger Spray","floor":7.0},{"not_picked":["PiercingWail","Grand Finale"],"picked":"Bouncing Flask","floor":12.0},{"not_picked":["Die Die Die","Glass Knife"],"picked":"After Image","floor":16.0},{"not_picked":["Reflex","Prepared"],"picked":"Dash","floor":18.0},{"not_picked":["Dodge and Roll","Leg Sweep"],"picked":"Backflip","floor":21.0},{"not_picked":["Endless Agony","Underhanded Strike"],"picked":"Acrobatics","floor":22.0},{"not_picked":["Deflect","Predator"],"picked":"Backflip","floor":24.0},{"not_picked":["Prepared","Poisoned Stab"],"picked":"Crippling Poison","floor":25.0},{"not_picked":["Underhanded Strike","Deadly Poison"],"picked":"Skewer","floor":27.0},{"not_picked":["Unload","Dagger Throw"],"picked":"PiercingWail","floor":29.0},{"not_picked":["Tactician+1","Quick Slash"],"picked":"Glass Knife","floor":31.0},{"not_picked":["After Image","A Thousand Cuts"],"picked":"Corpse Explosion","floor":33.0},{"not_picked":["Heel Hook","Concentrate"],"picked":"PiercingWail","floor":35.0},{"not_picked":["Prepared","Heel Hook+1","Sucker Punch"],"picked":"SKIP","floor":36.0},{"not_picked":["Masterful Stab","Acrobatics+1"],"picked":"Terror","floor":37.0},{"not_picked":["Predator","Setup+1","Accuracy"],"picked":"SKIP","floor":38.0},{"not_picked":["Outmaneuver","Prepared+1"],"picked":"Leg Sweep","floor":39.0},{"not_picked":["Outmaneuver","Skewer","Dagger Spray+1"],"picked":"SKIP","floor":41.0},{"not_picked":["Slice","Acrobatics"],"picked":"Leg Sweep+1","floor":44.0},{"not_picked":["Blade Dance","Envenom"],"picked":"PiercingWail+1","floor":46.0},{"not_picked":["Concentrate","Masterful Stab","Poisoned Stab"],"picked":"SKIP","floor":47},{"not_picked":["Deflect","Endless Agony"],"picked":"Backflip","floor":48},{"not_picked":["Prepared","Blade Dance"],"picked":"Deadly Poison+1","floor":49}],"player_experience":1571182,"relics_obtained":[{"floor":7.0,"key":"Bag of Preparation"},{"floor":9.0,"key":"Vajra"},{"floor":11.0,"key":"Strawberry"},{"floor":12.0,"key":"Boot"},{"floor":24.0,"key":"Red Mask"},{"floor":26.0,"key":"Dream Catcher"},{"floor":31.0,"key":"Juzu Bracelet"},{"floor":39.0,"key":"Torii"},{"floor":41.0,"key":"Smiling Mask"},{"floor":43.0,"key":"Paper Crane"}],"event_choices":[{"damage_healed":0.0,"max_hp_gain":0.0,"max_hp_loss":0.0,"gold_gain":0.0,"cards_transformed":["Strike_G"],"event_name":"Transmorgrifier","player_choice":"Transformed","floor":3.0,"gold_loss":0.0,"damage_taken":0.0,"cards_obtained":["Flying Knee"]},{"damage_healed":0.0,"max_hp_gain":0.0,"max_hp_loss":0.0,"gold_gain":0.0,"event_name":"Scrap Ooze","player_choice":"Success","floor":14.0,"gold_loss":0.0,"damage_taken":5.0,"relics_obtained":["Lantern"]},{"damage_healed":0.0,"max_hp_gain":0.0,"max_hp_loss":0.0,"gold_gain":0.0,"event_name":"Addict","player_choice":"Obtained Relic","floor":19.0,"gold_loss":85.0,"damage_taken":0.0,"relics_obtained":["Ancient Tea Set"]},{"damage_healed":0.0,"max_hp_gain":0.0,"max_hp_loss":0.0,"gold_gain":0.0,"event_name":"Drug Dealer","player_choice":"Inject Mutagens","floor":20.0,"gold_loss":0.0,"damage_taken":0.0,"relics_obtained":["MutagenicStrength"]},{"damage_healed":0.0,"max_hp_gain":0.0,"max_hp_loss":0.0,"gold_gain":0.0,"event_name":"Masked Bandits","player_choice":"Fought Bandits","floor":24.0,"gold_loss":0.0,"damage_taken":0.0},{"damage_healed":0.0,"max_hp_gain":0.0,"max_hp_loss":0.0,"gold_gain":0.0,"event_name":"MindBloom","player_choice":"Fight","floor":39.0,"gold_loss":0.0,"damage_taken":0.0},{"damage_healed":0.0,"max_hp_gain":0.0,"max_hp_loss":0.0,"gold_gain":222.0,"event_name":"Tomb of Lord Red Mask","player_choice":"Wore Mask","floor":45.0,"gold_loss":0.0,"damage_taken":0.0}],"is_beta":true,"boss_relics":[{"not_picked":["Calling Bell","Busted Crown"],"picked":"Ectoplasm"},{"not_picked":["Coffee Dripper","Eternal Feather"],"picked":"Fusion Hammer"}],"items_purged_floors":[2,30],"is_endless":false,"potions_floor_spawned":[1,7,12,21,22,24,25,35,46,47,48],"killed_by":"Time Eater","ascension_level":20}