{"gold_per_floor":[116,33,33,33,50,50,52,85,85,151,376,426,436,449,449,546,546,562,579,646,696,256,256,256],"floor_reached":24,"playtime":613,"items_purged":["Pain"],"score":354,"play_id":"9d283086-bb09-478a-84d8-6c82feedde6b","local_time":"20181227213950","is_ascension_mode":true,"campfire_choices":[{"data":"Zap","floor":6,"key":"SMITH"},{"data":"Streamline","floor":15,"key":"SMITH"},{"floor":23,"key":"REST"}],"neow_cost":"NONE","seed_source_timestamp":13984785499270,"circlet_count":0,"master_deck":["AscendersBane","Strike_B","Strike_B","Strike_B","Strike_B","Defend_B","Defend_B","Defend_B","Defend_B","Zap+1","Dualcast","Beam Cell","Gash","FTL","Streamline+1","Sweeping Beam","Gash","All For One","Doubt","Go for the Eyes","Steam","BootSequence","Leap","Apotheosis","PanicButton"],"relics":["Cracked Core","NeowsBlessing","SsserpentHead","Strawberry","Lantern","WarpedTongs","Black Star"],"potions_floor_usage":[20,24,24],"damage_taken":[{"damage":0,"enemies":"Jaw Worm","floor":1,"turns":1},{"damage":0,"enemies":"Cultist","floor":5,"turns":1},{"damage":0,"enemies":"Gremlin Nob","floor":8,"turns":1},{"damage":0,"enemies":"2 Louse","floor":10,"turns":2},{"damage":1,"enemies":"Large Slime","floor":13,"turns":4},{"damage":10,"enemies":"Lots of Slimes","floor":14,"turns":3},{"damage":42,"enemies":"Hexaghost","floor":16,"turns":8},{"damage":15,"enemies":"Chosen","floor":18,"turns":4},{"damage":13,"enemies":"Shell Parasite","floor":19,"turns":4},{"damage":23,"enemies":"Cultist and Chosen","floor":20,"turns":6},{"damage":38,"enemies":"Book of Stabbing","floor":24,"turns":6}],"seed_played":"7883655891941905047","potions_obtained":[{"floor":8,"key":"SpeedPotion"},{"floor":10,"key":"SpeedPotion"},{"floor":16,"key":"Regen Potion"}],"is_trial":false,"path_per_floor":["M","$","?","$","M","R","$","E","T","M","?","?","M","M","R","B",null,"M","M","M","?","$","R","E"],"character_chosen":"DEFECT","items_purchased":["Gash","FTL","Sweeping Beam","Apotheosis","PanicButton","EssenceOfSteel"],"campfire_rested":1,"item_purchase_floors":[2,2,7,22,22,22],"current_hp_per_floor":[68,68,68,68,68,68,68,75,75,75,75,75,74,64,64,22,67,52,39,30,14,14,40,2],"gold":256,"neow_bonus":"THREE_ENEMY_KILL","is_prod":false,"is_daily":false,"chose_seed":false,"campfire_upgraded":2,"win_rate":0,"timestamp":1545964790,"path_taken":["M","$","?","$","M","R","?","E","T","?","?","?","M","M","R","BOSS","M","M","?","?","$","R","E"],"build_version":"2018-12-20","purchased_purges":1,"victory":false,"max_hp_per_floor":[75,75,75,75,75,75,75,82,82,82,82,82,82,82,82,82,82,82,82,82,87,87,87,87],"card_choices":[{"not_picked":["Turbo","Coolheaded"],"picked":"Beam Cell","floor":1},{"not_picked":["Barrage","Static Discharge"],"picked":"Streamline","floor":5},{"not_picked":["Leap","Blizzard"],"picked":"Gash","floor":8},{"not_picked":["Hello World","Conserve Battery"],"picked":"All For One","floor":10},{"not_picked":["Fusion","Cold Snap"],"picked":"Go for the Eyes","floor":13},{"not_picked":["Redo","Hologram"],"picked":"Steam","floor":14},{"not_picked":["Barrage","Heatsinks"],"picked":"BootSequence","floor":18},{"not_picked":["Stack","Capacitor"],"picked":"Leap","floor":19},{"not_picked":["Turbo","Compile Driver","BootSequence"],"picked":"SKIP","floor":20}],"player_experience":415665,"relics_obtained":[{"floor":8,"key":"Strawberry"},{"floor":9,"key":"Lantern"}],"event_choices":[{"damage_healed":0,"gold_gain":0,"player_choice":"Trade","damage_taken":0,"relics_obtained":["SsserpentHead"],"max_hp_gain":0,"max_hp_loss":0,"event_name":"FaceTrader","floor":3,"gold_loss":0},{"damage_healed":0,"gold_gain":175,"player_choice":"AGREE","damage_taken":0,"max_hp_gain":0,"max_hp_loss":0,"event_name":"Liars Game","floor":11,"gold_loss":0,"cards_obtained":["Doubt"]},{"damage_healed":0,"gold_gain":0,"player_choice":"Rummage","damage_taken":0,"relics_obtained":["WarpedTongs"],"max_hp_gain":0,"max_hp_loss":0,"event_name":"Accursed Blacksmith","floor":12,"gold_loss":0,"cards_obtained":["Pain"]},{"damage_healed":0,"gold_gain":0,"player_choice":"Shed Blood","damage_taken":21,"max_hp_gain":5,"max_hp_loss":0,"event_name":"Forgotten Altar","floor":21,"gold_loss":0}],"is_beta":false,"boss_relics":[{"not_picked":["Calling Bell","Tiny House"],"picked":"Black Star"}],"items_purged_floors":[22],"is_endless":false,"potions_floor_spawned":[8,10,16],"killed_by":"Book of Stabbing","ascension_level":12}