{"gold_per_floor":[113,113,126,138,151,151,151,184,184,202,156,166,166,186,186,290,290,302,247,247,263,275,275,275],"floor_reached":24,"playtime":1207,"items_purged":[],"score":200,"play_id":"673642a4-9122-4b21-81cf-2c0b4d98e587","local_time":"20190123154828","is_ascension_mode":false,"campfire_choices":[{"data":"Shrug It Off","floor":6,"key":"SMITH"},{"data":"Shrug It Off","floor":13,"key":"SMITH"},{"floor":15,"key":"REST"},{"floor":23,"key":"REST"}],"neow_cost":"NONE","seed_source_timestamp":97634337299235,"circlet_count":0,"master_deck":["Strike_R","Strike_R","Strike_R","Strike_R","Strike_R","Defend_R","Defend_R","Defend_R","Defend_R","Bash","Metallicize","Shrug It Off+1","Inflame","Anger","Shrug It Off+1","Cleave","Armaments+1","Iron Wave","Twin Strike+1","Shrug It Off+1"],"relics":["Burning Blood","Question Card","Champion Belt","Matryoshka","Runic Pyramid","Tiny Chest"],"potions_floor_usage":[16,24],"damage_taken":[{"damage":0,"enemies":"Small Slimes","floor":1,"turns":3},{"damage":6,"enemies":"Jaw Worm","floor":3,"turns":6},{"damage":3,"enemies":"Cultist","floor":4,"turns":3},{"damage":12,"enemies":"Blue Slaver","floor":5,"turns":5},{"damage":39,"enemies":"Gremlin Nob","floor":8,"turns":6},{"damage":4,"enemies":"Looter","floor":10,"turns":4},{"damage":13,"enemies":"Lots of Slimes","floor":12,"turns":5},{"damage":3,"enemies":"2 Fungi Beasts","floor":14,"turns":6},{"damage":33,"enemies":"Hexaghost","floor":16,"turns":12},{"damage":33,"enemies":"2 Thieves","floor":18,"turns":5},{"damage":23,"enemies":"3 Byrds","floor":21,"turns":8},{"damage":25,"enemies":"Snake Plant","floor":22,"turns":6},{"damage":81,"enemies":"Gremlin Leader","floor":24,"turns":8}],"seed_played":"-175308129154614212","potions_obtained":[{"floor":1,"key":"BloodPotion"},{"floor":4,"key":"FairyPotion"},{"floor":10,"key":"SkillPotion"},{"floor":22,"key":"SpeedPotion"}],"is_trial":false,"path_per_floor":["M","?","M","M","M","R","T","E","T","M","$","M","R","M","R","B",null,"M","?","?","M","M","R","E"],"character_chosen":"IRONCLAD","items_purchased":["Armaments"],"campfire_rested":2,"item_purchase_floors":[11],"current_hp_per_floor":[88,88,88,88,82,82,82,49,49,51,51,44,44,47,73,46,88,61,61,61,44,25,51,0],"gold":275,"neow_bonus":"TEN_PERCENT_HP_BONUS","is_prod":false,"is_daily":false,"chose_seed":false,"campfire_upgraded":2,"win_rate":0,"timestamp":1548276508,"path_taken":["M","?","M","M","M","R","?","E","T","?","$","M","R","M","R","BOSS","M","?","?","M","M","R","E"],"build_version":"2019-01-23","purchased_purges":0,"victory":false,"max_hp_per_floor":[88,88,88,88,88,88,88,88,88,88,88,88,88,88,88,88,88,88,88,88,88,88,88,88],"card_choices":[{"not_picked":["Second Wind","Heavy Blade","Flame Barrier"],"picked":"SKIP","floor":1},{"not_picked":["Armaments","Thunderclap"],"picked":"Metallicize","floor":3},{"not_picked":["Second Wind","Reaper"],"picked":"Shrug It Off","floor":4},{"not_picked":["Sword Boomerang","Searing Blow","Perfected Strike"],"picked":"SKIP","floor":5},{"not_picked":["Iron Wave","Wild Strike","Perfected Strike"],"picked":"Inflame","floor":8},{"not_picked":["Berserk","Heavy Blade","Flame Barrier"],"picked":"Anger","floor":10},{"not_picked":["Wild Strike","Sword Boomerang","Anger"],"picked":"Shrug It Off","floor":12},{"not_picked":["Pommel Strike","Twin Strike","Perfected Strike"],"picked":"Cleave","floor":14},{"not_picked":["Perfected Strike+1","Carnage","Pommel Strike"],"picked":"Armaments+1","floor":18},{"not_picked":["Perfected Strike","Intimidate","Thunderclap"],"picked":"Twin Strike+1","floor":21},{"not_picked":["Dropkick","True Grit","Wild Strike"],"picked":"Shrug It Off+1","floor":22}],"player_experience":93265,"relics_obtained":[{"floor":7,"key":"Question Card"},{"floor":8,"key":"Champion Belt"},{"floor":9,"key":"Matryoshka"}],"event_choices":[{"damage_healed":0,"gold_gain":0,"player_choice":"Leave","damage_taken":0,"max_hp_gain":0,"max_hp_loss":0,"event_name":"The Cleric","floor":2,"gold_loss":0},{"damage_healed":0,"gold_gain":0,"player_choice":"Obtained Relic","damage_taken":0,"relics_obtained":["Tiny Chest"],"max_hp_gain":0,"max_hp_loss":0,"event_name":"Addict","floor":19,"gold_loss":85},{"cards_removed":["Armaments"],"damage_healed":0,"gold_gain":0,"player_choice":"Took Card","damage_taken":0,"max_hp_gain":0,"max_hp_loss":0,"event_name":"NoteForYourself","floor":20,"gold_loss":0,"cards_obtained":["Iron Wave"]}],"is_beta":false,"boss_relics":[{"not_picked":["Coffee Dripper","Black Star"],"picked":"Runic Pyramid"}],"items_purged_floors":[],"is_endless":false,"potions_floor_spawned":[1,4,10,14,22],"killed_by":"Gremlin Leader","ascension_level":0}