{"gold_per_floor":[114,129,54,73,87,121,121,121,146,146,160,91,120,139,139,244,244,258,258,58,58,158,158,190,201,227,240,240,240,271,282,282,384,384,395,410,167,178,195,195,222,222,248,268,287,303,315,331,331,433,433,452,142,162,16,116,116,171,171,171,183,202,218,139,155,155,258,258,268,368,368,368,384,384,403,420,420,420,451,451,471,486,516,616,616,632,632,632,3,14,14,29,29,29,29,29,29,44,44,44,144,144,157,157,107,107,107,136,136,197,224,239,239,250,250,281,281,377,377,387,367,367,378,56,56,70,170,170,170,170,85,85,120,120,220,220,232,332,332,355,98,98,126,139,139,162,162,173,173,183,183,282,282,297,307,225,238,249,249,265,265,265,5,38,38,38,49,49,49],"floor_reached":169,"playtime":13039,"items_purged":["Reprogram","Injury","Go for the Eyes","Force Field"],"score":4467,"play_id":"d67a5a53-7005-4824-aaf8-16a5ecc7a3db","local_time":"20180713193715","daily_mods":["Draft"],"is_ascension_mode":false,"campfire_choices":[{"data":"Defragment","floor":7,"key":"SMITH"},{"data":"Defragment","floor":15,"key":"SMITH"},{"data":"Loop","floor":23,"key":"SMITH"},{"data":"Capacitor","floor":28,"key":"SMITH"},{"data":"Capacitor","floor":32,"key":"SMITH"},{"data":"Seek","floor":40,"key":"SMITH"},{"data":"Amplify","floor":42,"key":"SMITH"},{"data":"Consume","floor":49,"key":"SMITH"},{"floor":57,"key":"DIG"},{"floor":59,"key":"DIG"},{"floor":66,"key":"DIG"},{"floor":74,"key":"DIG"},{"floor":78,"key":"DIG"},{"floor":80,"key":"DIG"},{"floor":83,"key":"DIG"},{"floor":91,"key":"DIG"},{"floor":93,"key":"DIG"},{"floor":96,"key":"DIG"},{"floor":100,"key":"DIG"},{"floor":109,"key":"DIG"},{"floor":113,"key":"DIG"},{"floor":115,"key":"DIG"},{"floor":117,"key":"DIG"},{"floor":125,"key":"DIG"},{"floor":132,"key":"DIG"},{"floor":134,"key":"DIG"},{"floor":142,"key":"DIG"},{"floor":147,"key":"DIG"},{"floor":149,"key":"DIG"},{"floor":151,"key":"DIG"},{"floor":159,"key":"DIG"},{"floor":161,"key":"DIG"},{"floor":168,"key":"DIG"}],"neow_cost":"","seed_source_timestamp":5546791634469,"circlet_count":2,"master_deck":["Glacier","Capacitor+1","Turbo","Consume+1","Coolheaded","Beam Cell+1","Chill","Loop+1","Streamline","Turbo","Turbo+1","Defragment+1","Self Repair","Defragment+1","FTL+1","Static Discharge","Self Repair","Defragment+1","Capacitor+1","Turbo+1","Amplify+1","Genetic Algorithm","Ball Lightning","FTL","Skim+1","Conserve Battery","Seek+1","Streamline+1","Ball Lightning+1","Beam Cell+1","Coolheaded+1","Barrage+1","Conserve Battery+1","Turbo","Echo Form","Creative AI+1","Fission","Barrage","Turbo","Defragment+1","Thunder Strike+1","Turbo","Defragment+1","Blizzard+1","Hologram+1","Electrodynamics+1","Hologram+1","Seek+1","Streamline+1","Madness+1","Madness+1","Defragment+1","Heatsinks+1","Ball Lightning+1","Madness+1","Conserve Battery+1","Amplify+1","Turbo+1","Loop+1","Creative AI+1","Ball Lightning+1","White Noise+1","Meteor Strike+1","Turbo+1","Conserve Battery+1","Defragment+1","Defragment+1","Thunder Strike+1","Loop+1","Apotheosis+1","Coolheaded+1","Glacier+1","Echo Form+1","Defragment+1","Genetic Algorithm+1"],"relics":["FrozenCore","Omamori","Bag of Marbles","Happy Flower","Blood Vial","Black Star","Necronomicon","MealTicket","Vajra","Bag of Preparation","Whetstone","DataDisk","Lantern","Bottled Tornado","Orichalcum","Pen Nib","Ancient Tea Set","Nuclear Battery","Shovel","Juzu Bracelet","Boot","Darkstone Periapt","Frozen Egg 2","Kunai","Lizard Tail","Molten Egg 2","Turnip","Toxic Egg 2","Red Mask","Thread and Needle","Tiny Chest","Eternal Feather","Calipers","Bronze Scales","Art of War","Pantograph","Ornamental Fan","War Paint","Centennial Puzzle","Philosopher\u0027s Stone","Regal Pillow","Potion Belt","Matryoshka","Meat on the Bone","Dream Catcher","Anchor","Letter Opener","Strawberry","Symbiotic Virus","Bottled Flame","Mummified Hand","Dodecahedron","Ginger","Shuriken","Question Card","Cables","Ice Cream","Singing Bowl","Smiling Mask","Du-Vu Doll","Runic Dome","Bottled Lightning","Gambling Chip","Incense Burner","Sundial","The Courier","Bird Faced Urn","Dead Branch","Emotion Chip","Torii","Inserter","Pear","Blue Candle","Mercury Hourglass","Gremlin Horn","Girya","Circlet"],"potions_floor_usage":[24,24,30,41,50,50,79,86,123,123,152,152,152,152,152,152],"damage_taken":[{"damage":0,"enemies":"Cultist","floor":1,"turns":4},{"damage":0,"enemies":"Small Slimes","floor":2,"turns":4},{"damage":11,"enemies":"Jaw Worm","floor":4,"turns":4},{"damage":7,"enemies":"Blue Slaver","floor":5,"turns":4},{"damage":0,"enemies":"Gremlin Nob","floor":6,"turns":6},{"damage":12,"enemies":"Looter","floor":11,"turns":2},{"damage":4,"enemies":"Lagavulin","floor":13,"turns":5},{"damage":15,"enemies":"Gremlin Gang","floor":14,"turns":3},{"damage":31,"enemies":"Slime Boss","floor":16,"turns":8},{"damage":12,"enemies":"3 Byrds","floor":18,"turns":6},{"damage":35,"enemies":"Slavers","floor":24,"turns":5},{"damage":0,"enemies":"Spheric Guardian","floor":25,"turns":4},{"damage":22,"enemies":"Snake Plant","floor":27,"turns":4},{"damage":12,"enemies":"Book of Stabbing","floor":30,"turns":5},{"damage":10,"enemies":"Snecko","floor":31,"turns":4},{"damage":13,"enemies":"Automaton","floor":33,"turns":7},{"damage":4,"enemies":"3 Shapes","floor":35,"turns":7},{"damage":8,"enemies":"Orb Walker","floor":36,"turns":5},{"damage":0,"enemies":"Flame Bruiser 2 Orb","floor":38,"turns":6},{"damage":0,"enemies":"Spire Growth","floor":39,"turns":4},{"damage":4,"enemies":"Nemesis","floor":41,"turns":7},{"damage":13,"enemies":"4 Shapes","floor":44,"turns":5},{"damage":0,"enemies":"Flame Bruiser 2 Orb","floor":45,"turns":6},{"damage":0,"enemies":"Sphere and 2 Shapes","floor":46,"turns":6},{"damage":0,"enemies":"3 Darklings","floor":47,"turns":5},{"damage":0,"enemies":"4 Shapes","floor":48,"turns":4},{"damage":48,"enemies":"Awakened One","floor":50,"turns":8},{"damage":6,"enemies":"Jaw Worm","floor":52,"turns":2},{"damage":0,"enemies":"Cultist","floor":54,"turns":3},{"damage":0,"enemies":"2 Louse","floor":61,"turns":2},{"damage":0,"enemies":"2 Fungi Beasts","floor":62,"turns":2},{"damage":0,"enemies":"3 Louse","floor":63,"turns":4},{"damage":0,"enemies":"Exordium Wildlife","floor":65,"turns":3},{"damage":3,"enemies":"The Guardian","floor":67,"turns":6},{"damage":0,"enemies":"Chosen","floor":69,"turns":4},{"damage":3,"enemies":"3 Byrds","floor":73,"turns":6},{"damage":0,"enemies":"3 Cultists","floor":75,"turns":4},{"damage":2,"enemies":"Snake Plant","floor":76,"turns":6},{"damage":48,"floor":79,"turns":4},{"damage":0,"enemies":"Cultist and Chosen","floor":81,"turns":4},{"damage":3,"enemies":"3 Cultists","floor":82,"turns":4},{"damage":21,"enemies":"Automaton","floor":84,"turns":10},{"damage":11,"enemies":"Flame Bruiser 1 Orb","floor":86,"turns":6},{"damage":0,"enemies":"Orb Walker","floor":90,"turns":5},{"damage":0,"enemies":"Sphere and 2 Shapes","floor":92,"turns":4},{"damage":8,"enemies":"Spire Growth","floor":98,"turns":5},{"damage":11,"enemies":"Time Eater","floor":101,"turns":13},{"damage":0,"enemies":"Cultist","floor":103,"turns":2},{"damage":0,"enemies":"3 Sentries","floor":108,"turns":2},{"damage":0,"enemies":"Lagavulin Event","floor":110,"turns":8},{"damage":0,"enemies":"Small Slimes","floor":112,"turns":4},{"damage":0,"enemies":"2 Louse","floor":114,"turns":1},{"damage":0,"enemies":"Gremlin Nob","floor":116,"turns":5},{"damage":0,"enemies":"The Guardian","floor":118,"turns":5},{"damage":0,"enemies":"Spheric Guardian","floor":120,"turns":1},{"damage":10,"enemies":"3 Byrds","floor":123,"turns":3},{"damage":0,"enemies":"Snecko","floor":126,"turns":3},{"damage":0,"enemies":"Gremlin Leader","floor":133,"turns":6},{"damage":10,"enemies":"Collector","floor":135,"turns":7},{"damage":0,"enemies":"Flame Bruiser 1 Orb","floor":137,"turns":5},{"damage":0,"enemies":"Nemesis","floor":143,"turns":5},{"damage":16,"enemies":"3 Shapes","floor":144,"turns":3},{"damage":0,"enemies":"Sphere and 2 Shapes","floor":148,"turns":2},{"damage":34,"enemies":"Transient","floor":150,"turns":5},{"damage":0,"enemies":"Donu and Deca","floor":152,"turns":7},{"damage":0,"enemies":"Jaw Worm","floor":154,"turns":3},{"damage":0,"enemies":"Cultist","floor":155,"turns":3},{"damage":0,"enemies":"Small Slimes","floor":157,"turns":2},{"damage":0,"enemies":"Exordium Wildlife","floor":158,"turns":3},{"damage":0,"enemies":"Exordium Thugs","floor":160,"turns":2},{"damage":0,"enemies":"3 Sentries","floor":164,"turns":3},{"damage":0,"enemies":"2 Fungi Beasts","floor":167,"turns":2},{"damage":185,"enemies":"Hexaghost","floor":169,"turns":2}],"seed_played":"2752544773700711849","potions_obtained":[{"floor":1,"key":"EssenceOfSteel"},{"floor":2,"key":"Block Potion"},{"floor":4,"key":"Strength Potion"},{"floor":14,"key":"Poison Potion"},{"floor":25,"key":"Poison Potion"},{"floor":29,"key":"PowerPotion"},{"floor":31,"key":"Fire Potion"},{"floor":39,"key":"Swift Potion"},{"floor":41,"key":"Weak Potion"},{"floor":46,"key":"Energy Potion"},{"floor":50,"key":"SpeedPotion"},{"floor":52,"key":"Swift Potion"},{"floor":61,"key":"SkillPotion"},{"floor":62,"key":"EntropicBrew"},{"floor":82,"key":"SmokeBomb"},{"floor":98,"key":"EssenceOfSteel"},{"floor":108,"key":"Dexterity Potion"},{"floor":110,"key":"SkillPotion"},{"floor":112,"key":"Fire Potion"},{"floor":118,"key":"Fire Potion"},{"floor":121,"key":"Regen Potion"},{"floor":133,"key":"SneckoOil"},{"floor":137,"key":"Weak Potion"},{"floor":144,"key":"Energy Potion"},{"floor":152,"key":"Strength Potion"},{"floor":155,"key":"SkillPotion"}],"is_trial":true,"path_per_floor":["M","M","$","M","M","E","R","?","T","?","M","$","E","M","R","B",null,"M","?","$","$","?","R","E","M","T","M","R","?","E","M","R","B",null,"M","M","$","M","M","R","E","R","T","M","M","M","M","M","R","B",null,"M","$","M","$","?","R","?","R","T","M","M","M","$","M","R","B",null,"M","?","?","?","M","R","M","M","T","R","?","R","M","M","R","B",null,"M","?","?","$","M","R","M","R","T","$","R","?","M","?","R","B",null,"M","?","?","$","?","E","R","?","T","M","R","M","R","E","R","B",null,"M","?","$","M","$","R","M","?","T","?","?","?","R","E","R","B",null,"M","?","?","T","$","R","E","M","T","T","R","M","R","M","R","B",null,"M","M","$","M","M","R","M","R","T","$","E","?","?","M","R"],"character_chosen":"DEFECT","items_purchased":["Defragment","MealTicket","Bottled Tornado","Shovel","Juzu Bracelet","Defragment+1","Defragment+1","Calipers","Bronze Scales","Dodecahedron","Defragment+1","Loop+1","Apotheosis+1","Defragment+1","Gremlin Horn"],"campfire_rested":0,"item_purchase_floors":[12,20,37,53,55,64,89,89,89,124,124,141,141,156,163],"current_hp_per_floor":[75,75,75,71,71,75,75,75,75,75,70,70,75,74,74,58,75,75,59,59,66,66,66,47,63,63,50,50,50,54,60,60,63,75,75,75,75,75,75,75,75,75,75,69,75,75,75,75,75,34,75,75,75,75,75,75,75,75,75,75,75,75,75,75,75,75,75,75,75,75,75,75,75,75,75,75,75,75,34,34,43,63,63,58,75,75,81,71,78,81,81,81,81,81,81,81,81,81,81,81,70,81,81,81,81,81,81,81,81,81,81,81,81,81,88,88,88,88,88,88,88,88,78,85,88,88,88,88,88,71,71,93,95,95,95,95,97,97,99,99,99,99,101,92,92,92,101,101,101,103,103,103,103,105,107,107,109,111,121,123,123,123,123,123,123,98,125,125,0],"gold":49,"neow_bonus":"","is_prod":false,"is_daily":false,"chose_seed":false,"campfire_upgraded":8,"win_rate":0,"timestamp":1531478235,"path_taken":["M","M","$","M","?","E","R","?","T","?","M","$","E","M","R","BOSS","M","?","?","$","?","R","E","M","T","M","R","?","E","?","R","BOSS","M","M","$","?","M","R","E","R","T","M","M","M","?","M","R","BOSS","M","?","M","$","?","R","?","R","T","M","M","M","$","M","R","BOSS","M","?","?","?","M","R","M","M","T","R","?","R","M","M","R","BOSS","M","?","?","$","M","R","M","R","T","$","R","?","M","?","R","BOSS","M","?","?","$","?","E","R","?","T","M","R","M","R","E","R","BOSS","M","?","$","M","$","R","M","?","T","?","?","?","R","E","R","BOSS","M","?","?","?","?","R","E","M","T","?","R","M","R","M","R","BOSS","M","M","$","M","M","R","M","R","T","?","E","?","?","M","R","BOSS"],"build_version":"2018-07-12","purchased_purges":4,"victory":false,"max_hp_per_floor":[75,75,75,75,75,75,75,75,75,75,75,75,75,75,75,75,75,75,75,75,75,75,75,75,75,75,75,75,75,75,75,75,75,75,75,75,75,75,75,75,75,75,75,75,75,75,75,75,75,75,75,75,75,75,75,75,75,75,75,75,75,75,75,75,75,75,75,75,75,75,75,75,75,75,75,75,75,75,75,75,75,75,75,75,75,75,81,81,81,81,81,81,81,81,81,81,81,81,81,81,81,81,81,81,81,81,81,81,81,81,81,81,81,81,88,88,88,88,88,88,88,88,88,88,88,88,88,88,88,93,93,93,95,95,95,95,97,97,99,99,99,99,101,101,101,101,101,101,101,103,103,103,103,105,107,107,109,111,121,123,123,123,123,123,123,123,125,125,125],"card_choices":[{"not_picked":["Steam","Redo"],"picked":"Glacier","floor":0},{"not_picked":["BootSequence","Barrage"],"picked":"Capacitor","floor":0},{"not_picked":["Redo","Steam Power"],"picked":"Turbo","floor":0},{"not_picked":["Beam Cell","Cold Snap"],"picked":"Consume","floor":0},{"not_picked":["Storm","Reprogram"],"picked":"Coolheaded","floor":0},{"not_picked":["Compile Driver","Darkness"],"picked":"Sweeping Beam","floor":0},{"not_picked":["Gash","Stack"],"picked":"Beam Cell","floor":0},{"not_picked":["Auto Shields","Stack"],"picked":"Chill","floor":0},{"not_picked":["Darkness","Compile Driver"],"picked":"Reprogram","floor":0},{"not_picked":["Storm","Stack"],"picked":"Loop","floor":0},{"not_picked":["Leap","Stack"],"picked":"Streamline","floor":0},{"not_picked":["Barrage","Rip and Tear"],"picked":"Turbo","floor":0},{"not_picked":["Hologram","Redo"],"picked":"Turbo","floor":0},{"not_picked":["Turbo","Barrage"],"picked":"Defragment","floor":0},{"not_picked":["Chaos","Stack"],"picked":"Go for the Eyes","floor":0},{"not_picked":["Cold Snap","Force Field"],"picked":"Self Repair","floor":1},{"not_picked":["Rebound","Compile Driver"],"picked":"Defragment","floor":2},{"not_picked":["Hologram","Rip and Tear"],"picked":"FTL","floor":4},{"not_picked":["Go for the Eyes","Steam"],"picked":"Redo","floor":5},{"not_picked":["Aggregate","Coolheaded"],"picked":"Static Discharge","floor":6},{"not_picked":["White Noise","Storm"],"picked":"Self Repair","floor":11},{"not_picked":["Coolheaded","Redo"],"picked":"Capacitor","floor":13},{"not_picked":["Reprogram","Undo"],"picked":"Turbo","floor":14},{"not_picked":["Thunder Strike","Fission"],"picked":"Amplify","floor":16},{"not_picked":["Compile Driver","Steam Power"],"picked":"Force Field","floor":18},{"not_picked":["Sweeping Beam+1","Steam"],"picked":"Genetic Algorithm","floor":24},{"not_picked":["Rip and Tear","Double Energy"],"picked":"Ball Lightning","floor":25},{"not_picked":["Redo","Coolheaded"],"picked":"FTL","floor":27},{"not_picked":["Hello World","Reinforced Body"],"picked":"Skim+1","floor":30},{"not_picked":["Beam Cell","Compile Driver"],"picked":"Conserve Battery","floor":31},{"not_picked":["All For One","Core Surge"],"picked":"Seek","floor":33},{"not_picked":["Conserve Battery","Leap+1"],"picked":"Streamline+1","floor":35},{"not_picked":["Scrape+1","Steam"],"picked":"Ball Lightning","floor":36},{"not_picked":["Streamline","Redo+1"],"picked":"Beam Cell+1","floor":38},{"not_picked":["Tempest+1","Rebound+1"],"picked":"Coolheaded","floor":39},{"not_picked":["Chaos+1","Cold Snap"],"picked":"Barrage+1","floor":41},{"not_picked":["Go for the Eyes","Reprogram+1","Steam Power+1"],"picked":"SKIP","floor":44},{"not_picked":["Sweeping Beam+1","Auto Shields"],"picked":"Conserve Battery+1","floor":45},{"not_picked":["Rebound","Streamline","Go for the Eyes"],"picked":"SKIP","floor":46},{"not_picked":["Force Field","Go for the Eyes"],"picked":"Turbo","floor":47},{"not_picked":["Beam Cell+1","Leap"],"picked":"Echo Form","floor":48},{"not_picked":["Biased Cognition","Fission"],"picked":"Creative AI","floor":50},{"not_picked":["Go for the Eyes","Leap","Redo"],"picked":"SKIP","floor":52},{"not_picked":["Glacier","Steam","Compile Driver"],"picked":"SKIP","floor":54},{"not_picked":["Stack","Steam"],"picked":"Fission","floor":61},{"not_picked":["Scrape","Cold Snap"],"picked":"Barrage","floor":62},{"not_picked":["Reprogram","Redo"],"picked":"Turbo","floor":63},{"not_picked":["Redo","Beam Cell","Rebound"],"picked":"SKIP","floor":65},{"not_picked":["Hyperbeam","Machine Learning+1"],"picked":"Thunder Strike","floor":67},{"not_picked":["Sweeping Beam","Heatsinks+1"],"picked":"Turbo","floor":69},{"not_picked":["BootSequence","Coolheaded","Lockon+1"],"picked":"SKIP","floor":73},{"not_picked":["Recycle","Redo"],"picked":"Blizzard+1","floor":75},{"not_picked":["Beam Cell+1","Consume"],"picked":"Streamline+1","floor":76},{"not_picked":["Leap+1","Tempest+1"],"picked":"Hologram+1","floor":79},{"not_picked":["Streamline+1","Ball Lightning+1"],"picked":"Electrodynamics+1","floor":81},{"not_picked":["Go for the Eyes+1","Leap+1"],"picked":"Hologram+1","floor":82},{"not_picked":["Thunder Strike+1","Multi-Cast+1"],"picked":"Seek+1","floor":84},{"not_picked":["Steam+1","Sweeping Beam+1"],"picked":"Streamline+1","floor":86},{"not_picked":["Cold Snap+1","Streamline+1"],"picked":"Heatsinks+1","floor":90},{"not_picked":["Scrape+1","Sunder+1"],"picked":"Ball Lightning+1","floor":92},{"not_picked":["Dramatic Entrance+1","Bandage Up+1"],"picked":"Madness+1","floor":97},{"not_picked":["Aggregate+1","Sunder+1"],"picked":"Conserve Battery+1","floor":98},{"not_picked":["Electrodynamics+1","Thunder Strike+1"],"picked":"Amplify+1","floor":101},{"not_picked":["Barrage+1","Streamline+1"],"picked":"Turbo+1","floor":103},{"not_picked":["Darkness+1","BootSequence+1"],"picked":"Creative AI+1","floor":108},{"not_picked":["Lockon+1","Go for the Eyes+1"],"picked":"Ball Lightning+1","floor":110},{"not_picked":["Sweeping Beam+1","Go for the Eyes+1","BootSequence+1"],"picked":"SKIP","floor":112},{"not_picked":["Reinforced Body+1","Steam+1","Compile Driver+1"],"picked":"SKIP","floor":114},{"not_picked":["Thunder Strike+1","Heatsinks+1"],"picked":"White Noise+1","floor":116},{"not_picked":["Electrodynamics+1","Biased Cognition+1"],"picked":"Meteor Strike+1","floor":118},{"not_picked":["Blizzard+1","Sweeping Beam+1"],"picked":"Turbo+1","floor":120},{"not_picked":["Steam+1","Hologram+1"],"picked":"Conserve Battery+1","floor":123},{"not_picked":["Reinforced Body+1","Electrodynamics+1","Chaos+1"],"picked":"SKIP","floor":126},{"not_picked":["Chaos+1","Genetic Algorithm+1","BootSequence+1","Stack+1"],"picked":"Singing Bowl","floor":133},{"not_picked":["Machine Learning+1","Electrodynamics+1","Hyperbeam+1"],"picked":"Thunder Strike+1","floor":135},{"not_picked":["Rebound+1","Static Discharge+1","Turbo+1","Barrage+1"],"picked":"Singing Bowl","floor":137},{"not_picked":["Panache+1","Finesse+1","Dramatic Entrance+1","Bandage Up+1"],"picked":"Singing Bowl","floor":139},{"not_picked":["Hologram+1","Conserve Battery+1","Genetic Algorithm+1","Redo+1"],"picked":"Singing Bowl","floor":143},{"not_picked":["Beam Cell+1","Barrage+1","Steam+1"],"picked":"Coolheaded+1","floor":144},{"not_picked":["Chaos+1","Fusion+1","Steam+1"],"picked":"Glacier+1","floor":148},{"not_picked":["Sunder+1","Streamline+1","Darkness+1","Redo+1"],"picked":"Singing Bowl","floor":150},{"not_picked":["Machine Learning+1","Biased Cognition+1","Multi-Cast+1"],"picked":"Echo Form+1","floor":152},{"not_picked":["Rebound+1","Genetic Algorithm+1","Streamline+1","Compile Driver+1"],"picked":"Singing Bowl","floor":154},{"not_picked":["BootSequence+1","Streamline+1","Sweeping Beam+1","Coolheaded+1"],"picked":"Singing Bowl","floor":155},{"not_picked":["Chaos+1","Sweeping Beam+1","Doom and Gloom+1","White Noise+1"],"picked":"Singing Bowl","floor":157},{"not_picked":["Compile Driver+1","Coolheaded+1","Beam Cell+1","Leap+1"],"picked":"Singing Bowl","floor":158},{"not_picked":["Recycle+1","Steam+1","Conserve Battery+1","Leap+1"],"picked":"Singing Bowl","floor":160},{"not_picked":["Beam Cell+1","Doom and Gloom+1","Compile Driver+1"],"picked":"Genetic Algorithm+1","floor":164},{"not_picked":["Lockon+1","Leap+1","Cold Snap+1","Thunder Strike+1"],"picked":"Singing Bowl","floor":167}],"player_experience":279309,"relics_obtained":[{"floor":6,"key":"Omamori"},{"floor":9,"key":"Bag of Marbles"},{"floor":13,"key":"Blood Vial"},{"floor":19,"key":"Necronomicon"},{"floor":24,"key":"Vajra"},{"floor":24,"key":"Bag of Preparation"},{"floor":26,"key":"Whetstone"},{"floor":30,"key":"DataDisk"},{"floor":30,"key":"Lantern"},{"floor":41,"key":"Orichalcum"},{"floor":41,"key":"Pen Nib"},{"floor":43,"key":"Ancient Tea Set"},{"floor":57,"key":"Boot"},{"floor":59,"key":"Darkstone Periapt"},{"floor":60,"key":"Frozen Egg 2"},{"floor":66,"key":"Kunai"},{"floor":74,"key":"Molten Egg 2"},{"floor":77,"key":"Turnip"},{"floor":78,"key":"Toxic Egg 2"},{"floor":79,"key":"Red Mask"},{"floor":80,"key":"Thread and Needle"},{"floor":83,"key":"Tiny Chest"},{"floor":91,"key":"Art of War"},{"floor":93,"key":"Pantograph"},{"floor":94,"key":"Ornamental Fan"},{"floor":96,"key":"War Paint"},{"floor":100,"key":"Centennial Puzzle"},{"floor":108,"key":"Regal Pillow"},{"floor":108,"key":"Potion Belt"},{"floor":109,"key":"Matryoshka"},{"floor":110,"key":"Meat on the Bone"},{"floor":111,"key":"Dream Catcher"},{"floor":111,"key":"Anchor"},{"floor":113,"key":"Letter Opener"},{"floor":115,"key":"Strawberry"},{"floor":116,"key":"Symbiotic Virus"},{"floor":116,"key":"Bottled Flame"},{"floor":117,"key":"Mummified Hand"},{"floor":125,"key":"Ginger"},{"floor":128,"key":"Shuriken"},{"floor":128,"key":"Question Card"},{"floor":132,"key":"Ice Cream"},{"floor":133,"key":"Singing Bowl"},{"floor":133,"key":"Smiling Mask"},{"floor":134,"key":"Du-Vu Doll"},{"floor":140,"key":"Bottled Lightning"},{"floor":142,"key":"Gambling Chip"},{"floor":143,"key":"Incense Burner"},{"floor":143,"key":"Sundial"},{"floor":145,"key":"The Courier"},{"floor":146,"key":"Bird Faced Urn"},{"floor":147,"key":"Dead Branch"},{"floor":149,"key":"Emotion Chip"},{"floor":151,"key":"Torii"},{"floor":159,"key":"Pear"},{"floor":161,"key":"Blue Candle"},{"floor":162,"key":"Mercury Hourglass"},{"floor":164,"key":"Girya"},{"floor":164,"key":"Circlet"},{"floor":168,"key":"Circlet"}],"event_choices":[{"event_name":"Upgrade Shrine","player_choice":"Upgraded","floor":8,"damage_taken":0},{"event_name":"Big Fish","player_choice":"Box","floor":10,"damage_taken":0},{"event_name":"Cursed Tome","player_choice":"Obtained Book","floor":19,"damage_taken":0},{"event_name":"Golden Shrine","player_choice":"Pray","floor":22,"damage_taken":0},{"event_name":"The Lab","player_choice":"Got Potions","floor":29,"damage_taken":0},{"event_name":"Wheel of Change","player_choice":"Gold","floor":56,"damage_taken":0},{"event_name":"Golden Wing","player_choice":"Gained Gold","floor":58,"damage_taken":0},{"event_name":"Golden Shrine","player_choice":"Pray","floor":70,"damage_taken":0},{"event_name":"Duplicator","player_choice":"One dupe","floor":71,"damage_taken":0},{"event_name":"Back to Basics","player_choice":"Elegance","floor":72,"damage_taken":0},{"event_name":"Masked Bandits","player_choice":"Fought over 420 gold","floor":79,"damage_taken":0},{"event_name":"Accursed Blacksmith","player_choice":"Forge","floor":87,"damage_taken":0},{"event_name":"Winding Halls","player_choice":"Embrace Madness","floor":88,"damage_taken":0},{"event_name":"SensoryStone","player_choice":"Memory 1","floor":97,"damage_taken":0},{"event_name":"Falling","player_choice":"Removed Attack","floor":99,"damage_taken":0},{"event_name":"Match and Keep!","player_choice":"1 cards matched","floor":104,"damage_taken":0},{"event_name":"The Cleric","player_choice":"Card Removal","floor":105,"damage_taken":0},{"event_name":"Upgrade Shrine","player_choice":"Upgraded","floor":107,"damage_taken":0},{"event_name":"Dead Adventurer","player_choice":"Searched \u00271\u0027 times","floor":110,"damage_taken":0},{"event_name":"The Woman in Blue","player_choice":"Bought 1 Potion","floor":121,"damage_taken":0},{"event_name":"Golden Shrine","player_choice":"Pray","floor":127,"damage_taken":0},{"event_name":"The Library","player_choice":"Read","floor":129,"damage_taken":0},{"event_name":"Forgotten Altar","player_choice":"Shed Blood","floor":130,"damage_taken":0},{"event_name":"Addict","player_choice":"Obtained Relic","floor":131,"damage_taken":0},{"event_name":"Golden Shrine","player_choice":"Pray","floor":138,"damage_taken":0},{"event_name":"SensoryStone","player_choice":"Memory 1","floor":139,"damage_taken":0},{"event_name":"The Cleric","player_choice":"Leave","floor":165,"damage_taken":0},{"event_name":"Shining Light","player_choice":"Entered Light","floor":166,"damage_taken":0}],"boss_relics":[{"not_picked":["Runic Pyramid","Fusion Hammer"],"picked":"Black Star"},{"not_picked":["Lizard Tail","Busted Crown"],"picked":"FrozenCore"},{"not_picked":["Eternal Feather","Velvet Choker"],"picked":"Nuclear Battery"},{"not_picked":["Pandora\u0027s Box","Busted Crown"],"picked":"Lizard Tail"},{"not_picked":["Astrolabe","Runic Dome"],"picked":"Eternal Feather"},{"not_picked":["Calling Bell","Inserter"],"picked":"Philosopher\u0027s Stone"},{"not_picked":["Sozu","Busted Crown","Snecko Eye"]},{"not_picked":["Velvet Choker","Astrolabe"],"picked":"Runic Dome"},{"not_picked":["Empty Cage","Pandora\u0027s Box"],"picked":"Inserter"}],"items_purged_floors":[3,89,156,163],"is_endless":true,"potions_floor_spawned":[1,2,4,13,14,25,31,33,39,41,44,46,47,50,52,61,62,65,75,76,82,98,108,110,112,118,133,137,144,152,155,160,164],"killed_by":"Hexaghost","ascension_level":0}