{"gold_per_floor":[113,131,206,131,131,161,161,177,177,177,197,197,217,248,248,344,344,362,240,251,251],"floor_reached":21,"playtime":894,"items_purged":["Strike_B","Regret"],"score":321,"play_id":"bec35d18-b6db-4bd4-8ade-6bf6115a58c1","local_time":"20181017142530","is_ascension_mode":true,"campfire_choices":[{"data":"Zap","floor":7,"key":"SMITH"},{"data":"Dualcast","floor":10,"key":"SMITH"},{"data":"Conserve Battery","floor":12,"key":"SMITH"},{"floor":15,"key":"REST"}],"neow_cost":"NONE","seed_source_timestamp":571964587700517,"circlet_count":0,"master_deck":["Strike_B","Strike_B","Strike_B","Defend_B","Defend_B","Defend_B","Defend_B","Zap+1","Dualcast+1","AscendersBane","Auto Shields","Cold Snap","Conserve Battery+1","Beam Cell+1","Go for the Eyes+1","Fission","Ball Lightning+1","Conserve Battery+1"],"relics":["Cracked Core","NeowsBlessing","Molten Egg 2","Bag of Marbles","Singing Bowl","Orichalcum","Eternal Feather"],"potions_floor_usage":[16,16,21],"damage_taken":[{"damage":0,"enemies":"2 Louse","floor":1,"turns":1},{"damage":0,"enemies":"Small Slimes","floor":2,"turns":1},{"damage":0,"enemies":"Lagavulin","floor":6,"turns":1},{"damage":4,"enemies":"Jaw Worm","floor":8,"turns":3},{"damage":2,"enemies":"Blue Slaver","floor":11,"turns":3},{"damage":8,"enemies":"Lots of Slimes","floor":13,"turns":5},{"damage":18,"enemies":"3 Sentries","floor":14,"turns":10},{"damage":45,"enemies":"Hexaghost","floor":16,"turns":13},{"damage":24,"enemies":"Spheric Guardian","floor":18,"turns":8},{"damage":10,"enemies":"2 Thieves","floor":20,"turns":4},{"damage":30,"enemies":"Colosseum Slavers","floor":21,"turns":4}],"seed_played":"9025744142130381719","potions_obtained":[{"floor":6,"key":"Poison Potion"},{"floor":14,"key":"Block Potion"},{"floor":16,"key":"EssenceOfSteel"}],"is_trial":false,"path_per_floor":["M","M","?","$","?","E","R","M","T","R","M","R","M","E","R","B",null,"M","$","M"],"character_chosen":"DEFECT","items_purchased":["Ball Lightning+1"],"campfire_rested":1,"item_purchase_floors":[19],"current_hp_per_floor":[68,68,57,57,57,57,57,53,53,53,53,53,45,29,52,7,61,39,39,29,0],"gold":251,"neow_bonus":"THREE_ENEMY_KILL","is_prod":false,"is_daily":false,"chose_seed":false,"campfire_upgraded":3,"win_rate":0,"timestamp":1539753930,"path_taken":["M","M","?","$","?","E","R","?","T","R","M","R","M","E","R","BOSS","M","?","M","?"],"build_version":"2018-10-15v2","purchased_purges":2,"victory":false,"max_hp_per_floor":[75,75,75,75,75,75,75,75,75,75,77,77,77,79,79,79,79,81,81,81,81],"card_choices":[{"not_picked":["Rebound","Streamline"],"picked":"Auto Shields","floor":1},{"not_picked":["Beam Cell","Barrage"],"picked":"Cold Snap","floor":2},{"not_picked":["Melter+1","Steam Power"],"picked":"Conserve Battery","floor":6},{"not_picked":["Hologram","Streamline+1"],"picked":"Beam Cell+1","floor":8},{"not_picked":["Hello World","Barrage+1","Genetic Algorithm"],"picked":"Singing Bowl","floor":11},{"not_picked":["Streamline+1","Blizzard+1"],"picked":"Go for the Eyes+1","floor":13},{"not_picked":["Scrape+1","Aggregate","Undo"],"picked":"Singing Bowl","floor":14},{"not_picked":["Meteor Strike+1","Buffer"],"picked":"Fission","floor":16},{"not_picked":["Reprogram","Rebound+1","Chaos"],"picked":"Singing Bowl","floor":18},{"not_picked":["Skim+1","Cold Snap+1"],"picked":"Conserve Battery+1","floor":20}],"player_experience":517539,"relics_obtained":[{"floor":6,"key":"Bag of Marbles"},{"floor":9,"key":"Singing Bowl"},{"floor":14,"key":"Orichalcum"}],"event_choices":[{"event_name":"World of Goop","player_choice":"Gather Gold","floor":3,"damage_taken":0},{"event_name":"Big Fish","player_choice":"Box","floor":5,"damage_taken":0},{"event_name":"Colosseum","player_choice":"Fight","floor":21,"damage_taken":0}],"is_beta":true,"boss_relics":[{"not_picked":["Runic Pyramid","Coffee Dripper"],"picked":"Eternal Feather"}],"items_purged_floors":[4,19],"is_endless":false,"potions_floor_spawned":[6,14,16],"killed_by":"Colosseum Slavers","ascension_level":10}