{"gold_per_floor":[12,12,12,12,27,27,46,46,94,113,113,130,146,166,166,268,268,282,299,311,311,322,322],"floor_reached":23,"playtime":1451,"items_purged":[],"score":281,"play_id":"db5203c3-8445-4891-b621-15355fb64386","local_time":"20181120083819","is_ascension_mode":true,"campfire_choices":[{"data":"Zap","floor":6,"key":"SMITH"},{"data":"Chill","floor":8,"key":"SMITH"},{"data":"Coolheaded","floor":11,"key":"SMITH"},{"floor":15,"key":"REST"}],"neow_cost":"NO_GOLD","seed_source_timestamp":208082553295012,"circlet_count":0,"master_deck":["AscendersBane","Strike_B+1","Strike_B+1","Strike_B+1","Strike_B+1","Defend_B+1","Defend_B+1","Defend_B+1","Defend_B+1","Zap+1","Dualcast","Echo Form","Chill+1","Coolheaded+1","Auto Shields","Glacier","Leap","Loop","Hologram","Seek","Ball Lightning+1","Defragment+1"],"relics":["Cracked Core","Bag of Marbles","Boot","Runic Dome"],"potions_floor_usage":[13,16,16,19,23,23],"damage_taken":[{"damage":14,"enemies":"2 Louse","floor":1,"turns":2},{"damage":3,"enemies":"Small Slimes","floor":5,"turns":3},{"damage":3,"enemies":"Jaw Worm","floor":7,"turns":4},{"damage":6,"enemies":"Lots of Slimes","floor":10,"turns":6},{"damage":0,"enemies":"Exordium Thugs","floor":12,"turns":5},{"damage":5,"enemies":"Looter","floor":13,"turns":3},{"damage":10,"enemies":"2 Fungi Beasts","floor":14,"turns":4},{"damage":25,"enemies":"The Guardian","floor":16,"turns":18},{"damage":2,"enemies":"Spheric Guardian","floor":18,"turns":6},{"damage":4,"enemies":"Shell Parasite","floor":19,"turns":6},{"damage":20,"enemies":"Snake Plant","floor":20,"turns":5},{"damage":3,"enemies":"Chosen and Byrds","floor":22,"turns":6},{"damage":42,"enemies":"Slavers","floor":23,"turns":4}],"seed_played":"-2502922412773803111","potions_obtained":[{"floor":5,"key":"Ancient Potion"},{"floor":7,"key":"EssenceOfSteel"},{"floor":13,"key":"Swift Potion"},{"floor":14,"key":"Explosive Potion"},{"floor":18,"key":"SpeedPotion"},{"floor":22,"key":"SpeedPotion"}],"is_trial":false,"path_per_floor":["M","?","$","?","M","R","M","R","T","M","R","M","M","M","R","B",null,"M","M","M","?","M","E"],"character_chosen":"DEFECT","items_purchased":[],"campfire_rested":1,"item_purchase_floors":[],"current_hp_per_floor":[54,54,54,42,39,39,36,36,36,30,30,30,25,15,37,12,59,57,53,33,33,30,0],"gold":322,"neow_bonus":"THREE_RARE_CARDS","is_prod":false,"is_daily":false,"chose_seed":false,"campfire_upgraded":3,"win_rate":0,"timestamp":1542721099,"path_taken":["M","?","$","?","M","R","M","R","T","M","R","M","?","M","R","BOSS","M","M","?","?","M","E"],"build_version":"2018-11-15","purchased_purges":0,"victory":false,"max_hp_per_floor":[75,75,75,75,75,75,75,75,75,75,75,75,75,75,75,75,75,75,75,75,75,75,75],"card_choices":[{"not_picked":["Core Surge","Seek"],"picked":"Echo Form","floor":0},{"not_picked":["Stack","Heatsinks"],"picked":"Chill","floor":1},{"not_picked":["Doom and Gloom","Turbo"],"picked":"Coolheaded","floor":5},{"not_picked":["Stack","Chaos"],"picked":"Auto Shields","floor":7},{"not_picked":["Leap","Darkness"],"picked":"Glacier","floor":10},{"not_picked":["Rebound","Fusion"],"picked":"Leap","floor":12},{"not_picked":["Storm","Melter"],"picked":"Loop","floor":13},{"not_picked":["Turbo","Gash"],"picked":"Hologram","floor":14},{"not_picked":["All For One","Rainbow"],"picked":"Seek","floor":16},{"not_picked":["Go for the Eyes","Tempest+1"],"picked":"Ball Lightning+1","floor":18},{"not_picked":["Melter","Conserve Battery"],"picked":"Defragment+1","floor":19},{"not_picked":["Storm","Redo","Beam Cell+1"],"picked":"SKIP","floor":20},{"not_picked":["Stack","Rip and Tear","Turbo+1"],"picked":"SKIP","floor":22}],"player_experience":560547,"relics_obtained":[{"floor":9,"key":"Boot"}],"event_choices":[{"damage_healed":0,"gold_gain":0,"player_choice":"Leave","damage_taken":0,"max_hp_gain":0,"max_hp_loss":0,"event_name":"The Cleric","floor":2,"gold_loss":0},{"damage_healed":0,"gold_gain":0,"player_choice":"Success","damage_taken":12,"relics_obtained":["Bag of Marbles"],"max_hp_gain":0,"max_hp_loss":0,"event_name":"Scrap Ooze","floor":4,"gold_loss":0},{"damage_healed":0,"gold_gain":0,"player_choice":"Simplicity","damage_taken":0,"max_hp_gain":0,"max_hp_loss":0,"event_name":"Back to Basics","floor":21,"gold_loss":0,"cards_upgraded":["Strike_B","Strike_B","Strike_B","Strike_B","Defend_B","Defend_B","Defend_B","Defend_B"]}],"is_beta":false,"boss_relics":[{"not_picked":["Ectoplasm","Tiny House"],"picked":"Runic Dome"}],"items_purged_floors":[],"is_endless":false,"potions_floor_spawned":[5,7,13,14,18,22],"killed_by":"Slavers","ascension_level":10}