{"gold_per_floor":[141,66,141,156,174,198,198,230,230,230,230,230],"floor_reached":12,"playtime":534,"items_purged":["Regret"],"score":152,"play_id":"8c05df35-fdf8-4908-a580-6db600f23716","local_time":"20181031173101","is_ascension_mode":true,"campfire_choices":[{"floor":7,"key":"REST"},{"floor":10,"key":"REST"}],"neow_cost":"NONE","seed_source_timestamp":442069957500,"circlet_count":0,"master_deck":["Defend_G","Defend_G","Defend_G","Defend_G","Defend_G","Strike_G","Strike_G","Strike_G","Strike_G","Strike_G","Survivor","Neutralize","AscendersBane","Normality","Pain","Crippling Poison","Deadly Poison","Dash","Escape Plan"],"relics":["Calling Bell","Tiny Chest","Gremlin Horn","Pocketwatch","Ancient Tea Set","Shuriken","Gambling Chip"],"potions_floor_usage":[12],"damage_taken":[{"damage":20,"enemies":"Cultist","floor":1,"turns":5},{"damage":14,"enemies":"Jaw Worm","floor":4,"turns":7},{"damage":4,"enemies":"Small Slimes","floor":5,"turns":4},{"damage":28,"enemies":"3 Sentries","floor":8,"turns":13},{"damage":33,"enemies":"Gremlin Nob","floor":12,"turns":4}],"seed_played":"6059189934973015624","potions_obtained":[{"floor":8,"key":"SpeedPotion"}],"is_trial":false,"path_per_floor":["M","$","?","M","M","T","R","E","T","R","?"],"character_chosen":"THE_SILENT","items_purchased":[],"campfire_rested":2,"item_purchase_floors":[],"current_hp_per_floor":[39,39,28,14,10,10,29,1,1,20,20,0],"gold":230,"neow_bonus":"BOSS_RELIC","is_prod":false,"is_daily":false,"chose_seed":false,"campfire_upgraded":0,"win_rate":0,"timestamp":1541021461,"path_taken":["M","$","?","M","M","?","R","E","T","R","?","E"],"build_version":"2018-10-29v2","purchased_purges":1,"victory":false,"max_hp_per_floor":[66,66,66,66,66,66,66,66,66,66,66,66],"card_choices":[{"not_picked":["Quick Slash","Prepared"],"picked":"Crippling Poison","floor":1},{"not_picked":["Bane","Underhanded Strike"],"picked":"Deadly Poison","floor":4},{"not_picked":["Calculated Gamble","Dodge and Roll"],"picked":"Dash","floor":5},{"not_picked":["Deflect","Blade Dance"],"picked":"Escape Plan","floor":8}],"player_experience":1565233,"relics_obtained":[{"floor":0,"key":"Tiny Chest"},{"floor":0,"key":"Gremlin Horn"},{"floor":0,"key":"Pocketwatch"},{"floor":6,"key":"Ancient Tea Set"},{"floor":8,"key":"Shuriken"},{"floor":9,"key":"Gambling Chip"}],"event_choices":[{"damage_healed":0,"gold_gain":75,"player_choice":"Gather Gold","damage_taken":11,"max_hp_gain":0,"max_hp_loss":0,"event_name":"World of Goop","floor":3,"gold_loss":0},{"damage_healed":0,"gold_gain":0,"player_choice":"Ignored","damage_taken":0,"max_hp_gain":0,"max_hp_loss":0,"event_name":"Liars Game","floor":11,"gold_loss":0}],"is_beta":true,"boss_relics":[],"items_purged_floors":[2],"is_endless":false,"potions_floor_spawned":[8],"killed_by":"Gremlin Nob","ascension_level":20}