{"gold_per_floor":[115,128,142,158,11,45,45,58,85,85,97,97,128,139,139,242,242,223,241,156,176,176,204,204,11,11,11,11,27,52,66,66,163,163,177,1,16,116,116,116,116,128,153,153,181,198,216,227,227,227,227,227,30,63,63],"floor_reached":56,"playtime":4197,"items_purged":["Strike_R","Defend_R","Doubt"],"score":1251,"play_id":"3101e02b-7c10-4e50-b6a2-98711284177a","local_time":"20190110005608","is_ascension_mode":true,"campfire_choices":[{"data":"Uppercut","floor":7.0,"key":"SMITH"},{"data":"Bash","floor":10.0,"key":"SMITH"},{"floor":12.0,"key":"REST"},{"floor":15.0,"key":"REST"},{"data":"Limit Break","floor":24.0,"key":"SMITH"},{"floor":28.0,"key":"REST"},{"data":"Apotheosis","floor":32,"key":"SMITH"},{"floor":40,"key":"RECALL"},{"data":"Panacea","floor":44,"key":"SMITH"},{"data":"Shockwave","floor":49,"key":"SMITH"},{"data":"Whirlwind","floor":52,"key":"SMITH"}],"neow_cost":"TEN_PERCENT_HP_LOSS","seed_source_timestamp":0,"circlet_count":0,"master_deck":["Strike_R","Strike_R","Defend_R","Defend_R","Defend_R","Bash+1","Carnage","Shrug It Off","Limit Break+1","Whirlwind+1","Uppercut+1","Evolve","Shockwave+1","Spot Weakness","Double Tap","Shrug It Off","Shrug It Off+1","Ghostly","Ghostly","Ghostly","Ghostly","Ghostly","Apotheosis+1","Shrug It Off+1","Double Tap","Inflame","Feed","Dropkick","Mayhem","Enlightenment","Panacea+1","Carnage","Injury","Flame Barrier"],"special_seed":0,"relics":["Burning Blood","Matryoshka","PreservedInsect","Regal Pillow","Cursed Key","Magic Flower","Blood Vial","Centennial Puzzle","Letter Opener","Nilry\u0027s Codex","Pear","Snecko Eye","Pocketwatch","Potion Belt","Anchor"],"potions_floor_usage":[33,35,37,42,47,48,55,55],"damage_taken":[{"damage":4.0,"enemies":"2 Louse","floor":1.0,"turns":4.0},{"damage":6.0,"enemies":"Jaw Worm","floor":2.0,"turns":2.0},{"damage":10.0,"enemies":"Small Slimes","floor":3.0,"turns":3.0},{"damage":22.0,"enemies":"Exordium Wildlife","floor":4.0,"turns":5.0},{"damage":27.0,"enemies":"Gremlin Nob","floor":6.0,"turns":5.0},{"damage":4.0,"enemies":"Red Slaver","floor":8.0,"turns":4.0},{"damage":8.0,"enemies":"2 Fungi Beasts","floor":11.0,"turns":4.0},{"damage":22.0,"enemies":"Lagavulin","floor":13.0,"turns":4.0},{"damage":0.0,"enemies":"Lots of Slimes","floor":14.0,"turns":1.0},{"damage":64.0,"enemies":"Hexaghost","floor":16.0,"turns":10.0},{"damage":24.0,"enemies":"2 Thieves","floor":18.0,"turns":4.0},{"damage":15.0,"enemies":"Shell Parasite","floor":19.0,"turns":4.0},{"damage":17.0,"enemies":"Snecko","floor":21.0,"turns":5.0},{"damage":8.0,"enemies":"Gremlin Leader","floor":23.0,"turns":6.0},{"damage":5.0,"enemies":"Snake Plant","floor":29.0,"turns":5.0},{"damage":6.0,"enemies":"Slavers","floor":30.0,"turns":4.0},{"damage":6,"enemies":"Cultist and Chosen","floor":31,"turns":7},{"damage":45,"enemies":"Automaton","floor":33,"turns":10},{"damage":0,"enemies":"3 Darklings","floor":35,"turns":2},{"damage":1,"enemies":"Orb Walker","floor":37,"turns":3},{"damage":12,"enemies":"Mind Bloom Boss Battle","floor":38,"turns":7},{"damage":1,"enemies":"Maw","floor":42,"turns":7},{"damage":11,"enemies":"Reptomancer","floor":45,"turns":5},{"damage":5,"enemies":"4 Shapes","floor":46,"turns":5},{"damage":2,"enemies":"Spire Growth","floor":47,"turns":2},{"damage":12,"enemies":"Sphere and 2 Shapes","floor":48,"turns":4},{"damage":12,"enemies":"Donu and Deca","floor":50,"turns":8},{"damage":4,"enemies":"Shield and Spear","floor":54,"turns":4},{"damage":15,"enemies":"The Heart","floor":55,"turns":9}],"seed_played":"-5705854572858228830","potions_obtained":[{"floor":1.0,"key":"BloodPotion"},{"floor":3.0,"key":"SkillPotion"},{"floor":13.0,"key":"Energy Potion"},{"floor":14.0,"key":"Swift Potion"},{"floor":16.0,"key":"SteroidPotion"},{"floor":19.0,"key":"Fire Potion"},{"floor":23.0,"key":"SkillPotion"},{"floor":30,"key":"Energy Potion"},{"floor":37,"key":"SkillPotion"},{"floor":45,"key":"SteroidPotion"},{"floor":46,"key":"Dexterity Potion"},{"floor":47,"key":"GamblersBrew"},{"floor":48,"key":"Weak Potion"},{"floor":54,"key":"FearPotion"}],"is_trial":false,"path_per_floor":["M","M","M","M","$","E","R","M","T","R","M","R","E","M","R","B",null,"M","M","?","M","?","E","R","$","T","?","R","M","E","M","R","B",null,"M","$","M","?","?","R","$","M","T","R","E","M","M","M","R","B",null,"R","$","E","B",null],"character_chosen":"IRONCLAD","items_purchased":["Uppercut","Apotheosis","Dropkick","GamblersBrew"],"campfire_rested":3,"item_purchase_floors":[5,25,36,53],"current_hp_per_floor":[72,72,68,52,52,38,38,40,40,40,38,59,43,49,72,14,72,54,45,45,37,36,36,36,36,36,20,36,36,46,46,46,10,46,46,46,46,49,39,39,39,50,50,50,54,54,54,51,51,51,54,54,54,54,48],"gold":63,"neow_bonus":"REMOVE_TWO","is_prod":false,"is_daily":false,"chose_seed":false,"campfire_upgraded":7,"win_rate":0,"timestamp":1547099768,"path_taken":["M","M","M","M","$","E","R","M","T","R","M","R","E","M","R","BOSS","M","M","?","M","?","E","R","?","T","?","R","M","E","M","R","BOSS","M","$","M","?","?","R","?","M","T","R","E","M","M","?","R","BOSS","R","$","E","BOSS"],"build_version":"2019-01-03v4","purchased_purges":3,"victory":true,"max_hp_per_floor":[72,72,72,72,72,72,72,72,72,72,72,72,72,72,72,72,72,72,72,72,72,36,36,36,36,36,36,36,36,46,46,46,46,46,46,46,46,50,50,50,50,50,50,50,54,54,54,54,54,54,54,54,54,54,54],"card_choices":[{"not_picked":["Clothesline","Dropkick"],"picked":"Carnage","floor":1.0},{"not_picked":["Body Slam","Sword Boomerang"],"picked":"Shrug It Off","floor":2.0},{"not_picked":["Anger","Combust"],"picked":"Limit Break","floor":3.0},{"not_picked":["Rupture","Armaments"],"picked":"Whirlwind","floor":4.0},{"not_picked":["Iron Wave","Power Through","Intimidate"],"picked":"SKIP","floor":6.0},{"not_picked":["Shockwave","Burning Pact","Twin Strike"],"picked":"SKIP","floor":8.0},{"not_picked":["Sword Boomerang","Shockwave"],"picked":"Evolve","floor":11.0},{"not_picked":["Havoc","Bludgeon"],"picked":"Shockwave","floor":13.0},{"not_picked":["Cleave","Blood for Blood"],"picked":"Spot Weakness","floor":14.0},{"not_picked":["Immolate","Fiend Fire"],"picked":"Double Tap","floor":16.0},{"not_picked":["Clothesline+1","Seeing Red","Headbutt"],"picked":"SKIP","floor":18.0},{"not_picked":["Iron Wave+1","Havoc"],"picked":"Shrug It Off","floor":19.0},{"not_picked":["Dropkick","Infernal Blade+1"],"picked":"Shrug It Off+1","floor":21.0},{"not_picked":["Limit Break","Fire Breathing","Twin Strike+1"],"picked":"SKIP","floor":23.0},{"not_picked":["Iron Wave","Clash+1"],"picked":"Shrug It Off+1","floor":29.0},{"not_picked":["Corruption+1","Iron Wave"],"picked":"Double Tap","floor":30},{"not_picked":["Flex+1","Twin Strike+1"],"picked":"Inflame","floor":31},{"not_picked":["Immolate","Offering"],"picked":"Feed","floor":33},{"not_picked":["Combust","Clothesline","Shrug It Off"],"picked":"SKIP","floor":35},{"not_picked":["Wild Strike+1","Clash","Perfected Strike+1"],"picked":"SKIP","floor":37},{"not_picked":["Panache","Good Instincts"],"picked":"Mayhem","floor":39},{"not_picked":["Jack Of All Trades","Bandage Up"],"picked":"Enlightenment","floor":39},{"not_picked":["Panache","Flash of Steel"],"picked":"Panacea","floor":39},{"not_picked":["Heavy Blade","Pommel Strike"],"picked":"Carnage","floor":42},{"not_picked":["Armaments+1","Wild Strike+1","Sentinel+1"],"picked":"SKIP","floor":45},{"not_picked":["Evolve+1","Havoc","Iron Wave+1"],"picked":"SKIP","floor":46},{"not_picked":["Intimidate","Spot Weakness","Corruption+1"],"picked":"SKIP","floor":47},{"not_picked":["Armaments+1","Twin Strike","Clash+1"],"picked":"SKIP","floor":48},{"not_picked":["Reckless Charge+1","Pommel Strike+1"],"picked":"Flame Barrier","floor":54}],"player_experience":779525,"relics_obtained":[{"floor":6.0,"key":"Matryoshka"},{"floor":9.0,"key":"PreservedInsect"},{"floor":13.0,"key":"Regal Pillow"},{"floor":23.0,"key":"Blood Vial"},{"floor":26.0,"key":"Centennial Puzzle"},{"floor":26.0,"key":"Letter Opener"},{"floor":27.0,"key":"Nilry\u0027s Codex"},{"floor":30,"key":"Pear"},{"floor":38,"key":"Pocketwatch"},{"floor":43,"key":"Potion Belt"},{"floor":45,"key":"Anchor"}],"event_choices":[{"damage_healed":0.0,"max_hp_gain":0.0,"max_hp_loss":0.0,"gold_gain":0.0,"event_name":"Addict","player_choice":"Obtained Relic","floor":20.0,"gold_loss":85.0,"damage_taken":0.0,"relics_obtained":["Magic Flower"]},{"damage_healed":0.0,"max_hp_gain":0.0,"max_hp_loss":36.0,"gold_gain":0.0,"event_name":"Ghosts","player_choice":"Became a Ghost","floor":22.0,"gold_loss":0.0,"damage_taken":0.0,"cards_obtained":["Ghostly","Ghostly","Ghostly","Ghostly","Ghostly"]},{"damage_healed":0.0,"max_hp_gain":0.0,"max_hp_loss":0.0,"gold_gain":0.0,"event_name":"Cursed Tome","player_choice":"Obtained Book","floor":27.0,"gold_loss":0.0,"damage_taken":16.0},{"damage_healed":0,"gold_gain":0,"player_choice":"Fight","damage_taken":0,"max_hp_gain":0,"max_hp_loss":0,"event_name":"MindBloom","floor":38,"gold_loss":0},{"damage_healed":0,"gold_gain":0,"player_choice":"Memory 3","damage_taken":10,"max_hp_gain":0,"max_hp_loss":0,"event_name":"SensoryStone","floor":39,"gold_loss":0}],"is_beta":false,"boss_relics":[{"not_picked":["Busted Crown","Velvet Choker"],"picked":"Cursed Key"},{"not_picked":["Runic Dome","White Beast Statue"],"picked":"Snecko Eye"}],"items_purged_floors":[5,36,53],"is_endless":false,"potions_floor_spawned":[1,3,13,14,16,19,23,29,30,37,45,46,47,48,54],"ascension_level":1}