{"gold_per_floor":[118,118,131,406,423,758,769,769],"floor_reached":8,"playtime":1019,"items_purged":[],"score":58,"play_id":"8265a158-08c3-4dad-8e5b-b212c23e36cd","local_time":"20190120133256","is_ascension_mode":false,"campfire_choices":[],"neow_cost":"NONE","seed_source_timestamp":567874887530491,"circlet_count":0,"master_deck":["Defend_G","Defend_G","Defend_G","Defend_G","Defend_G","Strike_G","Strike_G","Strike_G","Strike_G","Strike_G","Survivor","Neutralize+1","Flying Knee","Backflip","Footwork","Regret","Caltrops","Wraith Form v2","Dodge and Roll"],"relics":["Ring of the Snake","Old Coin"],"potions_floor_usage":[6],"damage_taken":[{"damage":1,"enemies":"Jaw Worm","floor":1,"turns":5},{"damage":5,"enemies":"Small Slimes","floor":3,"turns":5},{"damage":1,"enemies":"Cultist","floor":5,"turns":4},{"damage":41,"enemies":"Gremlin Nob","floor":6,"turns":4},{"damage":21,"enemies":"3 Louse","floor":7,"turns":4},{"damage":4,"enemies":"2 Fungi Beasts","floor":8,"turns":1}],"seed_played":"9016945221668892426","potions_obtained":[{"floor":3,"key":"SteroidPotion"},{"floor":7,"key":"Weak Potion"}],"is_trial":false,"path_per_floor":["M","?","M","?","M","E","M","M"],"character_chosen":"THE_SILENT","items_purchased":[],"campfire_rested":0,"item_purchase_floors":[],"current_hp_per_floor":[69,69,64,64,63,22,1,0],"gold":769,"neow_bonus":"THREE_CARDS","is_prod":false,"is_daily":false,"chose_seed":false,"campfire_upgraded":0,"win_rate":0,"timestamp":1548009176,"path_taken":["M","?","M","?","M","E","?","M"],"build_version":"2019-01-17v2","purchased_purges":0,"victory":false,"max_hp_per_floor":[70,70,70,70,70,70,70,70],"card_choices":[{"not_picked":["Escape Plan","Dagger Spray"],"picked":"Flying Knee","floor":0},{"not_picked":["Outmaneuver","Bane"],"picked":"Backflip","floor":1},{"not_picked":["Finisher","PiercingWail"],"picked":"Footwork","floor":3},{"not_picked":["Prepared","Dash"],"picked":"Caltrops","floor":5},{"not_picked":["Dagger Spray","Choke"],"picked":"Wraith Form v2","floor":6},{"not_picked":["Sucker Punch","All Out Attack"],"picked":"Dodge and Roll","floor":7}],"player_experience":81571,"relics_obtained":[{"floor":6,"key":"Old Coin"}],"event_choices":[{"damage_healed":0,"gold_gain":0,"player_choice":"Grow","damage_taken":0,"max_hp_gain":0,"max_hp_loss":0,"event_name":"Living Wall","floor":2,"gold_loss":0,"cards_upgraded":["Neutralize"]},{"damage_healed":0,"gold_gain":275,"player_choice":"Desecrate","damage_taken":0,"max_hp_gain":0,"max_hp_loss":0,"event_name":"Golden Shrine","floor":4,"gold_loss":0,"cards_obtained":["Regret"]}],"is_beta":false,"boss_relics":[],"items_purged_floors":[],"is_endless":false,"potions_floor_spawned":[3,7],"killed_by":"2 Fungi Beasts","ascension_level":0}