{"gold_per_floor":[116,191,27,27,27,62,79,79,79,79,107,107,118,143,143,220,220,220,135,59,72,86,86,112,132,132,132,132],"floor_reached":28,"playtime":1764,"items_purged":["Strike_G"],"score":508,"play_id":"40bb09e1-26ff-4bad-b852-58608c2efe3f","local_time":"20181017192555","is_ascension_mode":true,"campfire_choices":[{"floor":8,"key":"REST"},{"data":"Neutralize","floor":10,"key":"SMITH"},{"floor":12,"key":"REST"},{"data":"Catalyst","floor":15,"key":"SMITH"},{"floor":23,"key":"REST"}],"neow_cost":"NONE","seed_source_timestamp":43883899485600,"circlet_count":0,"master_deck":["Defend_G","Defend_G","Defend_G","Defend_G","Defend_G","Strike_G","Strike_G","Strike_G","Strike_G","Survivor","Neutralize+1","AscendersBane","Poisoned Stab","Well Laid Plans","Deflect","Deadly Poison","Skewer","Cloak And Dagger","Catalyst+1","Malaise","Noxious Fumes","Underhanded Strike","Caltrops","Riddle With Holes"],"relics":["Ring of the Snake","PreservedInsect","Vajra","Peace Pipe","Ancient Tea Set","Snecko Eye","Regal Pillow","Bronze Scales","Lantern","MutagenicStrength"],"potions_floor_usage":[6,11,18,24,28],"damage_taken":[{"damage":0,"enemies":"Cultist","floor":1,"turns":3},{"damage":30,"enemies":"Lagavulin","floor":6,"turns":10},{"damage":0,"enemies":"2 Louse","floor":7,"turns":3},{"damage":19,"enemies":"Gremlin Nob","floor":11,"turns":4},{"damage":0,"enemies":"Jaw Worm","floor":13,"turns":4},{"damage":13,"enemies":"3 Sentries","floor":14,"turns":8},{"damage":18,"enemies":"The Guardian","floor":16,"turns":8},{"damage":0,"enemies":"3 Byrds","floor":18,"turns":2},{"damage":19,"enemies":"Chosen","floor":21,"turns":6},{"damage":17,"enemies":"Snecko","floor":22,"turns":6},{"damage":33,"enemies":"Slavers","floor":24,"turns":5},{"damage":11,"enemies":"Centurion and Healer","floor":25,"turns":6},{"damage":8,"enemies":"Sentry and Sphere","floor":28,"turns":3}],"seed_played":"-1911231758053457001","potions_obtained":[{"floor":1,"key":"SpeedPotion"},{"floor":6,"key":"SmokeBomb"},{"floor":7,"key":"Regen Potion"},{"floor":21,"key":"Energy Potion"},{"floor":25,"key":"FearPotion"}],"is_trial":false,"path_per_floor":["M","?","$","?","?","E","M","R","T","R","E","R","M","E","R","B",null,"M","?","$","M","M","R","E","M","T","?"],"character_chosen":"THE_SILENT","items_purchased":["Well Laid Plans","Noxious Fumes"],"campfire_rested":3,"item_purchase_floors":[3,20],"current_hp_per_floor":[59,48,48,48,43,13,13,32,32,32,25,44,44,31,31,13,53,53,53,53,34,17,51,18,7,7,7,0],"gold":132,"neow_bonus":"THREE_CARDS","is_prod":false,"is_daily":false,"chose_seed":false,"campfire_upgraded":2,"win_rate":0,"timestamp":1539818755,"path_taken":["M","?","$","?","?","E","?","R","T","R","E","R","M","E","R","BOSS","M","?","$","M","M","R","E","M","T","?","M"],"build_version":"2018-10-17","purchased_purges":1,"victory":false,"max_hp_per_floor":[66,66,66,66,66,66,66,66,66,66,66,66,66,66,66,66,66,66,66,66,66,66,66,66,66,66,66,66],"card_choices":[{"not_picked":["Slice","Dodge and Roll"],"picked":"Poisoned Stab","floor":0},{"not_picked":["Riddle With Holes","Slice","Prepared"],"picked":"SKIP","floor":1},{"not_picked":["Heel Hook","Terror"],"picked":"Deflect","floor":6},{"not_picked":["Escape Plan","Prepared"],"picked":"Deadly Poison","floor":7},{"not_picked":["Calculated Gamble","Heel Hook"],"picked":"Skewer","floor":11},{"not_picked":["Quick Slash","Deflect"],"picked":"Cloak And Dagger","floor":13},{"not_picked":["Poisoned Stab","Backflip"],"picked":"Catalyst","floor":14},{"not_picked":["Doppelganger","Corpse Explosion"],"picked":"Malaise","floor":16},{"not_picked":["Dagger Spray","Flechettes"],"picked":"Underhanded Strike","floor":21},{"not_picked":["Sucker Punch+1","Underhanded Strike"],"picked":"Caltrops","floor":22},{"not_picked":["Unload","Cloak And Dagger"],"picked":"Riddle With Holes","floor":24},{"not_picked":["Infinite Blades","Concentrate","Poisoned Stab"],"picked":"SKIP","floor":25}],"player_experience":1421142,"relics_obtained":[{"floor":6,"key":"Vajra"},{"floor":11,"key":"Peace Pipe"},{"floor":14,"key":"Ancient Tea Set"},{"floor":24,"key":"Bronze Scales"},{"floor":26,"key":"Lantern"}],"event_choices":[{"damage_healed":0,"gold_gain":75,"player_choice":"Gather Gold","damage_taken":11,"max_hp_gain":0,"max_hp_loss":0,"event_name":"World of Goop","floor":2,"gold_loss":0},{"damage_healed":0,"gold_gain":0,"player_choice":"Ignored","damage_taken":0,"max_hp_gain":0,"max_hp_loss":0,"event_name":"Golden Wing","floor":4,"gold_loss":0},{"damage_healed":0,"gold_gain":0,"player_choice":"Success","damage_taken":5,"relics_obtained":["PreservedInsect"],"max_hp_gain":0,"max_hp_loss":0,"event_name":"Scrap Ooze","floor":5,"gold_loss":0},{"damage_healed":0,"gold_gain":0,"player_choice":"Obtained Relic","damage_taken":0,"relics_obtained":["Regal Pillow"],"max_hp_gain":0,"max_hp_loss":0,"event_name":"Addict","floor":19,"gold_loss":85},{"damage_healed":0,"gold_gain":0,"player_choice":"Inject Mutagens","damage_taken":0,"relics_obtained":["MutagenicStrength"],"max_hp_gain":0,"max_hp_loss":0,"event_name":"Drug Dealer","floor":27,"gold_loss":0}],"is_beta":true,"boss_relics":[{"not_picked":["Runic Dome","Ectoplasm"],"picked":"Snecko Eye"}],"items_purged_floors":[3],"is_endless":false,"potions_floor_spawned":[1,6,7,21,25],"killed_by":"Sentry and Sphere","ascension_level":20}