{"path_per_floor":["M","?","?","M","M","E","R","E","T","M","R","?","M","$","R","B",null,"M","$","M","?","M","E","M","?","T","M","$","R","E","M","R","B",null,"M","M","?","M","?","R","M","R","T","T","M","M","?","$","R"],"character_chosen":"IRONCLAD","items_purchased":["War Paint"],"gold_per_floor":[20,0,0,17,33,64,64,92,142,160,160,120,140,65,65,165,165,165,17,17,17,17,17,17,17,17,17,17,17,17,17,17,17,17,17,17,0,0,0,0,0,0,0,0,0,0,0,0,0,0],"floor_reached":50,"campfire_rested":5,"playtime":3439,"current_hp_per_floor":[72,72,72,75,80,64,64,36,36,30,54,54,60,60,60,63,80,80,80,73,56,45,35,30,14,14,24,24,55,49,54,54,28,56,54,28,28,9,9,40,25,56,56,56,42,39,34,34,56,0],"items_purged":["Strike_R"],"gold":0,"score":570,"play_id":"464bf52d-5152-4a0f-afe9-93b822684481","local_time":"20180326083533","is_prod":false,"is_daily":false,"is_ascension_mode":false,"campfire_upgraded":3,"timestamp":1522067733,"path_taken":["M","?","?","?","M","E","R","E","T","M","R","?","M","$","R","BOSS","M","$","M","?","M","E","?","?","T","?","?","R","E","?","R","BOSS","M","M","?","M","?","R","?","R","T","?","M","?","?","?","R","BOSS"],"build_version":"2018-03-22v2","purchased_purges":1,"victory":false,"master_deck":["Defend_R","Defend_R","Defend_R+1","Defend_R","Headbutt","Spot Weakness+1","Sword Boomerang+1","Twin Strike","Ghostly Armor","Infernal Blade+1","Reckless Charge","Metallicize","Metallicize","Demon Form","Metallicize","Pommel Strike","Bite","Bite","Bite","Bite","Bite","Juggernaut","Pummel","Sword Boomerang","Body Slam+1","Flex","Limit Break","Juggernaut","Sword Boomerang+1","Perfected Strike+1","Flame Barrier","Clothesline+1","Rampage+1","Fire Breathing+1","Disarm+1"],"max_hp_per_floor":[80,80,80,80,80,80,80,80,80,80,80,80,80,80,80,80,80,80,80,80,56,56,56,56,56,56,56,56,56,56,56,56,56,56,56,56,56,56,56,56,56,56,56,56,56,56,56,56,56,56],"relics":["Burning Blood","Champion Belt","Ornamental Fan","Oddly Smooth Stone","Ectoplasm","War Paint","Mercury Hourglass","Enchiridion","Regal Pillow","Bottled Tornado","White Beast Statue","Red Mask","Magic Flower","Calipers","Girya"],"card_choices":[{"not_picked":["Iron Wave","Entrench"],"picked":"Sword Boomerang","floor":1},{"not_picked":["Warcry","Armaments"],"picked":"Twin Strike","floor":4},{"not_picked":["Sever Soul","Intimidate"],"picked":"Ghostly Armor","floor":5},{"not_picked":["Pummel","Cleave"],"picked":"Infernal Blade","floor":6},{"not_picked":["Dark Embrace","Bludgeon"],"picked":"Reckless Charge","floor":8},{"not_picked":["Headbutt","Uppercut"],"picked":"Metallicize","floor":10},{"not_picked":["Warcry","True Grit"],"picked":"Metallicize","floor":13},{"not_picked":["Brutality","Bludgeon"],"picked":"Demon Form","floor":16},{"not_picked":["Flame Barrier","Pommel Strike"],"picked":"Metallicize","floor":18},{"not_picked":["Shockwave","Warcry"],"picked":"Pommel Strike","floor":20},{"not_picked":["Warcry","Rupture"],"picked":"Juggernaut","floor":22},{"not_picked":["Body Slam","Anger"],"picked":"Pummel","floor":23},{"not_picked":["Bloodletting","Clothesline"],"picked":"Sword Boomerang","floor":24},{"not_picked":["Heavy Blade","Bloodletting"],"picked":"Body Slam","floor":27},{"not_picked":["Clothesline","Wild Strike"],"picked":"Flex","floor":30},{"not_picked":["Body Slam","Whirlwind"],"picked":"Limit Break","floor":31},{"not_picked":["Berserk","Fiend Fire"],"picked":"Juggernaut","floor":33},{"not_picked":["Cleave","Ghostly Armor"],"picked":"Sword Boomerang","floor":35},{"not_picked":["Armaments","Reckless Charge"],"picked":"Perfected Strike","floor":36},{"not_picked":["Clothesline","Armaments"],"picked":"Flame Barrier","floor":38},{"not_picked":["Second Wind","Hemokinesis"],"picked":"Clothesline","floor":41},{"not_picked":["Iron Wave","Bloodletting"],"picked":"Rampage","floor":45},{"not_picked":["Reaper","Clash"],"picked":"Fire Breathing","floor":46},{"not_picked":["Cleave","Warcry"],"picked":"Disarm","floor":47}],"player_experience":30008,"potions_floor_usage":[8,16,16,16,23,23,30,46,50,50],"damage_taken":[{"damage":14,"enemies":"Small Slimes","floor":1,"turns":3},{"damage":3,"enemies":"Jaw Worm","floor":4,"turns":3},{"damage":0,"enemies":"Cultist","floor":5,"turns":2},{"damage":22,"enemies":"3 Sentries","floor":6,"turns":7},{"damage":34,"enemies":"Gremlin Nob","floor":8,"turns":5},{"damage":12,"enemies":"Red Slaver","floor":10,"turns":2},{"damage":0,"enemies":"2 Fungi Beasts","floor":13,"turns":2},{"damage":3,"enemies":"Hexaghost","floor":16,"turns":8},{"damage":6,"enemies":"Spheric Guardian","floor":18,"turns":4},{"damage":13,"enemies":"Chosen","floor":20,"turns":5},{"damage":21,"enemies":"Snake Plant","floor":22,"turns":3},{"damage":30,"enemies":"Book of Stabbing","floor":23,"turns":6},{"damage":17,"enemies":"Sentry and Sphere","floor":24,"turns":4},{"damage":4,"enemies":"Centurion and Healer","floor":27,"turns":5},{"damage":18,"enemies":"Slavers","floor":30,"turns":5},{"damage":9,"enemies":"3 Cultists","floor":31,"turns":4},{"damage":42,"enemies":"Collector","floor":33,"turns":8},{"damage":10,"enemies":"Orb Walker","floor":35,"turns":4},{"damage":38,"enemies":"3 Darklings","floor":36,"turns":5},{"damage":31,"enemies":"Sphere and 2 Shapes","floor":38,"turns":4},{"damage":25,"enemies":"4 Shapes","floor":41,"turns":4},{"damage":23,"enemies":"3 Darklings","floor":45,"turns":6},{"damage":36,"enemies":"Sphere and 2 Shapes","floor":46,"turns":6},{"damage":17,"enemies":"Mysterious Sphere","floor":47,"turns":4},{"damage":64,"enemies":"Time Eater","floor":50,"turns":4}],"event_choices":[{"event_name":"World of Goop","player_choice":"Left","floor":2,"damage_taken":0},{"event_name":"The Cleric","player_choice":"Leave","floor":3,"damage_taken":0},{"event_name":"The Woman in Blue","player_choice":"Bought 3 Potions","floor":12,"damage_taken":0},{"event_name":"Vampires","player_choice":"Became a vampire","floor":21,"damage_taken":0},{"event_name":"Cursed Tome","player_choice":"Obtained Book","floor":25,"damage_taken":0},{"event_name":"Tomb of Lord Red Mask","player_choice":"Paid","floor":37,"damage_taken":0},{"event_name":"Bonfire Elementals","player_choice":"BASIC","floor":39,"damage_taken":0},{"event_name":"Mysterious Sphere","player_choice":"Fight","floor":47,"damage_taken":0}],"boss_relics":[{"not_picked":["Orrery","Cursed Key"],"picked":"Ectoplasm"},{"not_picked":["Runic Cube","Question Card"],"picked":"White Beast Statue"}],"potions_floor_spawned":[4,13,18,22,27,35,36,38,41,45,46,47],"seed_played":"-1827724671585608020","killed_by":"Time Eater","ascension_level":0,"is_trial":false}