{"gold_per_floor":[117,132,142,142,27,27,53,53,53,86,86,49,49,49,49,125,125,135,135,148,161,171,171,204,18,18,18,18,48,64,82,82,156,156,167,167,181,193,67,67,77,0,71,71,82,98,98,98,98,98,98],"floor_reached":52,"playtime":3650,"items_purged":["Strike_G"],"score":1800,"play_id":"884ae820-2837-4167-8202-8e4df3106f81","local_time":"20181219001132","is_ascension_mode":true,"campfire_choices":[{"floor":6.0,"key":"REST"},{"floor":8.0,"key":"REST"},{"data":"Noxious Fumes","floor":13,"key":"SMITH"},{"data":"Footwork","floor":15,"key":"SMITH"},{"floor":23,"key":"REST"},{"floor":27,"key":"REST"},{"floor":32,"key":"REST"},{"floor":40,"key":"REST"},{"floor":44,"key":"REST"},{"floor":47,"key":"REST"},{"floor":49,"key":"REST"}],"neow_cost":"NONE","seed_source_timestamp":224850346865700,"circlet_count":0,"master_deck":["AscendersBane","Defend_G","Defend_G","Defend_G","Defend_G","Defend_G","Strike_G","Strike_G","Survivor","Neutralize","Bane","Skewer+1","Footwork+1","Sucker Punch","Crippling Poison","Noxious Fumes+1","Caltrops","Wraith Form v2","Backflip","Footwork","Bane+1","Dodge and Roll","Blur","Apotheosis","Backflip","Catalyst","Acrobatics","Cloak And Dagger","Catalyst","Noxious Fumes","Leg Sweep"],"special_seed":0,"relics":["Empty Cage","Bag of Marbles","Mummified Hand","Ornamental Fan","Fusion Hammer","Pen Nib","Shuriken","Gremlin Horn","Pocketwatch","Snecko Eye","Letter Opener"],"potions_floor_usage":[20,22,24,46,51,51],"damage_taken":[{"damage":16.0,"enemies":"Cultist","floor":1.0,"turns":6.0},{"damage":4.0,"enemies":"Small Slimes","floor":2.0,"turns":5.0},{"damage":7.0,"enemies":"Jaw Worm","floor":3.0,"turns":3.0},{"damage":31.0,"enemies":"Gremlin Nob","floor":7.0,"turns":5.0},{"damage":10,"enemies":"3 Sentries","floor":10,"turns":10},{"damage":28,"enemies":"Hexaghost","floor":16,"turns":10},{"damage":4,"enemies":"Spheric Guardian","floor":18,"turns":6},{"damage":1,"enemies":"2 Thieves","floor":20,"turns":5},{"damage":3,"enemies":"Snecko","floor":21,"turns":6},{"damage":17,"enemies":"Cultist and Chosen","floor":22,"turns":7},{"damage":17,"enemies":"Book of Stabbing","floor":24,"turns":5},{"damage":18,"enemies":"Gremlin Leader","floor":29,"turns":7},{"damage":2,"enemies":"Snake Plant","floor":30,"turns":5},{"damage":2,"enemies":"Chosen and Byrds","floor":31,"turns":3},{"damage":0,"enemies":"Champ","floor":33,"turns":13},{"damage":13,"enemies":"3 Darklings","floor":35,"turns":5},{"damage":3,"enemies":"3 Shapes","floor":37,"turns":6},{"damage":17,"enemies":"3 Darklings","floor":38,"turns":4},{"damage":21,"enemies":"Spire Growth","floor":41,"turns":5},{"damage":6,"enemies":"4 Shapes","floor":45,"turns":5},{"damage":36,"enemies":"Writhing Mass","floor":46,"turns":8},{"damage":21,"enemies":"Time Eater","floor":50,"turns":15},{"damage":24,"enemies":"Donu and Deca","floor":51,"turns":11}],"seed_played":"8236698725289567828","potions_obtained":[{"floor":7.0,"key":"Swift Potion"},{"floor":18,"key":"Explosive Potion"},{"floor":20,"key":"Energy Potion"},{"floor":31,"key":"Weak Potion"},{"floor":33,"key":"PowerPotion"},{"floor":46,"key":"Fire Potion"}],"is_trial":false,"path_per_floor":["M","M","M","?","$","R","E","R","T","E","?","$","R","$","R","B",null,"M","?","M","M","M","R","E","$","T","R","?","E","M","M","R","B",null,"M","?","M","M","$","R","M","$","T","R","M","M","R","?","R","B","B",null],"character_chosen":"THE_SILENT","items_purchased":["Sucker Punch","AttackPotion","Caltrops","Apotheosis","Cloak And Dagger","Noxious Fumes"],"campfire_rested":9,"item_purchase_floors":[5,5,12,25,39,42],"current_hp_per_floor":[43,39,32,32,32,51,20,39,39,29,34,34,34,34,34,6,55,51,51,50,47,30,51,34,34,34,55,55,37,35,33,54,54,67,54,54,51,34,34,54,33,33,33,53,47,11,31,55,55,34,10],"gold":98,"neow_bonus":"BOSS_RELIC","is_prod":false,"is_daily":false,"chose_seed":false,"campfire_upgraded":2,"win_rate":0,"timestamp":1545196292,"path_taken":["M","?","M","?","$","R","E","R","T","E","?","$","R","?","R","BOSS","M","?","M","M","M","R","E","$","T","R","?","E","?","M","R","BOSS","M","?","M","M","$","R","M","?","T","R","?","M","R","?","R","BOSS","BOSS"],"build_version":"2018-11-15","purchased_purges":1,"victory":true,"max_hp_per_floor":[66,66,66,66,66,66,66,66,66,66,71,71,71,71,71,71,71,71,71,71,71,71,71,71,71,71,71,71,71,71,71,71,71,71,71,67,67,67,67,67,67,67,67,67,67,67,67,55,55,55,55],"card_choices":[{"not_picked":["Cloak And Dagger","Slice"],"picked":"Bane","floor":1.0},{"not_picked":["Bane","Underhanded Strike"],"picked":"Skewer","floor":2.0},{"not_picked":["Bouncing Flask","Quick Slash"],"picked":"Footwork","floor":3.0},{"not_picked":["Predator","Acrobatics"],"picked":"Crippling Poison","floor":7.0},{"not_picked":["Deadly Poison","Glass Knife"],"picked":"Noxious Fumes","floor":10},{"not_picked":["Storm of Steel","A Thousand Cuts"],"picked":"Wraith Form v2","floor":16},{"not_picked":["Quick Slash+1","Flying Knee"],"picked":"Backflip","floor":18},{"not_picked":["Infinite Blades","Distraction+1"],"picked":"Bane+1","floor":20},{"not_picked":["Blade Dance","Sucker Punch"],"picked":"Dodge and Roll","floor":21},{"not_picked":["Quick Slash","Sucker Punch"],"picked":"Dodge and Roll","floor":22},{"not_picked":["Die Die Die","Acrobatics"],"picked":"Blur","floor":24},{"not_picked":["Sucker Punch","Quick Slash","Dagger Spray"],"picked":"SKIP","floor":29},{"not_picked":["Sucker Punch","Quick Slash","Dagger Spray"],"picked":"SKIP","floor":29},{"not_picked":["Quick Slash","Deflect"],"picked":"Backflip","floor":30},{"not_picked":["Riddle With Holes","Tactician+1"],"picked":"Catalyst","floor":31},{"not_picked":["Finisher+1","Quick Slash"],"picked":"Acrobatics","floor":35},{"not_picked":["Dagger Throw","Masterful Stab+1","Flechettes"],"picked":"SKIP","floor":37},{"not_picked":["Dagger Throw","Masterful Stab+1","Flechettes"],"picked":"SKIP","floor":37},{"not_picked":["Deadly Poison","Outmaneuver","Underhanded Strike"],"picked":"SKIP","floor":38},{"not_picked":["Backflip","Cloak And Dagger"],"picked":"Catalyst","floor":41},{"not_picked":["Dagger Throw","Phantasmal Killer","Endless Agony"],"picked":"SKIP","floor":45},{"not_picked":["Deadly Poison","Quick Slash"],"picked":"Leg Sweep","floor":46}],"player_experience":1854496,"relics_obtained":[{"floor":7.0,"key":"Bag of Marbles"},{"floor":9.0,"key":"Mummified Hand"},{"floor":10,"key":"Ornamental Fan"},{"floor":24,"key":"Pen Nib"},{"floor":26,"key":"Shuriken"},{"floor":29,"key":"Pocketwatch"},{"floor":43,"key":"Letter Opener"}],"event_choices":[{"damage_healed":0.0,"max_hp_gain":0.0,"max_hp_loss":0.0,"gold_gain":0.0,"event_name":"Living Wall","player_choice":"Grow","floor":4.0,"gold_loss":0.0,"damage_taken":0.0,"cards_upgraded":["Skewer"]},{"damage_healed":0,"gold_gain":0,"player_choice":"Donut","damage_taken":0,"max_hp_gain":5,"max_hp_loss":0,"event_name":"Big Fish","floor":11,"gold_loss":0},{"damage_healed":0,"gold_gain":0,"player_choice":"Read","damage_taken":0,"max_hp_gain":0,"max_hp_loss":0,"event_name":"The Library","floor":19,"gold_loss":0,"cards_obtained":["Footwork"]},{"cards_removed":["Dodge and Roll"],"damage_healed":0,"gold_gain":0,"player_choice":"Gave Card","damage_taken":0,"relics_obtained":["Gremlin Horn"],"max_hp_gain":0,"max_hp_loss":0,"event_name":"WeMeetAgain","floor":28,"gold_loss":0},{"damage_healed":0,"gold_gain":0,"player_choice":"Max HP","damage_taken":0,"max_hp_gain":0,"max_hp_loss":4,"event_name":"Winding Halls","floor":36,"gold_loss":0},{"damage_healed":55,"gold_gain":0,"player_choice":"Heal","damage_taken":0,"max_hp_gain":0,"max_hp_loss":12,"event_name":"The Moai Head","floor":48,"gold_loss":0}],"is_beta":true,"boss_relics":[{"not_picked":["Tiny House","Eternal Feather"],"picked":"Fusion Hammer"},{"not_picked":["White Beast Statue","Sozu"],"picked":"Snecko Eye"}],"items_purged_floors":[39],"is_endless":false,"potions_floor_spawned":[7,18,20,21,31,33,35,41,46],"ascension_level":20}