{"gold_per_floor":[113,113,126,51,68,95,95,114,114,132,132,32,51,67,67,67],"floor_reached":16,"playtime":2252,"items_purged":["Strike_R","Defend_R"],"score":187,"play_id":"16af0cdb-13eb-4065-8113-feeb8bf6cc68","local_time":"20190107215037","is_ascension_mode":true,"campfire_choices":[{"data":"Searing Blow","floor":7,"key":"SMITH"},{"data":"Searing Blow+1","floor":11,"key":"SMITH"},{"data":"Searing Blow+2","floor":15,"key":"SMITH"}],"neow_cost":"PERCENT_DAMAGE","seed_source_timestamp":0,"circlet_count":0,"master_deck":["Strike_R","Strike_R","Strike_R","Defend_R","Defend_R","Defend_R","Bash","Seeing Red","True Grit","Pommel Strike","Searing Blow+3","Whirlwind","Armaments"],"special_seed":0,"relics":["Burning Blood","Turnip","Question Card"],"potions_floor_usage":[6,13,14,16,16],"damage_taken":[{"damage":1,"enemies":"Cultist","floor":1,"turns":3},{"damage":1,"enemies":"2 Louse","floor":3,"turns":2},{"damage":0,"enemies":"Small Slimes","floor":5,"turns":4},{"damage":34,"enemies":"3 Sentries","floor":6,"turns":8},{"damage":13,"enemies":"Looter","floor":8,"turns":3},{"damage":7,"enemies":"3 Louse","floor":10,"turns":3},{"damage":3,"enemies":"Large Slime","floor":13,"turns":6},{"damage":7,"enemies":"Blue Slaver","floor":14,"turns":3},{"damage":65,"enemies":"Hexaghost","floor":16,"turns":9}],"seed_played":"2606805398954634683","potions_obtained":[{"floor":1,"key":"SpeedPotion"},{"floor":5,"key":"PowerPotion"},{"floor":8,"key":"LiquidBronze"},{"floor":13,"key":"BloodPotion"},{"floor":14,"key":"FearPotion"}],"is_trial":false,"path_per_floor":["M","?","M","$","M","E","R","M","T","M","R","$","M","M","R","B"],"character_chosen":"IRONCLAD","items_purchased":[],"campfire_rested":0,"item_purchase_floors":[],"current_hp_per_floor":[77,77,82,82,88,60,60,53,53,52,52,52,55,63,63,0],"gold":67,"neow_bonus":"TWENTY_PERCENT_HP_BONUS","is_prod":false,"is_daily":false,"chose_seed":false,"campfire_upgraded":3,"win_rate":0,"timestamp":1546915837,"path_taken":["M","?","M","?","M","E","R","M","T","M","R","$","M","M","R","BOSS"],"build_version":"2019-01-03v4","purchased_purges":2,"victory":false,"max_hp_per_floor":[96,96,96,96,96,96,96,96,96,96,96,96,96,96,96,96],"card_choices":[{"not_picked":["Twin Strike","Iron Wave"],"picked":"Seeing Red","floor":1},{"not_picked":["Flex","Infernal Blade"],"picked":"Pommel Strike","floor":3},{"not_picked":["Rupture","Feel No Pain"],"picked":"Searing Blow","floor":5},{"not_picked":["Perfected Strike","Warcry"],"picked":"Whirlwind","floor":6},{"not_picked":["Clothesline","Wild Strike","Perfected Strike"],"picked":"SKIP","floor":8},{"not_picked":["Blood for Blood","Entrench","Juggernaut"],"picked":"Armaments","floor":10},{"not_picked":["Perfected Strike","Carnage","Fire Breathing","Headbutt"],"picked":"SKIP","floor":13},{"not_picked":["Uppercut","Clothesline","Thunderclap","Cleave"],"picked":"SKIP","floor":14}],"player_experience":773989,"relics_obtained":[{"floor":6,"key":"Turnip"},{"floor":9,"key":"Question Card"}],"event_choices":[{"damage_healed":0,"gold_gain":0,"cards_transformed":["Strike_R"],"player_choice":"Transformed","damage_taken":0,"max_hp_gain":0,"max_hp_loss":0,"event_name":"Transmorgrifier","floor":2,"gold_loss":0,"cards_obtained":["True Grit"]}],"is_beta":false,"boss_relics":[],"items_purged_floors":[4,12],"is_endless":false,"potions_floor_spawned":[1,5,8,13,14],"killed_by":"Hexaghost","ascension_level":1}