{"gold_per_floor":[110,41,58,69,88,88,101,101,101,118,58,58,58,72,72,170,170,187,20,20,0,0,12,12,23,49,49,67,87,87,87,87,185,185,200,214,214,214,114,114,132,132,157,177,197,211,221,0,0,0],"floor_reached":51,"playtime":4739,"items_purged":["Strike_B","Scrape","Sweeping Beam"],"score":593,"play_id":"ae251a90-ae2f-491d-96fe-f4e0ae48d2cb","local_time":"20180824203559","is_ascension_mode":false,"campfire_choices":[{"data":"Loop","floor":6,"key":"SMITH"},{"data":"Defragment","floor":8,"key":"SMITH"},{"data":"Zap","floor":15,"key":"SMITH"},{"data":"Defragment","floor":24,"key":"SMITH"},{"data":"Capacitor","floor":27,"key":"SMITH"},{"floor":30,"key":"REST"},{"data":"Self Repair","floor":32,"key":"SMITH"},{"data":"Echo Form","floor":40,"key":"SMITH"},{"data":"Echo Form","floor":42,"key":"SMITH"},{"floor":49,"key":"REST"}],"neow_cost":"TEN_PERCENT_HP_LOSS","seed_source_timestamp":81452019492385,"circlet_count":0,"master_deck":["Zap+1","Dualcast+1","Glacier","Loop+1","Coolheaded","Turbo","Sunder","Defragment+1","Self Repair+1","Hello World","Echo Form+1","Conserve Battery","Reinforced Body","Stack","Compile Driver","Coolheaded","Capacitor+1","Defragment+1","Beam Cell","Genetic Algorithm","Chill","BootSequence","Beam Cell","Echo Form+1","Gash+1","Barrage+1","Defragment+1"],"relics":["Cracked Core","Gambling Chip","The Courier","Pandora\u0027s Box","Boot","Busted Crown","Omamori","Red Mask"],"potions_floor_usage":[14,21,29,33,50,50,50],"damage_taken":[{"damage":0,"enemies":"Small Slimes","floor":1,"turns":2},{"damage":1,"enemies":"Cultist","floor":3,"turns":3},{"damage":0,"enemies":"2 Louse","floor":4,"turns":2},{"damage":6,"enemies":"2 Fungi Beasts","floor":5,"turns":3},{"damage":2,"enemies":"Red Slaver","floor":7,"turns":4},{"damage":0,"enemies":"Looter","floor":10,"turns":2},{"damage":3,"enemies":"Blue Slaver","floor":14,"turns":3},{"damage":34,"enemies":"Hexaghost","floor":16,"turns":13},{"damage":3,"enemies":"Spheric Guardian","floor":18,"turns":3},{"damage":8,"enemies":"2 Thieves","floor":21,"turns":5},{"damage":33,"enemies":"Snake Plant","floor":23,"turns":6},{"damage":23,"enemies":"Sentry and Sphere","floor":25,"turns":10},{"damage":15,"enemies":"Centurion and Healer","floor":28,"turns":11},{"damage":9,"enemies":"3 Cultists","floor":29,"turns":6},{"damage":21,"enemies":"Collector","floor":33,"turns":12},{"damage":30,"enemies":"3 Shapes","floor":35,"turns":5},{"damage":14,"enemies":"Flame Bruiser 1 Orb","floor":36,"turns":8},{"damage":10,"enemies":"3 Darklings","floor":41,"turns":7},{"damage":6,"enemies":"4 Shapes","floor":44,"turns":9},{"damage":58,"enemies":"Sphere and 2 Shapes","floor":45,"turns":8},{"damage":4,"enemies":"Spire Growth","floor":46,"turns":6},{"damage":21,"enemies":"4 Shapes","floor":47,"turns":10},{"damage":18,"enemies":"Awakened One","floor":50,"turns":11}],"seed_played":"-8209256828774465407","potions_obtained":[{"floor":1,"key":"Explosive Potion"},{"floor":7,"key":"Ancient Potion"},{"floor":10,"key":"Strength Potion"},{"floor":12,"key":"Fruit Juice"},{"floor":12,"key":"Block Potion"},{"floor":18,"key":"SteroidPotion"},{"floor":28,"key":"SkillPotion"},{"floor":29,"key":"FearPotion"},{"floor":35,"key":"PowerPotion"},{"floor":36,"key":"SkillPotion"},{"floor":44,"key":"FocusPotion"}],"is_trial":false,"path_per_floor":["M","$","M","M","M","R","M","R","T","M","$","?","?","M","R","B",null,"M","$","?","M","?","M","R","M","T","R","M","M","R","?","R","B",null,"M","M","?","?","$","R","M","R","T","M","M","M","M","?","R","B"],"character_chosen":"DEFECT","items_purchased":["Loop","Capacitor","Defragment"],"campfire_rested":2,"item_purchase_floors":[2,19,19],"current_hp_per_floor":[68,68,67,67,61,61,59,59,59,59,59,59,59,68,68,41,73,73,73,60,66,66,47,47,38,38,38,37,35,58,58,58,47,78,58,64,64,64,64,64,74,74,74,78,40,46,45,45,68,50],"gold":0,"neow_bonus":"ONE_RARE_RELIC","is_prod":false,"is_daily":false,"chose_seed":false,"campfire_upgraded":8,"win_rate":0,"timestamp":1535110559,"path_taken":["M","$","M","M","M","R","M","R","T","M","$","?","?","M","R","BOSS","M","$","?","?","?","M","R","M","T","R","M","?","R","?","R","BOSS","M","?","?","?","?","R","?","R","T","M","M","M","M","?","R","BOSS"],"build_version":"2018-08-23v2","purchased_purges":3,"victory":true,"max_hp_per_floor":[68,68,68,68,68,68,68,68,68,68,68,68,68,73,73,73,73,73,73,78,78,78,78,78,78,78,78,78,78,78,78,78,78,78,78,78,78,78,78,78,78,78,78,78,78,78,78,78,78,78],"card_choices":[{"not_picked":["Steam Power","Compile Driver"],"picked":"Glacier","floor":1},{"not_picked":["Hologram","Stack"],"picked":"Coolheaded","floor":3},{"not_picked":["Scrape","Rebound"],"picked":"Turbo","floor":4},{"not_picked":["Sweeping Beam","Reinforced Body"],"picked":"Sunder","floor":5},{"not_picked":["Gash","Stack"],"picked":"Defragment","floor":7},{"not_picked":["Genetic Algorithm","BootSequence"],"picked":"Self Repair","floor":10},{"not_picked":["Reinforced Body","Gash"],"picked":"Hello World","floor":14},{"not_picked":["Biased Cognition","Electrodynamics"],"picked":"Echo Form","floor":16},{"not_picked":["Sweeping Beam","Skim+1"],"picked":"Coolheaded","floor":18},{"not_picked":["Heatsinks+1","Chaos"],"picked":"Beam Cell","floor":21},{"not_picked":["Streamline+1","Chaos"],"picked":"Genetic Algorithm","floor":23},{"not_picked":["Stack","Leap"],"picked":"Chill","floor":25},{"not_picked":["White Noise","Steam+1"],"picked":"BootSequence","floor":28},{"not_picked":["Compile Driver","Static Discharge"],"picked":"Beam Cell","floor":29},{"not_picked":["Fission","Buffer"],"picked":"Echo Form","floor":33},{"not_picked":[],"picked":"Gash+1","floor":35},{"not_picked":[],"picked":"Barrage+1","floor":36},{"not_picked":["Scrape"],"picked":"SKIP","floor":41},{"not_picked":["Leap"],"picked":"SKIP","floor":44},{"not_picked":["Auto Shields+1"],"picked":"SKIP","floor":45},{"not_picked":["Streamline+1"],"picked":"SKIP","floor":46},{"not_picked":["Skim+1"],"picked":"SKIP","floor":47}],"player_experience":366167,"relics_obtained":[{"floor":9,"key":"The Courier"},{"floor":26,"key":"Boot"},{"floor":43,"key":"Omamori"}],"event_choices":[{"event_name":"The Lab","player_choice":"Got Potions","floor":12,"damage_taken":0},{"event_name":"Upgrade Shrine","player_choice":"Upgraded","floor":13,"damage_taken":0},{"event_name":"Forgotten Altar","player_choice":"Shed Blood","floor":20,"damage_taken":0},{"event_name":"Beggar","player_choice":"Ignored","floor":22,"damage_taken":0},{"event_name":"Vampires","player_choice":"Ignored","floor":31,"damage_taken":0},{"event_name":"Falling","player_choice":"Removed Skill","floor":37,"damage_taken":0},{"event_name":"Duplicator","player_choice":"One dupe","floor":38,"damage_taken":0},{"event_name":"Tomb of Lord Red Mask","player_choice":"Paid","floor":48,"damage_taken":0}],"is_beta":true,"boss_relics":[{"not_picked":["Tiny House","Snecko Eye"],"picked":"Pandora\u0027s Box"},{"not_picked":["Orrery","Astrolabe"],"picked":"Busted Crown"}],"items_purged_floors":[11,19,39],"is_endless":false,"potions_floor_spawned":[1,7,10,14,18,28,29,35,36,44,46],"ascension_level":0}