{"gold_per_floor":[114,114,189,206,219,219,230,255,255,255,30,55,71,88,88,88],"floor_reached":16,"playtime":584,"items_purged":[],"score":112,"play_id":"aa6907d0-13de-4cbd-959a-16ebd66629bc","local_time":"20190202194614","is_ascension_mode":false,"campfire_choices":[{"data":"Searing Blow","floor":6,"key":"SMITH"},{"data":"Searing Blow+1","floor":10,"key":"SMITH"},{"floor":15,"key":"REST"}],"neow_cost":"NONE","seed_source_timestamp":867927935846900,"circlet_count":0,"master_deck":["Strike_R+1","Strike_R","Strike_R","Strike_R","Strike_R","Defend_R","Defend_R","Defend_R","Defend_R+1","Bash","Sentinel","Searing Blow+2","Shrug It Off","Inflame","Sentinel"],"relics":["Burning Blood","Bronze Scales","Blue Candle","Calipers","Omamori","Bird Faced Urn"],"potions_floor_usage":[8,12,16,16],"damage_taken":[{"damage":9,"enemies":"Jaw Worm","floor":1,"turns":4},{"damage":2,"enemies":"Small Slimes","floor":4,"turns":5},{"damage":1,"enemies":"Cultist","floor":5,"turns":4},{"damage":2,"enemies":"Blue Slaver","floor":7,"turns":4},{"damage":28,"enemies":"Gremlin Nob","floor":8,"turns":4},{"damage":16,"enemies":"3 Sentries","floor":12,"turns":8},{"damage":13,"enemies":"Exordium Wildlife","floor":13,"turns":7},{"damage":5,"enemies":"Red Slaver","floor":14,"turns":4},{"damage":55,"enemies":"Hexaghost","floor":16,"turns":11}],"seed_played":"-3365290427656718436","potions_obtained":[{"floor":4,"key":"Explosive Potion"},{"floor":8,"key":"SteroidPotion"},{"floor":14,"key":"SteroidPotion"}],"is_trial":false,"path_per_floor":["M","?","?","M","M","R","M","E","T","R","$","E","M","M","R","B"],"character_chosen":"IRONCLAD","items_purchased":["Omamori","EssenceOfSteel"],"campfire_rested":1,"item_purchase_floors":[11,11],"current_hp_per_floor":[77,61,50,54,59,59,63,41,41,41,41,31,26,29,53,0],"gold":88,"neow_bonus":"RANDOM_COMMON_RELIC","is_prod":false,"is_daily":false,"chose_seed":false,"campfire_upgraded":2,"win_rate":0,"timestamp":1549165574,"path_taken":["M","?","?","M","M","R","M","E","T","R","$","E","M","M","R","BOSS"],"build_version":"2019-01-23","purchased_purges":0,"victory":false,"max_hp_per_floor":[80,80,80,80,80,80,80,80,80,80,80,80,80,80,80,80],"card_choices":[{"not_picked":["Twin Strike","Hemokinesis"],"picked":"Sentinel","floor":1},{"not_picked":["Sword Boomerang","Heavy Blade"],"picked":"Searing Blow","floor":4},{"not_picked":["Dark Embrace","Clash"],"picked":"Shrug It Off","floor":5},{"not_picked":["Wild Strike","Dropkick","Cleave"],"picked":"SKIP","floor":7},{"not_picked":["Rampage","Havoc"],"picked":"Inflame","floor":8},{"not_picked":["Warcry","Pommel Strike"],"picked":"Sentinel","floor":12},{"not_picked":["Headbutt","Twin Strike","Havoc"],"picked":"SKIP","floor":13},{"not_picked":["Cleave","Rampage","Infernal Blade"],"picked":"SKIP","floor":14}],"player_experience":97847,"relics_obtained":[{"floor":8,"key":"Blue Candle"},{"floor":9,"key":"Calipers"},{"floor":12,"key":"Bird Faced Urn"}],"event_choices":[{"damage_healed":0,"gold_gain":0,"player_choice":"Entered Light","damage_taken":16,"max_hp_gain":0,"max_hp_loss":0,"event_name":"Shining Light","floor":2,"gold_loss":0,"cards_upgraded":["Defend_R","Strike_R"]},{"damage_healed":0,"gold_gain":75,"player_choice":"Gather Gold","damage_taken":11,"max_hp_gain":0,"max_hp_loss":0,"event_name":"World of Goop","floor":3,"gold_loss":0}],"is_beta":false,"boss_relics":[],"items_purged_floors":[],"is_endless":false,"potions_floor_spawned":[4,8,14],"killed_by":"Hexaghost","ascension_level":0}