{"gold_per_floor":[112,387,405,423,32,32,64,64,64,93,103,117,132,196,196,273,273,283,283,303,303,316,348,366,693,693,713,713,728,758,758,758,837,837,851,326,345,130,141,169,185,210,259,291,301,313,0,0,0,0,0],"floor_reached":52,"playtime":4637,"items_purged":["Regret","Masterful Stab"],"score":2317,"play_id":"60c7a389-637d-4b25-b569-2608c797ead8","local_time":"20190204205118","is_ascension_mode":true,"campfire_choices":[{"data":"Wraith Form v2","floor":6.0,"key":"SMITH"},{"data":"Adrenaline","floor":8.0,"key":"SMITH"},{"data":"Footwork","floor":15.0,"key":"SMITH"},{"data":"Infinite Blades","floor":28.0,"key":"SMITH"},{"data":"Bullet Time","floor":32.0,"key":"SMITH"},{"data":"Noxious Fumes","floor":49.0,"key":"SMITH"}],"neow_cost":"NONE","seed_source_timestamp":270902221449400,"circlet_count":0,"master_deck":["AscendersBane","Survivor","Neutralize","Dash","Calculated Gamble","Night Terror","Crippling Poison","Flechettes","Wraith Form v2+1","Noxious Fumes+1","Adrenaline+1","Backflip","Blur","PiercingWail","Bullet Time+1","Footwork+1","Infinite Blades+1","Escape Plan","Die Die Die","Prepared+1","Ghostly","Ghostly","Ghostly","Backflip","Backflip","Corpse Explosion","Malaise","Crippling Poison+1","Wraith Form v2+1","Cloak And Dagger"],"special_seed":0,"relics":["Pandora\u0027s Box","Dead Branch","Dodecahedron","Bag of Preparation","Ornamental Fan","Tiny Chest","WristBlade","Blue Candle","Old Coin","Singing Bowl","Ginger","Coffee Dripper","Snake Skull","Letter Opener","DollysMirror","Bag of Marbles","Vajra","Oddly Smooth Stone","Paper Crane","Red Mask"],"potions_floor_usage":[51],"damage_taken":[{"damage":0.0,"enemies":"Small Slimes","floor":1.0,"turns":2.0},{"damage":0.0,"enemies":"Cultist","floor":3.0,"turns":3.0},{"damage":4.0,"enemies":"2 Louse","floor":4.0,"turns":2.0},{"damage":7.0,"enemies":"Lagavulin","floor":7.0,"turns":6.0},{"damage":0.0,"enemies":"Gremlin Nob","floor":10.0,"turns":3.0},{"damage":5.0,"enemies":"Large Slime","floor":11.0,"turns":4.0},{"damage":0.0,"enemies":"Gremlin Gang","floor":12.0,"turns":2.0},{"damage":0.0,"enemies":"Exordium Thugs","floor":13.0,"turns":3.0},{"damage":2.0,"enemies":"Lagavulin","floor":14.0,"turns":5.0},{"damage":3.0,"enemies":"Hexaghost","floor":16.0,"turns":8.0},{"damage":0.0,"enemies":"Chosen","floor":18.0,"turns":4.0},{"damage":2.0,"enemies":"Shell Parasite","floor":20.0,"turns":2.0},{"damage":0.0,"enemies":"3 Cultists","floor":22.0,"turns":4.0},{"damage":2.0,"enemies":"Slavers","floor":23.0,"turns":5.0},{"damage":0.0,"enemies":"Shelled Parasite and Fungi","floor":24.0,"turns":3.0},{"damage":3.0,"enemies":"Book of Stabbing","floor":25.0,"turns":6.0},{"damage":0.0,"enemies":"Snake Plant","floor":27.0,"turns":5.0},{"damage":0.0,"enemies":"Cultist and Chosen","floor":29.0,"turns":4.0},{"damage":1.0,"enemies":"Gremlin Leader","floor":30.0,"turns":9.0},{"damage":0.0,"enemies":"Automaton","floor":33.0,"turns":7.0},{"damage":0.0,"enemies":"3 Darklings","floor":35.0,"turns":2.0},{"damage":0.0,"enemies":"Orb Walker","floor":37.0,"turns":4.0},{"damage":0.0,"enemies":"3 Darklings","floor":39.0,"turns":2.0},{"damage":0.0,"enemies":"Reptomancer","floor":40.0,"turns":5.0},{"damage":0.0,"enemies":"Maw","floor":41.0,"turns":5.0},{"damage":0.0,"enemies":"Nemesis","floor":44.0,"turns":9.0},{"damage":0.0,"enemies":"Sphere and 2 Shapes","floor":45.0,"turns":3.0},{"damage":0.0,"enemies":"Transient","floor":46.0,"turns":6.0},{"damage":0.0,"enemies":"Awakened One","floor":50.0,"turns":16.0},{"damage":10,"enemies":"Time Eater","floor":51,"turns":18}],"seed_played":"-2171053306421120502","potions_obtained":[{"floor":1.0,"key":"Strength Potion"},{"floor":10.0,"key":"GhostInAJar"},{"floor":44.0,"key":"Dexterity Potion"}],"is_trial":false,"path_per_floor":["M","?","M","M","$","R","E","R","T","E","M","M","M","E","R","B",null,"M","?","M","?","M","E","M","E","T","M","R","M","E","?","R","B",null,"M","$","M","$","M","E","M","T","T","E","M","M","?","?","R","B","B",null],"character_chosen":"THE_SILENT","items_purchased":["Dead Branch","Snake Skull","Letter Opener","DollysMirror"],"campfire_rested":0,"item_purchase_floors":[5,36,36,38],"current_hp_per_floor":[59,59,59,55,55,55,48,48,48,48,43,43,43,41,41,38,59,59,41,39,35,35,33,33,30,30,32,32,32,31,37,37,37,37,39,39,39,39,41,43,43,43,43,45,47,49,49,59,59,59,49],"gold":0,"neow_bonus":"BOSS_RELIC","is_prod":false,"is_daily":false,"chose_seed":false,"campfire_upgraded":6,"win_rate":0,"timestamp":1549331478,"path_taken":["M","?","M","M","$","R","E","R","T","E","M","?","?","E","R","BOSS","M","?","M","?","M","E","M","E","T","M","R","M","E","?","R","BOSS","M","$","M","$","?","E","M","?","T","E","M","M","?","?","R","BOSS","BOSS"],"build_version":"2019-01-23","purchased_purges":2,"victory":true,"max_hp_per_floor":[66,66,66,66,66,66,66,66,66,66,66,66,66,66,66,66,66,66,71,71,35,35,35,35,35,35,37,37,37,37,37,37,37,37,39,39,39,39,41,43,43,43,43,45,47,49,49,59,59,59,59],"card_choices":[{"not_picked":["Setup","Blur"],"picked":"Backflip","floor":1.0},{"not_picked":["Flying Knee","Prepared"],"picked":"Blur","floor":3.0},{"not_picked":["Outmaneuver","Deflect"],"picked":"PiercingWail","floor":4.0},{"not_picked":["Accuracy","Finisher"],"picked":"Bullet Time","floor":7.0},{"not_picked":["Slice","Finisher"],"picked":"Footwork","floor":10.0},{"not_picked":["Dagger Spray","Concentrate","Deadly Poison"],"picked":"SKIP","floor":11.0},{"not_picked":["Poisoned Stab","Dagger Throw","Outmaneuver"],"picked":"SKIP","floor":12.0},{"not_picked":["Slice","Deadly Poison"],"picked":"Infinite Blades","floor":13.0},{"not_picked":["Expertise","Deflect"],"picked":"Escape Plan","floor":14.0},{"not_picked":["Glass Knife","Grand Finale"],"picked":"Die Die Die","floor":16.0},{"not_picked":["Bane","Caltrops","Acrobatics"],"picked":"SKIP","floor":18.0},{"not_picked":["Underhanded Strike","Slice"],"picked":"Prepared+1","floor":20.0},{"not_picked":["Venomology","Bane"],"picked":"Backflip","floor":22.0},{"not_picked":["Flechettes","Calculated Gamble","Riddle With Holes"],"picked":"SKIP","floor":23.0},{"not_picked":["Acrobatics","Deflect","Deadly Poison+1"],"picked":"SKIP","floor":24.0},{"not_picked":["Bouncing Flask","Expertise","Eviscerate"],"picked":"SKIP","floor":25.0},{"not_picked":["Escape Plan","Deflect","Quick Slash"],"picked":"Singing Bowl","floor":27.0},{"not_picked":["Outmaneuver","Reflex"],"picked":"Backflip","floor":29.0},{"not_picked":["Flechettes","Deflect"],"picked":"Corpse Explosion","floor":30.0},{"not_picked":["Storm of Steel","Venomology"],"picked":"Malaise","floor":33.0},{"not_picked":["Calculated Gamble","Flying Knee","Slice"],"picked":"Singing Bowl","floor":35.0},{"not_picked":["Sucker Punch","Deflect+1"],"picked":"Crippling Poison+1","floor":37.0},{"not_picked":["Dodge and Roll","Calculated Gamble","Setup+1"],"picked":"Singing Bowl","floor":39.0},{"not_picked":["Dagger Throw","After Image","Deadly Poison+1"],"picked":"Singing Bowl","floor":40.0},{"not_picked":["Poisoned Stab","Sucker Punch"],"picked":"Cloak And Dagger","floor":41.0},{"not_picked":["Blade Dance","Underhanded Strike","Flying Knee"],"picked":"Singing Bowl","floor":44.0},{"not_picked":["Dagger Spray","Acrobatics","Bouncing Flask"],"picked":"Singing Bowl","floor":45.0},{"not_picked":["Infinite Blades","Dagger Throw","Blade Dance"],"picked":"Singing Bowl","floor":46.0}],"player_experience":2020337,"relics_obtained":[{"floor":7.0,"key":"Dodecahedron"},{"floor":9.0,"key":"Bag of Preparation"},{"floor":10.0,"key":"Ornamental Fan"},{"floor":14.0,"key":"Tiny Chest"},{"floor":23.0,"key":"Blue Candle"},{"floor":25.0,"key":"Old Coin"},{"floor":26.0,"key":"Singing Bowl"},{"floor":30.0,"key":"Ginger"},{"floor":40.0,"key":"Bag of Marbles"},{"floor":42.0,"key":"Vajra"},{"floor":43.0,"key":"Oddly Smooth Stone"},{"floor":44.0,"key":"Paper Crane"}],"event_choices":[{"damage_healed":0.0,"max_hp_gain":0.0,"max_hp_loss":0.0,"gold_gain":275.0,"event_name":"Golden Shrine","player_choice":"Desecrate","floor":2.0,"gold_loss":0.0,"damage_taken":0.0,"cards_obtained":["Regret"]},{"damage_healed":0.0,"max_hp_gain":5.0,"max_hp_loss":0.0,"gold_gain":0.0,"event_name":"Forgotten Altar","player_choice":"Shed Blood","floor":19.0,"gold_loss":0.0,"damage_taken":23.0},{"damage_healed":0.0,"max_hp_gain":0.0,"max_hp_loss":36.0,"gold_gain":0.0,"event_name":"Ghosts","player_choice":"Became a Ghost","floor":21.0,"gold_loss":0.0,"damage_taken":0.0,"cards_obtained":["Ghostly","Ghostly","Ghostly"]},{"damage_healed":6.0,"max_hp_gain":0.0,"max_hp_loss":0.0,"gold_gain":0.0,"event_name":"Wheel of Change","player_choice":"Full Heal","floor":31.0,"gold_loss":0.0,"damage_taken":0.0},{"damage_healed":0.0,"max_hp_gain":0.0,"max_hp_loss":0.0,"gold_gain":0.0,"event_name":"Tomb of Lord Red Mask","player_choice":"Paid","floor":47.0,"gold_loss":313.0,"damage_taken":0.0,"relics_obtained":["Red Mask"]},{"cards_removed":["Doppelganger"],"damage_healed":0.0,"max_hp_gain":10.0,"max_hp_loss":0.0,"gold_gain":0.0,"event_name":"Bonfire Elementals","player_choice":"Offered Rare","floor":48.0,"gold_loss":0.0,"damage_taken":0.0}],"is_beta":true,"boss_relics":[{"not_picked":["Eternal Feather","White Beast Statue"],"picked":"WristBlade"},{"not_picked":["Runic Pyramid","Velvet Choker"],"picked":"Coffee Dripper"}],"items_purged_floors":[5,36],"is_endless":false,"potions_floor_spawned":[1,10,13,16,18,22,23,24,35,37,41,44,45],"ascension_level":20}