{"gold_per_floor":[109,119,134,149,24,55,69,69,69,38,50,50,85,70,70,172,172,182,182,182,57,57,57,70,101,101,116,116,133,133,143,143,244,244,254,254,269,29,29,29,54,54],"floor_reached":42,"playtime":4234,"items_purged":[],"score":483,"play_id":"8462f20f-a752-4ac7-8230-18fcef0f6a67","local_time":"20190127153755","is_ascension_mode":false,"campfire_choices":[{"floor":8,"key":"REST"},{"floor":12,"key":"REST"},{"floor":15,"key":"REST"},{"floor":23,"key":"REST"},{"floor":28,"key":"REST"},{"data":"Finisher","floor":32,"key":"SMITH"},{"floor":40,"key":"REST"}],"neow_cost":"NONE","seed_source_timestamp":1606307679954914,"circlet_count":0,"master_deck":["Defend_G","Defend_G","Defend_G","Defend_G","Defend_G","Strike_G","Strike_G","Strike_G","Strike_G","Strike_G","Survivor","Neutralize","Poisoned Stab","Dagger Spray","Dagger Spray","Noxious Fumes","Flying Knee","Footwork","Outmaneuver","PiercingWail","Flying Knee","All Out Attack","Crippling Poison","Burst","Riddle With Holes","RitualDagger","Deadly Poison","Dash","PiercingWail","Quick Slash+1","Blade Dance","Dagger Spray","Finisher+1","Wraith Form v2","Finisher","Noxious Fumes+1","Madness","Madness","Terror+1"],"relics":["Ring of the Snake","Orichalcum","Ice Cream","Shuriken","Eternal Feather","WingedGreaves","Regal Pillow","Paper Crane","Velvet Choker","Matryoshka","Juzu Bracelet"],"potions_floor_usage":[16,27,27,33,33,33,41],"damage_taken":[{"damage":0,"enemies":"2 Louse","floor":1,"turns":5},{"damage":0,"enemies":"Jaw Worm","floor":2,"turns":4},{"damage":0,"enemies":"Small Slimes","floor":3,"turns":3},{"damage":6,"enemies":"Exordium Wildlife","floor":4,"turns":4},{"damage":43,"enemies":"Gremlin Nob","floor":6,"turns":6},{"damage":5,"enemies":"Large Slime","floor":7,"turns":6},{"damage":22,"enemies":"Gremlin Gang","floor":11,"turns":6},{"damage":13,"enemies":"Lagavulin","floor":13,"turns":7},{"damage":9,"enemies":"Exordium Thugs","floor":14,"turns":4},{"damage":10,"enemies":"Hexaghost","floor":16,"turns":9},{"damage":23,"enemies":"Spheric Guardian","floor":18,"turns":7},{"damage":0,"enemies":"3 Byrds","floor":24,"turns":3},{"damage":27,"enemies":"Slavers","floor":25,"turns":6},{"damage":16,"enemies":"Snake Plant","floor":27,"turns":5},{"damage":2,"enemies":"Snecko","floor":29,"turns":4},{"damage":17,"enemies":"Chosen and Byrds","floor":31,"turns":8},{"damage":75,"enemies":"Champ","floor":33,"turns":12},{"damage":14,"enemies":"Orb Walker","floor":35,"turns":4},{"damage":18,"enemies":"3 Darklings","floor":37,"turns":6},{"damage":58,"enemies":"Reptomancer","floor":41,"turns":6},{"damage":26,"enemies":"Spire Growth","floor":42,"turns":2}],"seed_played":"-2139411690755346569","potions_obtained":[{"floor":2,"key":"LiquidBronze"},{"floor":6,"key":"Block Potion"},{"floor":7,"key":"Dexterity Potion"},{"floor":11,"key":"SkillPotion"},{"floor":16,"key":"Weak Potion"},{"floor":22,"key":"Regen Potion"},{"floor":24,"key":"Block Potion"},{"floor":27,"key":"Explosive Potion"},{"floor":29,"key":"EssenceOfSteel"},{"floor":31,"key":"Weak Potion"},{"floor":37,"key":"Explosive Potion"}],"is_trial":false,"path_per_floor":["M","M","M","M","$","E","M","R","T","?","M","R","E","M","R","B",null,"M","?","?","$","?","R","M","E","T","M","R","M","T","M","R","B",null,"M","?","M","$","?","R","E","M"],"character_chosen":"THE_SILENT","items_purchased":["Flying Knee","Footwork","Deadly Poison","Dash","Matryoshka"],"campfire_rested":6,"item_purchase_floors":[5,5,21,21,38],"current_hp_per_floor":[77,77,77,71,71,28,23,46,46,46,24,47,34,25,48,38,77,54,54,48,48,48,77,77,50,50,43,77,75,75,58,76,1,77,63,63,45,45,35,77,19,0],"gold":54,"neow_bonus":"TEN_PERCENT_HP_BONUS","is_prod":false,"is_daily":false,"chose_seed":false,"campfire_upgraded":1,"win_rate":0.0,"timestamp":1548639475,"path_taken":["M","M","M","M","$","E","M","R","T","?","M","R","E","M","R","BOSS","M","?","?","?","?","R","?","E","T","M","R","M","?","M","R","BOSS","M","?","?","$","?","R","E","M"],"build_version":"2019-01-23","purchased_purges":0,"victory":false,"max_hp_per_floor":[77,77,77,77,77,77,77,77,77,77,77,77,77,77,77,77,77,77,77,77,77,77,77,77,77,77,77,77,77,77,77,77,77,77,77,77,77,77,77,77,77,77],"card_choices":[{"not_picked":["PiercingWail","Slice"],"picked":"Poisoned Stab","floor":1},{"not_picked":["Poisoned Stab","Prepared"],"picked":"Dagger Spray","floor":2},{"not_picked":["Venomology","Dagger Throw"],"picked":"Dagger Spray","floor":3},{"not_picked":["Reflex","Backflip"],"picked":"Noxious Fumes","floor":4},{"not_picked":["Glass Knife","Flying Knee"],"picked":"Outmaneuver","floor":6},{"not_picked":["Backflip","Escape Plan"],"picked":"PiercingWail","floor":7},{"not_picked":["Eviscerate","Escape Plan"],"picked":"Flying Knee","floor":11},{"not_picked":["PiercingWail","Acrobatics"],"picked":"All Out Attack","floor":13},{"not_picked":["Sucker Punch","Outmaneuver"],"picked":"Crippling Poison","floor":14},{"not_picked":["Venomology","Adrenaline"],"picked":"Burst","floor":16},{"not_picked":["Sucker Punch","Acrobatics"],"picked":"Riddle With Holes","floor":18},{"not_picked":["Eviscerate","Escape Plan+1"],"picked":"PiercingWail","floor":24},{"not_picked":["Acrobatics","Tactician"],"picked":"Quick Slash+1","floor":25},{"not_picked":["Poisoned Stab","Dodge and Roll"],"picked":"Blade Dance","floor":27},{"not_picked":["Acrobatics+1","PiercingWail"],"picked":"Dagger Spray","floor":29},{"not_picked":["Underhanded Strike","After Image"],"picked":"Finisher","floor":31},{"not_picked":["A Thousand Cuts","Malaise"],"picked":"Wraith Form v2","floor":33},{"not_picked":["Flechettes+1","Deadly Poison"],"picked":"Finisher","floor":35},{"not_picked":["Riddle With Holes","Choke"],"picked":"Noxious Fumes+1","floor":37},{"not_picked":["All Out Attack","Calculated Gamble"],"picked":"Terror+1","floor":41}],"player_experience":1586,"relics_obtained":[{"floor":6,"key":"Orichalcum"},{"floor":9,"key":"Ice Cream"},{"floor":13,"key":"Shuriken"},{"floor":25,"key":"WingedGreaves"},{"floor":26,"key":"Regal Pillow"},{"floor":30,"key":"Paper Crane"},{"floor":41,"key":"Juzu Bracelet"}],"event_choices":[{"damage_healed":0,"gold_gain":0,"player_choice":"Left Gold","damage_taken":0,"max_hp_gain":0,"max_hp_loss":0,"event_name":"World of Goop","floor":10,"gold_loss":31},{"damage_healed":0,"gold_gain":0,"player_choice":"Ignored","damage_taken":0,"max_hp_gain":0,"max_hp_loss":0,"event_name":"Beggar","floor":19,"gold_loss":0},{"damage_healed":0,"gold_gain":0,"player_choice":"Joined the Cult","damage_taken":6,"max_hp_gain":0,"max_hp_loss":0,"event_name":"Nest","floor":20,"gold_loss":0,"cards_obtained":["RitualDagger"]},{"damage_healed":0,"gold_gain":0,"player_choice":"Got Potions","damage_taken":0,"max_hp_gain":0,"max_hp_loss":0,"event_name":"Lab","floor":22,"gold_loss":0},{"damage_healed":0,"gold_gain":0,"player_choice":"Ignored","damage_taken":0,"max_hp_gain":0,"max_hp_loss":0,"event_name":"SecretPortal","floor":36,"gold_loss":0},{"damage_healed":0,"gold_gain":0,"player_choice":"Embrace Madness","damage_taken":10,"max_hp_gain":0,"max_hp_loss":0,"event_name":"Winding Halls","floor":39,"gold_loss":0,"cards_obtained":["Madness","Madness"]}],"is_beta":false,"boss_relics":[{"not_picked":["Coffee Dripper","Calling Bell"],"picked":"Eternal Feather"},{"not_picked":["Black Star","White Beast Statue"],"picked":"Velvet Choker"}],"items_purged_floors":[],"is_endless":false,"potions_floor_spawned":[2,6,7,11,16,24,27,29,31,37],"killed_by":"Spire Growth","ascension_level":0}