{"gold_per_floor":[110,60,60,60,79,109,121,136,159,170,245,245,272,291,291,387,387,401,391,34,34,34,34,59,76,76,76,95,111,31,31,31,135,135,149,149,165,43,63,127,127,162,242,270,283,306,306,138,138,138],"floor_reached":51,"playtime":3238,"items_purged":["Strike_B","Defend_B","Doubt"],"score":1022,"play_id":"89c92672-5058-4740-b89d-b7d7f51a4c99","local_time":"20181104152822","is_ascension_mode":true,"campfire_choices":[{"floor":12.0,"key":"REST"},{"data":"Consume","floor":15.0,"key":"SMITH"},{"floor":23.0,"key":"REST"},{"floor":27.0,"key":"REST"},{"floor":32.0,"key":"REST"},{"floor":41,"key":"REST"},{"floor":47,"key":"REST"},{"floor":49,"key":"REST"}],"neow_cost":"NONE","seed_source_timestamp":0,"circlet_count":0,"master_deck":["Strike_B","Strike_B","Defend_B","Defend_B+1","Defend_B","Zap+1","Dualcast","Consume+1","Cold Snap","Go for the Eyes","Conserve Battery","Capacitor","Echo Form","Capacitor","Go for the Eyes","White Noise","RitualDagger","Chill","Ball Lightning+1","Compile Driver","Seek","Cold Snap","Self Repair+1","White Noise+1","Parasite","Jack Of All Trades","Hologram"],"special_seed":0,"relics":["Cracked Core","NeowsBlessing","Art of War","Centennial Puzzle","The Courier","Anchor","PreservedInsect","Fusion Hammer","War Paint","Dream Catcher","FossilizedHelix","Bird Faced Urn","Cursed Key","Strawberry","Tiny Chest","Bottled Tornado","Cables","Bottled Lightning","Juzu Bracelet"],"potions_floor_usage":[40,50],"damage_taken":[{"damage":0.0,"enemies":"Cultist","floor":1.0,"turns":1.0},{"damage":0.0,"enemies":"2 Louse","floor":5.0,"turns":1.0},{"damage":0.0,"enemies":"Gremlin Nob","floor":6.0,"turns":1.0},{"damage":0.0,"enemies":"Small Slimes","floor":7.0,"turns":3.0},{"damage":0.0,"enemies":"Red Slaver","floor":8.0,"turns":5.0},{"damage":9.0,"enemies":"Exordium Wildlife","floor":10.0,"turns":3.0},{"damage":2.0,"enemies":"Lagavulin","floor":13.0,"turns":8.0},{"damage":0.0,"enemies":"3 Louse","floor":14.0,"turns":4.0},{"damage":10.0,"enemies":"The Guardian","floor":16.0,"turns":14.0},{"damage":3.0,"enemies":"Chosen","floor":18.0,"turns":5.0},{"damage":21.0,"enemies":"2 Thieves","floor":19.0,"turns":4.0},{"damage":13.0,"enemies":"Gremlin Leader","floor":24.0,"turns":4.0},{"damage":12.0,"enemies":"Centurion and Healer","floor":25.0,"turns":7.0},{"damage":22.0,"enemies":"Chosen and Byrds","floor":28.0,"turns":6.0},{"damage":17.0,"enemies":"Sentry and Sphere","floor":29.0,"turns":5.0},{"damage":30.0,"enemies":"Automaton","floor":33.0,"turns":9.0},{"damage":4.0,"enemies":"Orb Walker","floor":35.0,"turns":4.0},{"damage":7.0,"enemies":"3 Darklings","floor":37.0,"turns":5.0},{"damage":9.0,"enemies":"Maw","floor":38.0,"turns":6.0},{"damage":0,"enemies":"Maw","floor":39,"turns":8},{"damage":11,"enemies":"Nemesis","floor":40,"turns":5},{"damage":21,"enemies":"Reptomancer","floor":42,"turns":8},{"damage":0,"enemies":"Nemesis","floor":44,"turns":7},{"damage":33,"enemies":"Transient","floor":45,"turns":5},{"damage":55,"enemies":"Time Eater","floor":50,"turns":9}],"seed_played":"-8084024326576310512","potions_obtained":[{"floor":1.0,"key":"Explosive Potion"},{"floor":7.0,"key":"EssenceOfSteel"},{"floor":14.0,"key":"Ancient Potion"},{"floor":16.0,"key":"EssenceOfSteel"},{"floor":19.0,"key":"Dexterity Potion"},{"floor":28.0,"key":"Swift Potion"},{"floor":29.0,"key":"Energy Potion"},{"floor":33.0,"key":"FearPotion"},{"floor":35.0,"key":"Weak Potion"},{"floor":37.0,"key":"Dexterity Potion"},{"floor":44,"key":"LiquidBronze"},{"floor":45,"key":"Energy Potion"}],"is_trial":false,"path_per_floor":["M","?","?","?","M","E","M","M","T","M","?","R","E","M","R","B",null,"M","M","$","?","?","R","E","M","T","R","M","M","$","?","R","B",null,"M","?","M","M","$","M","E","R","E","T","E","M","T","R","$","R","B",null],"character_chosen":"DEFECT","items_purchased":["War Paint","White Noise","Dream Catcher","Strawberry","Jack Of All Trades"],"campfire_rested":7,"item_purchase_floors":[20,20,20,38,48],"current_hp_per_floor":[68,68,61,61,61,61,61,61,61,52,41,63,61,61,61,51,69,66,45,45,39,32,54,41,29,29,51,37,28,28,28,50,30,64,68,68,71,75,82,82,82,73,73,82,63,63,82,82,82,37],"gold":138,"neow_bonus":"THREE_ENEMY_KILL","is_prod":false,"is_daily":false,"chose_seed":false,"campfire_upgraded":1,"win_rate":0,"timestamp":1541363302,"path_taken":["M","?","?","?","M","E","M","M","T","?","?","R","E","M","R","BOSS","M","M","$","?","?","R","E","M","T","R","M","?","$","?","R","BOSS","M","?","M","?","M","E","R","E","T","E","M","?","R","?","R","BOSS"],"build_version":"2018-11-01","purchased_purges":3,"victory":true,"max_hp_per_floor":[75,75,75,75,75,75,75,75,75,75,75,75,75,75,75,75,75,75,75,75,75,75,75,75,75,75,75,75,75,75,75,75,75,75,75,75,75,82,82,82,82,82,82,82,82,82,82,82,82,82],"card_choices":[{"not_picked":["Rip and Tear","Ball Lightning"],"picked":"Consume","floor":1.0},{"not_picked":["Compile Driver","Steam"],"picked":"Cold Snap","floor":5.0},{"not_picked":["Lockon","Steam"],"picked":"Go for the Eyes","floor":6.0},{"not_picked":["Hologram","Consume"],"picked":"Conserve Battery","floor":7.0},{"not_picked":["Steam Power","Blizzard","Sweeping Beam"],"picked":"SKIP","floor":8.0},{"not_picked":["Auto Shields","Blizzard"],"picked":"Capacitor","floor":10.0},{"not_picked":["Sweeping Beam","Rebound","Redo"],"picked":"SKIP","floor":13.0},{"not_picked":["Steam","Storm","Double Energy"],"picked":"SKIP","floor":14.0},{"not_picked":["Core Surge","Machine Learning"],"picked":"Echo Form","floor":16.0},{"not_picked":["Rebound","Beam Cell"],"picked":"Capacitor","floor":18.0},{"not_picked":["Stack","Aggregate"],"picked":"Go for the Eyes","floor":19.0},{"not_picked":["Turbo","Double Energy"],"picked":"Chill","floor":23.0},{"not_picked":["Steam","Rebound","Double Energy+1"],"picked":"SKIP","floor":24.0},{"not_picked":["Gash","Fusion+1","Hello World"],"picked":"SKIP","floor":25.0},{"not_picked":["Redo","Rebound"],"picked":"Ball Lightning+1","floor":27.0},{"not_picked":["Gash","Skim","Doom and Gloom"],"picked":"SKIP","floor":28.0},{"not_picked":["Sweeping Beam","Go for the Eyes"],"picked":"Compile Driver","floor":29.0},{"not_picked":["Reboot","Creative AI"],"picked":"Seek","floor":33.0},{"not_picked":["Stack","Melter+1","Compile Driver"],"picked":"SKIP","floor":35.0},{"not_picked":["Stack+1","Storm"],"picked":"Cold Snap","floor":37.0},{"not_picked":["Stack","Sweeping Beam"],"picked":"Self Repair+1","floor":39},{"not_picked":["Turbo","Loop"],"picked":"White Noise+1","floor":40},{"not_picked":["Sunder","Multi-Cast","Reprogram"],"picked":"SKIP","floor":42},{"not_picked":["Stack","Redo+1","Rebound+1"],"picked":"SKIP","floor":44},{"not_picked":["Reprogram+1","Turbo","Conserve Battery"],"picked":"SKIP","floor":45},{"not_picked":["Compile Driver+1","Streamline"],"picked":"Hologram","floor":49}],"player_experience":461062,"relics_obtained":[{"floor":6.0,"key":"The Courier"},{"floor":9.0,"key":"Anchor"},{"floor":13.0,"key":"PreservedInsect"},{"floor":24.0,"key":"FossilizedHelix"},{"floor":26.0,"key":"Bird Faced Urn"},{"floor":40,"key":"Tiny Chest"},{"floor":42,"key":"Bottled Tornado"},{"floor":43,"key":"Cables"},{"floor":44,"key":"Bottled Lightning"},{"floor":46,"key":"Juzu Bracelet"}],"event_choices":[{"cards_removed":["Strike_B"],"damage_healed":0.0,"max_hp_gain":0.0,"max_hp_loss":0.0,"gold_gain":0.0,"event_name":"The Cleric","player_choice":"Card Removal","floor":2.0,"gold_loss":50.0,"damage_taken":0.0},{"damage_healed":0.0,"max_hp_gain":0.0,"max_hp_loss":0.0,"gold_gain":0.0,"event_name":"Scrap Ooze","player_choice":"Success","floor":3.0,"gold_loss":0.0,"damage_taken":7.0,"relics_obtained":["Art of War"]},{"damage_healed":0.0,"max_hp_gain":0.0,"max_hp_loss":0.0,"gold_gain":0.0,"event_name":"WeMeetAgain","player_choice":"Gave Potion","floor":4.0,"gold_loss":0.0,"damage_taken":0.0,"relics_obtained":["Centennial Puzzle"]},{"damage_healed":0.0,"max_hp_gain":0.0,"max_hp_loss":0.0,"gold_gain":75.0,"event_name":"World of Goop","player_choice":"Gather Gold","floor":11.0,"gold_loss":0.0,"damage_taken":11.0},{"damage_healed":0.0,"max_hp_gain":0.0,"max_hp_loss":0.0,"gold_gain":0.0,"event_name":"Nest","player_choice":"Joined the Cult","floor":21.0,"gold_loss":0.0,"damage_taken":6.0,"cards_obtained":["RitualDagger"]},{"damage_healed":0.0,"max_hp_gain":0.0,"max_hp_loss":0.0,"gold_gain":0.0,"event_name":"Knowing Skull","player_choice":"","floor":22.0,"potions_obtained":[],"gold_loss":0.0,"damage_taken":7.0,"cards_obtained":[]},{"damage_healed":0.0,"max_hp_gain":0.0,"max_hp_loss":0.0,"gold_gain":0.0,"event_name":"The Mausoleum","player_choice":"Ignored","floor":31.0,"gold_loss":0.0,"damage_taken":0.0},{"damage_healed":0.0,"max_hp_gain":0.0,"max_hp_loss":0.0,"gold_gain":0.0,"event_name":"Match and Keep!","player_choice":"0 cards matched","floor":36.0,"gold_loss":0.0,"damage_taken":0.0,"cards_obtained":[]}],"is_beta":false,"boss_relics":[{"not_picked":["Coffee Dripper","Black Star"],"picked":"Fusion Hammer"},{"not_picked":["Eternal Feather","Calling Bell"],"picked":"Cursed Key"}],"items_purged_floors":[20,30,48],"is_endless":false,"potions_floor_spawned":[1,7,14,16,19,28,29,33,35,37,44,45],"ascension_level":6}