{"gold_per_floor":[219,235,235,252,263,263,280,294,321,333,258,258],"floor_reached":12,"playtime":557,"items_purged":["Strike_B"],"score":122,"play_id":"6db81ac6-cb23-48f6-89d9-6b1010b6901c","local_time":"20181229172003","is_ascension_mode":true,"campfire_choices":[{"data":"Defragment","floor":6,"key":"SMITH"}],"neow_cost":"NONE","seed_source_timestamp":1037873210578409,"circlet_count":0,"master_deck":["AscendersBane","Strike_B","Strike_B","Strike_B","Defend_B","Defend_B","Defend_B","Defend_B","Zap+1","Dualcast","Cold Snap","Defragment+1","Core Surge","Tempest","Conserve Battery"],"relics":["Cracked Core","Lantern"],"potions_floor_usage":[8,8],"damage_taken":[{"damage":6,"enemies":"Jaw Worm","floor":1,"turns":4},{"damage":0,"enemies":"Cultist","floor":2,"turns":3},{"damage":2,"enemies":"Small Slimes","floor":4,"turns":3},{"damage":32,"enemies":"Exordium Wildlife","floor":5,"turns":6},{"damage":27,"enemies":"Large Slime","floor":7,"turns":5},{"damage":7,"enemies":"3 Louse","floor":8,"turns":3},{"damage":0,"enemies":"2 Fungi Beasts","floor":10,"turns":3}],"seed_played":"8064343262902860340","potions_obtained":[{"floor":1,"key":"Regen Potion"},{"floor":2,"key":"FearPotion"},{"floor":8,"key":"SkillPotion"}],"is_trial":false,"path_per_floor":["M","M","?","M","M","R","M","M","T","M","$","?"],"character_chosen":"DEFECT","items_purchased":[],"campfire_rested":0,"item_purchase_floors":[],"current_hp_per_floor":[62,62,62,60,28,28,1,3,3,3,3,0],"gold":258,"neow_bonus":"HUNDRED_GOLD","is_prod":false,"is_daily":false,"chose_seed":false,"campfire_upgraded":1,"win_rate":0,"timestamp":1546071603,"path_taken":["M","M","?","M","M","R","?","M","T","M","?","?"],"build_version":"2018-12-20","purchased_purges":1,"victory":false,"max_hp_per_floor":[75,75,75,75,75,75,75,75,75,75,75,75],"card_choices":[{"not_picked":["Heatsinks","Compile Driver"],"picked":"Cold Snap","floor":1},{"not_picked":["Beam Cell","Aggregate","Steam"],"picked":"SKIP","floor":2},{"not_picked":["Ball Lightning","Compile Driver"],"picked":"Defragment","floor":4},{"not_picked":["Conserve Battery","Reinforced Body"],"picked":"Core Surge","floor":5},{"not_picked":["Stack","Steam"],"picked":"Tempest","floor":7},{"not_picked":["Barrage","Go for the Eyes"],"picked":"Conserve Battery","floor":8},{"not_picked":["Turbo","Aggregate","Genetic Algorithm"],"picked":"SKIP","floor":10}],"player_experience":687964,"relics_obtained":[{"floor":9,"key":"Lantern"}],"event_choices":[{"damage_healed":0,"gold_gain":0,"player_choice":"Forge","damage_taken":0,"max_hp_gain":0,"max_hp_loss":0,"event_name":"Accursed Blacksmith","floor":3,"gold_loss":0,"cards_upgraded":["Zap"]}],"is_beta":false,"boss_relics":[],"items_purged_floors":[11],"is_endless":false,"potions_floor_spawned":[1,2,5,8],"ascension_level":13}