{"gold_per_floor":[109,124,135,135,135,135,145,145,145,175,185,185,201,42,42,119,119,133,58,58,75,75,75,87,105,105,139,139,153,53,72,72,147,197,212,212,232,244,264,264,264,294,342,359,206,206,217,228,228,228],"floor_reached":50,"playtime":2188,"items_purged":["Strike_G","Strike_G","Pain"],"score":1021,"play_id":"eb02f2bf-5f25-431a-b5d6-c8dbb4a15563","local_time":"20190209070159","is_ascension_mode":true,"campfire_choices":[{"data":"Dagger Spray","floor":6.0,"key":"SMITH"},{"data":"Crippling Poison","floor":8.0,"key":"SMITH"},{"floor":12.0,"key":"REST"},{"data":"Footwork","floor":15.0,"key":"SMITH"},{"data":"Footwork","floor":23.0,"key":"SMITH"},{"data":"Poisoned Stab","floor":28.0,"key":"SMITH"},{"floor":32.0,"key":"REST"},{"floor":40,"key":"REST"},{"floor":46,"key":"REST"},{"floor":49,"key":"REST"}],"neow_cost":"PERCENT_DAMAGE","seed_source_timestamp":2513585190656686,"circlet_count":0,"master_deck":["AscendersBane","Defend_G+1","Defend_G","Defend_G","Defend_G","Defend_G","Strike_G","Survivor+1","Neutralize","Adrenaline","Dagger Spray+1","Cloak And Dagger","Crippling Poison+1","Leg Sweep+1","Poisoned Stab+1","Footwork+1","Footwork+1","Catalyst+1","Acrobatics+1","Heel Hook+1","Wraith Form v2","Deadly Poison+1","Footwork","Bane+1","Noxious Fumes+1","Deflect+1","Footwork+1","PiercingWail","PiercingWail"],"special_seed":0,"relics":["Ring of the Snake","Matryoshka","War Paint","Sozu","Lantern","Vajra","Blood Vial","Tiny House","WarpedTongs","Nunchaku","Whetstone"],"potions_floor_usage":[],"damage_taken":[{"damage":0.0,"enemies":"2 Louse","floor":1.0,"turns":4.0},{"damage":0.0,"enemies":"Small Slimes","floor":2.0,"turns":5.0},{"damage":0.0,"enemies":"Cultist","floor":3.0,"turns":3.0},{"damage":1.0,"enemies":"3 Louse","floor":7.0,"turns":2.0},{"damage":50.0,"enemies":"Gremlin Nob","floor":10.0,"turns":5.0},{"damage":3.0,"enemies":"Looter","floor":11.0,"turns":4.0},{"damage":0.0,"enemies":"2 Fungi Beasts","floor":13.0,"turns":4.0},{"damage":19.0,"enemies":"Hexaghost","floor":16.0,"turns":12.0},{"damage":0.0,"enemies":"Chosen","floor":18.0,"turns":5.0},{"damage":0.0,"enemies":"Shell Parasite","floor":21.0,"turns":6.0},{"damage":2.0,"enemies":"Snake Plant","floor":24.0,"turns":6.0},{"damage":16.0,"enemies":"Sentry and Sphere","floor":25.0,"turns":6.0},{"damage":15.0,"enemies":"Slavers","floor":27.0,"turns":8.0},{"damage":10.0,"enemies":"3 Cultists","floor":29.0,"turns":5.0},{"damage":6.0,"enemies":"Shelled Parasite and Fungi","floor":31.0,"turns":5.0},{"damage":43.0,"enemies":"Automaton","floor":33.0,"turns":16.0},{"damage":35.0,"enemies":"3 Darklings","floor":35.0,"turns":5.0},{"damage":1.0,"enemies":"Orb Walker","floor":37.0,"turns":6.0},{"damage":9.0,"enemies":"4 Shapes","floor":38.0,"turns":4.0},{"damage":13,"enemies":"Writhing Mass","floor":39,"turns":7},{"damage":23,"enemies":"Nemesis","floor":42,"turns":9},{"damage":11,"enemies":"Spire Growth","floor":44,"turns":6},{"damage":24,"enemies":"Sphere and 2 Shapes","floor":47,"turns":8},{"damage":0,"enemies":"4 Shapes","floor":48,"turns":5},{"damage":39,"enemies":"Time Eater","floor":50,"turns":10}],"seed_played":"-5833166329695726478","potions_obtained":[{"floor":1.0,"key":"Weak Potion"},{"floor":7.0,"key":"LiquidBronze"}],"is_trial":false,"path_per_floor":["M","M","M","?","?","R","M","R","T","E","M","R","M","$","R","B",null,"M","?","?","M","?","R","M","M","T","E","R","M","$","M","R","B",null,"M","?","M","M","M","R","?","E","T","M","$","R","M","M","R","B"],"character_chosen":"THE_SILENT","items_purchased":["Footwork","PiercingWail"],"campfire_rested":5,"item_purchase_floors":[14,45],"current_hp_per_floor":[44,44,44,37,66,66,65,65,65,15,12,31,31,31,31,12,53,53,53,53,53,76,76,74,58,58,43,43,35,35,31,53,12,65,32,32,33,26,15,39,39,18,18,9,9,33,11,13,37,0],"gold":228,"neow_bonus":"THREE_RARE_CARDS","is_prod":false,"is_daily":false,"chose_seed":false,"campfire_upgraded":5,"win_rate":0,"timestamp":1549692119,"path_taken":["M","M","M","?","?","R","M","R","T","E","M","R","?","$","R","BOSS","M","?","?","M","?","R","M","?","T","E","R","M","?","M","R","BOSS","M","?","M","M","M","R","?","E","T","M","$","R","M","?","R","BOSS"],"build_version":"2019-02-06","purchased_purges":3,"victory":false,"max_hp_per_floor":[66,66,66,66,66,66,66,66,66,66,66,66,66,66,66,66,66,66,66,66,66,76,76,76,76,76,76,76,76,76,76,76,76,81,81,81,81,81,81,81,81,81,81,81,81,81,81,81,81,81],"card_choices":[{"not_picked":["Doppelganger","Venomology"],"picked":"Adrenaline","floor":0.0},{"not_picked":["Choke","Dodge and Roll","Flying Knee"],"picked":"SKIP","floor":1.0},{"not_picked":["Slice","Calculated Gamble"],"picked":"Dagger Spray","floor":2.0},{"not_picked":["Riddle With Holes","Predator"],"picked":"Cloak And Dagger","floor":3.0},{"not_picked":["Bane","Sucker Punch"],"picked":"Crippling Poison","floor":7.0},{"not_picked":["PiercingWail","Escape Plan"],"picked":"Leg Sweep","floor":10.0},{"not_picked":["Riddle With Holes","Flying Knee"],"picked":"Poisoned Stab","floor":11.0},{"not_picked":["Tactician","Dagger Spray","Deflect"],"picked":"SKIP","floor":13.0},{"not_picked":["Envenom","Unload"],"picked":"Glass Knife","floor":16.0},{"not_picked":["Deflect","Reflex","Blade Dance+1"],"picked":"SKIP","floor":18.0},{"not_picked":["Reflex","Finisher"],"picked":"Footwork","floor":21.0},{"not_picked":["Leg Sweep","Slice"],"picked":"Catalyst+1","floor":24.0},{"not_picked":["Sucker Punch","Flechettes","Dagger Spray"],"picked":"SKIP","floor":25.0},{"not_picked":["Masterful Stab","Accuracy","Prepared"],"picked":"SKIP","floor":27.0},{"not_picked":["Dagger Throw","Underhanded Strike"],"picked":"Acrobatics+1","floor":29.0},{"not_picked":["Endless Agony","Quick Slash"],"picked":"Heel Hook","floor":31.0},{"not_picked":["Night Terror","Phantasmal Killer"],"picked":"Wraith Form v2","floor":33.0},{"not_picked":["Poisoned Stab","Dagger Throw"],"picked":"Deadly Poison+1","floor":34.0},{"not_picked":["Dagger Throw","Dagger Spray"],"picked":"Footwork","floor":35.0},{"not_picked":["Flying Knee","Outmaneuver+1"],"picked":"Bane+1","floor":37.0},{"not_picked":["Riddle With Holes","Backstab"],"picked":"Noxious Fumes+1","floor":38.0},{"not_picked":["Underhanded Strike+1","Bouncing Flask+1","Slice"],"picked":"SKIP","floor":39},{"not_picked":["Masterful Stab","Flying Knee+1"],"picked":"Deflect+1","floor":42},{"not_picked":["Deflect+1","All Out Attack"],"picked":"Footwork+1","floor":44},{"not_picked":["Doppelganger","Outmaneuver","Sucker Punch"],"picked":"SKIP","floor":47},{"not_picked":["Backflip","Escape Plan"],"picked":"PiercingWail","floor":48}],"player_experience":2939750,"relics_obtained":[{"floor":9.0,"key":"Matryoshka"},{"floor":10.0,"key":"War Paint"},{"floor":26.0,"key":"Lantern"},{"floor":26.0,"key":"Vajra"},{"floor":27.0,"key":"Blood Vial"},{"floor":42,"key":"Nunchaku"},{"floor":43,"key":"Whetstone"}],"event_choices":[{"cards_removed":["Strike_G"],"damage_healed":0.0,"max_hp_gain":0.0,"max_hp_loss":0.0,"gold_gain":0.0,"event_name":"Golden Wing","player_choice":"Card Removal","floor":4.0,"gold_loss":0.0,"damage_taken":7.0},{"damage_healed":29.0,"max_hp_gain":0.0,"max_hp_loss":0.0,"gold_gain":0.0,"event_name":"Wheel of Change","player_choice":"Full Heal","floor":5.0,"gold_loss":0.0,"damage_taken":0.0},{"cards_removed":["Strike_G"],"damage_healed":0.0,"max_hp_gain":0.0,"max_hp_loss":0.0,"gold_gain":0.0,"event_name":"Beggar","player_choice":"Gave Gold","floor":19.0,"gold_loss":75.0,"damage_taken":0.0},{"damage_healed":0.0,"max_hp_gain":0.0,"max_hp_loss":0.0,"gold_gain":0.0,"event_name":"The Library","player_choice":"Read","floor":20.0,"gold_loss":0.0,"damage_taken":0.0,"cards_obtained":["Poisoned Stab"]},{"cards_removed":["Glass Knife"],"damage_healed":13.0,"max_hp_gain":10.0,"max_hp_loss":0.0,"gold_gain":0.0,"event_name":"Bonfire Elementals","player_choice":"Offered Rare","floor":22.0,"gold_loss":0.0,"damage_taken":0.0},{"cards_removed":["Poisoned Stab"],"damage_healed":0.0,"max_hp_gain":0.0,"max_hp_loss":0.0,"gold_gain":0.0,"event_name":"Falling","player_choice":"Removed Attack","floor":36.0,"gold_loss":0.0,"damage_taken":0.0},{"damage_healed":0,"gold_gain":0,"player_choice":"Rummage","damage_taken":0,"relics_obtained":["WarpedTongs"],"max_hp_gain":0,"max_hp_loss":0,"event_name":"Accursed Blacksmith","floor":41,"gold_loss":0,"cards_obtained":["Pain"]}],"is_beta":true,"boss_relics":[{"not_picked":["HoveringKite","Astrolabe"],"picked":"Sozu"},{"not_picked":["Fusion Hammer","Coffee Dripper"],"picked":"Tiny House"}],"items_purged_floors":[14,30,45],"is_endless":false,"potions_floor_spawned":[1,7,11,21,24,25,31,33,35,39,47,48],"killed_by":"Time Eater","ascension_level":20}