{"gold_per_floor":[115,132,132,132,148,189,189,224,224,224,299,79,103,124,124,218,218,237,162,212,228,228,228,248,45,71,96,96,172,172,215,215,306,306,320,270,283,13,346,346,359,388,414,414,426,438,473,102,102,102,102],"floor_reached":52,"playtime":4299,"items_purged":["Strike_G","Strike_G+1"],"score":1801,"play_id":"95365e0d-be52-4f87-834d-153beb14d0ec","local_time":"20181213011429","is_ascension_mode":true,"campfire_choices":[{"floor":7.0,"key":"REST"},{"data":"Neutralize","floor":10.0,"key":"SMITH"},{"data":"Footwork","floor":15.0,"key":"SMITH"},{"floor":23.0,"key":"REST"},{"floor":30.0,"key":"REST"},{"floor":32,"key":"REST"},{"floor":40,"key":"REST"},{"floor":44,"key":"REST"},{"floor":49,"key":"REST"}],"neow_cost":"NONE","seed_source_timestamp":159101652299000,"circlet_count":0,"master_deck":["AscendersBane","Defend_G+1","Defend_G+1","Defend_G+1","Defend_G+1","Defend_G+1","Strike_G+1","Strike_G+1","Survivor","Neutralize+1","Dagger Throw","Dagger Throw","Crippling Poison","Deflect","Dodge and Roll+1","Footwork+1","Outmaneuver+1","Cloak And Dagger+1","Terror+1","A Thousand Cuts","Deflect+1","Tools of the Trade","Sucker Punch+1","Blind+1","PiercingWail+1","Envenom","Night Terror+1","Backflip+1","Deadly Poison+1","Crippling Poison+1","Burst+1","Backflip+1","Footwork","Blur+1"],"special_seed":0,"relics":["Runic Pyramid","Letter Opener","Toxic Egg 2","Meat on the Bone","Fusion Hammer","Boot","MutagenicStrength","Pear","Blue Candle","Sozu","Kunai","Shuriken","Pen Nib","Sundial","Mummified Hand"],"potions_floor_usage":[31,33,45,50],"damage_taken":[{"damage":4.0,"enemies":"2 Louse","floor":1.0,"turns":4.0},{"damage":0.0,"enemies":"Small Slimes","floor":2.0,"turns":4.0},{"damage":3.0,"enemies":"Jaw Worm","floor":5.0,"turns":4.0},{"damage":18.0,"enemies":"3 Sentries","floor":6.0,"turns":11.0},{"damage":39.0,"enemies":"Lagavulin","floor":8.0,"turns":10.0},{"damage":4.0,"enemies":"Exordium Thugs","floor":13.0,"turns":6.0},{"damage":0.0,"enemies":"3 Louse","floor":14.0,"turns":2.0},{"damage":4.0,"enemies":"The Guardian","floor":16.0,"turns":11.0},{"damage":4.0,"enemies":"Spheric Guardian","floor":18.0,"turns":6.0},{"damage":15.0,"enemies":"Shell Parasite","floor":21.0,"turns":6.0},{"damage":12.0,"enemies":"Snake Plant","floor":24.0,"turns":5.0},{"damage":0.0,"enemies":"3 Cultists","floor":27.0,"turns":5.0},{"damage":1,"enemies":"Gremlin Leader","floor":31,"turns":7},{"damage":61,"enemies":"Champ","floor":33,"turns":20},{"damage":9,"enemies":"3 Shapes","floor":35,"turns":6},{"damage":0,"enemies":"3 Darklings","floor":37,"turns":6},{"damage":0,"enemies":"4 Shapes","floor":41,"turns":3},{"damage":4,"enemies":"Nemesis","floor":42,"turns":8},{"damage":2,"enemies":"Transient","floor":45,"turns":6},{"damage":6,"enemies":"Sphere and 2 Shapes","floor":46,"turns":7},{"damage":9,"enemies":"Giant Head","floor":47,"turns":8},{"damage":1,"enemies":"Time Eater","floor":50,"turns":20},{"damage":8,"enemies":"Awakened One","floor":51,"turns":20}],"seed_played":"6250197700103532372","potions_obtained":[{"floor":2.0,"key":"AttackPotion"},{"floor":8.0,"key":"Explosive Potion"},{"floor":21.0,"key":"Dexterity Potion"},{"floor":31,"key":"Swift Potion"},{"floor":33,"key":"GhostInAJar"}],"is_trial":false,"path_per_floor":["M","M","?","?","M","E","R","E","T","R","?","$","M","M","R","B",null,"M","?","?","M","?","R","M","$","T","M","?","T","R","E","R","B",null,"M","$","M","$","?","R","M","E","T","R","M","M","E","$","R","B","B",null],"character_chosen":"THE_SILENT","items_purchased":["Footwork","Explosive Potion","Outmaneuver+1","Blind+1","Deadly Poison+1","Kunai","Mummified Hand","Blur+1"],"campfire_rested":7,"item_purchase_floors":[12,12,12,25,36,38,48,48],"current_hp_per_floor":[55,55,55,60,57,39,58,19,19,19,8,8,16,28,28,36,58,54,54,54,39,39,58,46,46,46,46,46,56,75,74,75,26,63,54,54,54,54,54,75,75,71,71,75,73,67,58,58,75,74,66],"gold":102,"neow_bonus":"BOSS_RELIC","is_prod":false,"is_daily":false,"chose_seed":false,"campfire_upgraded":2,"win_rate":0,"timestamp":1544681669,"path_taken":["M","M","?","?","M","E","R","E","T","R","?","$","M","?","R","BOSS","M","?","?","?","?","R","M","$","T","M","?","?","R","E","R","BOSS","M","$","?","$","?","R","M","E","T","R","M","M","E","$","R","BOSS","BOSS"],"build_version":"2018-11-15","purchased_purges":2,"victory":true,"max_hp_per_floor":[66,66,60,65,65,65,65,65,65,65,65,65,65,65,65,65,65,65,65,65,65,65,65,65,65,65,65,65,75,75,75,75,75,75,75,75,75,75,75,75,75,75,75,75,75,75,75,75,75,75,75],"card_choices":[{"not_picked":["PiercingWail","Deadly Poison"],"picked":"Dagger Throw","floor":1.0},{"not_picked":["Distraction","Tactician"],"picked":"Dagger Throw","floor":2.0},{"not_picked":["All Out Attack","Well Laid Plans"],"picked":"Crippling Poison","floor":5.0},{"not_picked":["Bane","Acrobatics"],"picked":"Deflect","floor":6.0},{"not_picked":["Envenom","Dagger Throw"],"picked":"Dodge and Roll","floor":8.0},{"not_picked":["Well Laid Plans","Dodge and Roll+1"],"picked":"Cloak And Dagger+1","floor":13.0},{"not_picked":["Blade Dance+1","Poisoned Stab"],"picked":"Terror+1","floor":14.0},{"not_picked":["After Image","Unload"],"picked":"A Thousand Cuts","floor":16.0},{"not_picked":["Slice","Bane+1"],"picked":"Deflect+1","floor":18.0},{"not_picked":["Prepared+1","Setup+1"],"picked":"Tools of the Trade","floor":21.0},{"not_picked":["Dagger Throw","Poisoned Stab"],"picked":"Sucker Punch+1","floor":24.0},{"not_picked":["Finisher","Cloak And Dagger+1"],"picked":"PiercingWail+1","floor":27.0},{"not_picked":["Blur+1","Quick Slash"],"picked":"Envenom","floor":31},{"not_picked":["Doppelganger+1","Unload"],"picked":"Night Terror+1","floor":33},{"not_picked":["Slice","Finisher+1"],"picked":"Backflip+1","floor":35},{"not_picked":["Finisher","Bane+1"],"picked":"Crippling Poison+1","floor":37},{"not_picked":["Eviscerate","Blade Dance+1","Well Laid Plans"],"picked":"SKIP","floor":41},{"not_picked":["Outmaneuver+1","Backflip+1"],"picked":"Burst+1","floor":42},{"not_picked":["Deflect+1","Blade Dance+1"],"picked":"Backflip+1","floor":45},{"not_picked":["Outmaneuver+1","Slice","Underhanded Strike+1"],"picked":"SKIP","floor":46},{"not_picked":["Outmaneuver+1","Accuracy+1"],"picked":"Footwork","floor":47}],"player_experience":1817248,"relics_obtained":[{"floor":6.0,"key":"Letter Opener"},{"floor":8.0,"key":"Toxic Egg 2"},{"floor":9.0,"key":"Meat on the Bone"},{"floor":26.0,"key":"Boot"},{"floor":29.0,"key":"Pear"},{"floor":31,"key":"Blue Candle"},{"floor":42,"key":"Shuriken"},{"floor":43,"key":"Pen Nib"},{"floor":47,"key":"Sundial"}],"event_choices":[{"damage_healed":0.0,"max_hp_gain":0.0,"max_hp_loss":6.0,"gold_gain":0.0,"event_name":"Golden Idol","player_choice":"Lose Max HP","floor":3.0,"gold_loss":0.0,"damage_taken":0.0,"relics_obtained":["Golden Idol"]},{"damage_healed":0.0,"max_hp_gain":5.0,"max_hp_loss":0.0,"gold_gain":0.0,"event_name":"Big Fish","player_choice":"Donut","floor":4.0,"gold_loss":0.0,"damage_taken":0.0},{"damage_healed":0.0,"max_hp_gain":0.0,"max_hp_loss":0.0,"gold_gain":75.0,"event_name":"World of Goop","player_choice":"Gather Gold","floor":11.0,"gold_loss":0.0,"damage_taken":11.0},{"cards_removed":["Strike_G"],"damage_healed":0.0,"max_hp_gain":0.0,"max_hp_loss":0.0,"gold_gain":0.0,"event_name":"Beggar","player_choice":"Gave Gold","floor":19.0,"gold_loss":75.0,"damage_taken":0.0},{"damage_healed":0.0,"max_hp_gain":0.0,"max_hp_loss":0.0,"gold_gain":100.0,"event_name":"The Joust","player_choice":"Bet on Murderer","floor":20.0,"gold_loss":50.0,"damage_taken":0.0},{"damage_healed":0.0,"max_hp_gain":0.0,"max_hp_loss":0.0,"gold_gain":0.0,"event_name":"Back to Basics","player_choice":"Simplicity","floor":22.0,"gold_loss":0.0,"damage_taken":0.0,"cards_upgraded":["Defend_G","Defend_G","Defend_G","Defend_G","Defend_G","Strike_G","Strike_G","Strike_G"]},{"damage_healed":0.0,"max_hp_gain":0.0,"max_hp_loss":0.0,"gold_gain":0.0,"event_name":"Drug Dealer","player_choice":"Inject Mutagens","floor":28.0,"gold_loss":0.0,"damage_taken":0.0,"relics_obtained":["MutagenicStrength"]},{"damage_healed":0,"gold_gain":333,"player_choice":"Gave Idol","damage_taken":0,"max_hp_gain":0,"max_hp_loss":0,"event_name":"The Moai Head","floor":39,"relics_lost":["Golden Idol"],"gold_loss":0}],"is_beta":true,"boss_relics":[{"not_picked":["Pandora\u0027s Box","Runic Dome"],"picked":"Fusion Hammer"},{"not_picked":["Busted Crown","Velvet Choker"],"picked":"Sozu"}],"items_purged_floors":[12,25],"is_endless":false,"potions_floor_spawned":[2,8,21,27,31,33,35,45],"ascension_level":20}