{"gold_per_floor":[113,63,73,86,86,86,113,113,137,153,186,196,224,242,242,340,340,354,354,367,367,367],"floor_reached":22,"playtime":1390,"items_purged":[],"score":227,"play_id":"a2044825-ac77-4ff4-973f-d75063206447","local_time":"20181010173118","is_ascension_mode":true,"campfire_choices":[{"floor":6,"key":"REST"},{"floor":8,"key":"REST"},{"floor":15,"key":"REST"}],"neow_cost":"CURSE","seed_source_timestamp":57594378769831,"circlet_count":0,"master_deck":["Survivor","Neutralize","Pain","Unload","Predator","Slice","Dagger Throw","Flying Knee","Quick Slash","Distraction","Backflip","Dagger Throw","Slice","After Image","Dagger Spray","Blade Dance","Bane","Predator","Infinite Blades","Leg Sweep","Backflip","Accuracy","Prepared","Caltrops"],"relics":["Ring of the Snake","PreservedInsect","Centennial Puzzle","Orichalcum","Question Card","Pandora\u0027s Box","CultistMask","Sundial"],"potions_floor_usage":[7,11,14,18,20],"damage_taken":[{"damage":6,"enemies":"Small Slimes","floor":1,"turns":4},{"damage":12,"enemies":"Jaw Worm","floor":3,"turns":2},{"damage":5,"enemies":"2 Louse","floor":4,"turns":2},{"damage":16,"enemies":"Lagavulin","floor":7,"turns":5},{"damage":2,"enemies":"Exordium Wildlife","floor":10,"turns":2},{"damage":8,"enemies":"3 Sentries","floor":11,"turns":4},{"damage":2,"enemies":"Blue Slaver","floor":12,"turns":2},{"damage":11,"enemies":"Lagavulin","floor":13,"turns":5},{"damage":5,"enemies":"Red Slaver","floor":14,"turns":3},{"damage":57,"enemies":"The Guardian","floor":16,"turns":9},{"damage":24,"enemies":"2 Thieves","floor":18,"turns":5},{"damage":13,"enemies":"Shell Parasite","floor":20,"turns":4},{"damage":40,"enemies":"Cultist and Chosen","floor":22,"turns":6}],"seed_played":"-6099995270932830920","potions_obtained":[{"floor":1,"key":"GhostInAJar"},{"floor":7,"key":"LiquidBronze"},{"floor":10,"key":"SneckoOil"},{"floor":13,"key":"PowerPotion"},{"floor":16,"key":"LiquidBronze"}],"is_trial":false,"path_per_floor":["M","?","M","M","?","R","E","R","T","M","E","M","E","M","R","B",null,"M","?","M","T"],"character_chosen":"THE_SILENT","items_purchased":[],"campfire_rested":3,"item_purchase_floors":[],"current_hp_per_floor":[64,64,52,47,40,61,45,66,66,64,56,54,43,38,59,2,70,46,46,33,33,0],"gold":367,"neow_bonus":"THREE_RARE_CARDS","is_prod":false,"is_daily":false,"chose_seed":false,"campfire_upgraded":0,"win_rate":0,"timestamp":1539207078,"path_taken":["M","?","M","M","?","R","E","R","T","M","E","?","E","M","R","BOSS","M","?","M","?","?"],"build_version":"2018-10-04v2","purchased_purges":0,"victory":false,"max_hp_per_floor":[70,70,70,70,70,70,70,70,70,70,70,70,70,70,70,70,70,70,70,70,70,70],"card_choices":[{"not_picked":["Night Terror","Tools of the Trade"],"picked":"Unload","floor":0},{"not_picked":["Bane","PiercingWail"],"picked":"Predator","floor":1},{"not_picked":["All Out Attack","Crippling Poison"],"picked":"Slice","floor":3},{"not_picked":["Catalyst","Choke"],"picked":"Dagger Throw","floor":4},{"not_picked":["Cloak And Dagger","Bane"],"picked":"Flying Knee","floor":7},{"not_picked":["Bane","Bouncing Flask"],"picked":"Quick Slash","floor":10},{"not_picked":["Storm of Steel","Riddle With Holes"],"picked":"Distraction","floor":11},{"not_picked":["Underhanded Strike","All Out Attack"],"picked":"Backflip","floor":12},{"not_picked":["Deflect","Escape Plan"],"picked":"Dagger Throw","floor":13},{"not_picked":["Well Laid Plans","Underhanded Strike","Deflect"],"picked":"Slice","floor":14},{"not_picked":["Envenom","Doppelganger","Tools of the Trade"],"picked":"After Image","floor":16},{"not_picked":["PiercingWail","All Out Attack","Crippling Poison"],"picked":"Prepared","floor":18},{"not_picked":["Deadly Poison+1","Prepared","Expertise+1"],"picked":"Caltrops","floor":20}],"player_experience":234177,"relics_obtained":[{"floor":7,"key":"PreservedInsect"},{"floor":9,"key":"Centennial Puzzle"},{"floor":11,"key":"Orichalcum"},{"floor":13,"key":"Question Card"},{"floor":21,"key":"Sundial"}],"event_choices":[{"event_name":"The Cleric","player_choice":"Card Removal","floor":2,"damage_taken":0},{"event_name":"Golden Wing","player_choice":"Card Removal","floor":5,"damage_taken":0},{"event_name":"FaceTrader","player_choice":"Trade","floor":19,"damage_taken":0}],"is_beta":false,"boss_relics":[{"not_picked":["Calling Bell","Fusion Hammer"],"picked":"Pandora\u0027s Box"}],"items_purged_floors":[],"is_endless":false,"potions_floor_spawned":[1,7,10,13,16],"killed_by":"Cultist and Chosen","ascension_level":2}