{"gold_per_floor":[110,185,203,218,393,425,425,460,460,460,460,160,160,8,8,112,112,130,130,146,26,125,160,160,237,260,38,51,81,81,100,100,200,200,212,212,224,49,63,93,93,106,106,106,106,106,124,149,149,149,149,149,35,70,70],"floor_reached":55,"playtime":5424,"items_purged":["Consume","Doubt"],"score":794,"play_id":"e9cb2319-5e12-49f4-a16a-1cb5e3ee6671","local_time":"20190208150619","is_ascension_mode":false,"campfire_choices":[{"floor":7,"key":"REST"},{"floor":11,"key":"REST"},{"floor":13,"key":"REST"},{"floor":15,"key":"RECALL"},{"data":"Apotheosis","floor":24,"key":"SMITH"},{"floor":32,"key":"REST"},{"floor":41,"key":"REST"},{"data":"Storm","floor":46,"key":"SMITH"},{"floor":49,"key":"REST"},{"floor":52,"key":"REST"}],"neow_cost":"NONE","seed_source_timestamp":608523770841200,"circlet_count":0,"master_deck":["Defend_B","Defend_B","Defend_B","Defend_B","Zap","Dualcast","Genetic Algorithm","Turbo","Cold Snap","Defragment","Chill","Streamline","Apotheosis+1","Fission","Reboot+1","BootSequence+1","Blizzard+1","FTL","Sweeping Beam","Steam","Redo","Static Discharge","Coolheaded","Reprogram","Capacitor","Go for the Eyes","All For One","White Noise+1","Zap","Jack Of All Trades","White Noise+1","Storm+1","Hologram","Conserve Battery+1","Steam+1","Self Repair","Defragment","Loop","Darkness+1"],"relics":["Cracked Core","Omamori","Pen Nib","Meat on the Bone","Vajra","The Courier","ClockworkSouvenir","Astrolabe","WingedGreaves","Regal Pillow","DataDisk","Sundial","Cursed Key","Gambling Chip","Bottled Lightning","Anchor","Bird Faced Urn"],"potions_floor_usage":[54,55,55],"damage_taken":[{"damage":0,"enemies":"2 Louse","floor":1,"turns":2},{"damage":3,"enemies":"Small Slimes","floor":3,"turns":3},{"damage":1,"enemies":"Jaw Worm","floor":4,"turns":5},{"damage":49,"enemies":"Gremlin Nob","floor":6,"turns":6},{"damage":24,"enemies":"3 Sentries","floor":8,"turns":12},{"damage":17,"enemies":"The Guardian","floor":16,"turns":10},{"damage":0,"enemies":"Shell Parasite","floor":18,"turns":6},{"damage":2,"enemies":"Spheric Guardian","floor":20,"turns":4},{"damage":3,"enemies":"Book of Stabbing","floor":23,"turns":7},{"damage":3,"enemies":"Shelled Parasite and Fungi","floor":28,"turns":6},{"damage":15,"enemies":"Gremlin Leader","floor":29,"turns":7},{"damage":2,"enemies":"Chosen and Byrds","floor":31,"turns":6},{"damage":13,"enemies":"Champ","floor":33,"turns":13},{"damage":8,"enemies":"3 Darklings","floor":35,"turns":3},{"damage":4,"enemies":"3 Shapes","floor":37,"turns":6},{"damage":27,"enemies":"Jaw Worm Horde","floor":39,"turns":3},{"damage":28,"enemies":"Nemesis","floor":40,"turns":7},{"damage":0,"enemies":"Transient","floor":42,"turns":5},{"damage":5,"enemies":"Sphere and 2 Shapes","floor":47,"turns":3},{"damage":35,"enemies":"Reptomancer","floor":48,"turns":5},{"damage":10,"enemies":"Time Eater","floor":50,"turns":9},{"damage":20,"enemies":"Shield and Spear","floor":54,"turns":5},{"damage":105,"enemies":"The Heart","floor":55,"turns":6}],"seed_played":"-3445533662817702214","potions_obtained":[{"floor":1,"key":"FearPotion"},{"floor":4,"key":"PowerPotion"},{"floor":16,"key":"SkillPotion"},{"floor":47,"key":"PowerPotion"}],"is_trial":false,"path_per_floor":["M","?","M","M","?","E","R","E","T","?","R","$","R","$","R","B",null,"M","?","M","$","?","E","R","T","T","$","M","E","?","M","R","B",null,"M","?","M","$","M","E","R","M","T","?","?","R","M","E","R","B",null,"R","$","E","B"],"character_chosen":"DEFECT","items_purchased":["Chill","ClockworkSouvenir","Streamline","PowerPotion","Apotheosis","Sweeping Beam","Steam","Redo","DataDisk","Coolheaded","Storm","Hologram","Defragment","Loop"],"campfire_rested":7,"item_purchase_floors":[12,12,12,12,14,21,21,21,27,27,38,38,53,53],"current_hp_per_floor":[75,64,61,60,60,11,33,9,9,9,31,31,53,53,53,48,75,75,75,73,73,73,70,70,70,70,70,67,52,52,50,75,62,75,67,67,63,63,48,32,69,69,69,69,69,69,74,49,75,75,75,75,75,65,0],"gold":70,"neow_bonus":"RANDOM_COMMON_RELIC","is_prod":false,"is_daily":false,"chose_seed":false,"campfire_upgraded":2,"win_rate":0,"timestamp":1549634779,"path_taken":["M","?","M","M","?","E","R","E","T","?","R","?","R","$","R","BOSS","M","?","M","?","?","E","R","?","T","$","?","E","?","M","R","BOSS","M","?","?","$","M","E","R","M","T","?","?","R","?","E","R","BOSS","R","$","E","BOSS"],"build_version":"2019-01-23","purchased_purges":2,"victory":false,"max_hp_per_floor":[75,75,75,75,75,75,75,75,75,75,75,75,75,75,75,75,75,75,75,75,75,75,75,75,75,75,75,75,75,75,75,75,75,75,75,75,75,75,75,75,75,75,75,75,75,75,75,75,75,75,75,75,75,75,75],"card_choices":[{"not_picked":["Gash","Stack"],"picked":"Genetic Algorithm","floor":1},{"not_picked":["Force Field","Storm"],"picked":"Turbo","floor":3},{"not_picked":["Turbo","Consume"],"picked":"Cold Snap","floor":4},{"not_picked":["Scrape","Skim"],"picked":"Cold Snap","floor":6},{"not_picked":["Cold Snap","Turbo"],"picked":"Defragment","floor":8},{"not_picked":["Thunder Strike","Reboot"],"picked":"Fission","floor":16},{"not_picked":["Barrage","Cold Snap"],"picked":"FTL","floor":18},{"not_picked":["FTL+1","Darkness+1"],"picked":"Consume","floor":20},{"not_picked":["Compile Driver","Stack"],"picked":"Static Discharge","floor":23},{"not_picked":["Ball Lightning","Hologram"],"picked":"Reprogram","floor":28},{"not_picked":["Conserve Battery","Amplify","Hologram"],"picked":"SKIP","floor":29},{"not_picked":["Streamline+1","Rebound"],"picked":"Go for the Eyes","floor":31},{"not_picked":["Multi-Cast","Meteor Strike"],"picked":"All For One","floor":33},{"not_picked":["Self Repair","Gash"],"picked":"White Noise+1","floor":35},{"not_picked":["Undo","Compile Driver"],"picked":"White Noise+1","floor":37},{"not_picked":["Consume","Steam"],"picked":"Conserve Battery+1","floor":39},{"not_picked":["Undo+1","Conserve Battery+1"],"picked":"Steam+1","floor":40},{"not_picked":["Redo+1","Turbo"],"picked":"Self Repair","floor":42},{"not_picked":["Storm","Turbo","Scrape"],"picked":"SKIP","floor":47},{"not_picked":["Steam","Leap+1","Go for the Eyes"],"picked":"SKIP","floor":48},{"not_picked":["Stack+1","Coolheaded+1"],"picked":"Darkness+1","floor":54}],"player_experience":607487,"relics_obtained":[{"floor":6,"key":"Pen Nib"},{"floor":8,"key":"Meat on the Bone"},{"floor":9,"key":"Vajra"},{"floor":23,"key":"WingedGreaves"},{"floor":26,"key":"Regal Pillow"},{"floor":29,"key":"Sundial"},{"floor":40,"key":"Gambling Chip"},{"floor":43,"key":"Bottled Lightning"},{"floor":48,"key":"Anchor"},{"floor":54,"key":"Bird Faced Urn"}],"event_choices":[{"damage_healed":0,"gold_gain":75,"player_choice":"Gather Gold","damage_taken":11,"max_hp_gain":0,"max_hp_loss":0,"event_name":"World of Goop","floor":2,"gold_loss":0},{"damage_healed":0,"gold_gain":175,"player_choice":"AGREE","damage_taken":0,"max_hp_gain":0,"max_hp_loss":0,"event_name":"Liars Game","floor":5,"gold_loss":0,"cards_obtained":["Doubt"]},{"damage_healed":0,"gold_gain":0,"player_choice":"Searched \u00271\u0027 times","damage_taken":0,"relics_obtained":["The Courier"],"max_hp_gain":0,"max_hp_loss":0,"event_name":"Dead Adventurer","floor":10,"gold_loss":0},{"cards_removed":["Strike_B"],"damage_healed":0,"gold_gain":0,"player_choice":"Took Card","damage_taken":0,"max_hp_gain":0,"max_hp_loss":0,"event_name":"NoteForYourself","floor":19,"gold_loss":0,"cards_obtained":["Doubt"]},{"damage_healed":0,"gold_gain":99,"player_choice":"Stole From Cult","damage_taken":0,"max_hp_gain":0,"max_hp_loss":0,"event_name":"Nest","floor":22,"gold_loss":0},{"damage_healed":0,"gold_gain":0,"player_choice":"Read","damage_taken":0,"max_hp_gain":0,"max_hp_loss":0,"event_name":"The Library","floor":30,"gold_loss":0,"cards_obtained":["Capacitor"]},{"damage_healed":0,"gold_gain":0,"player_choice":"2 cards matched","damage_taken":0,"max_hp_gain":0,"max_hp_loss":0,"event_name":"Match and Keep!","floor":36,"gold_loss":0,"cards_obtained":["Zap","Jack Of All Trades"]},{"cards_removed":["Cold Snap"],"damage_healed":0,"gold_gain":0,"player_choice":"Removed Attack","damage_taken":0,"max_hp_gain":0,"max_hp_loss":0,"event_name":"Falling","floor":44,"gold_loss":0},{"damage_healed":0,"gold_gain":0,"player_choice":"Leave","damage_taken":0,"max_hp_gain":0,"max_hp_loss":0,"event_name":"FaceTrader","floor":45,"gold_loss":0}],"is_beta":false,"boss_relics":[{"not_picked":["Runic Dome","Fusion Hammer"],"picked":"Astrolabe"},{"not_picked":["Calling Bell","Busted Crown"],"picked":"Cursed Key"}],"items_purged_floors":[27,38],"is_endless":false,"potions_floor_spawned":[1,4,16,20,29,31,39,42,47,48],"killed_by":"The Heart","ascension_level":0}