{"gold_per_floor":[109,109,129,25,100,100,117,117,117,167,187,216,216,141,141,215,215,215,6,0,0,0,0,0,0,0,0,0,0,0,0,0,0,0,0,0,0,0,0,0,0,0,0,0,0,0,0,0,0,0],"floor_reached":50,"playtime":3697,"items_purged":["Strike_G"],"score":1112,"play_id":"7e67f753-16ec-4486-81e9-1a6ca34a347f","local_time":"20190204175851","is_ascension_mode":true,"campfire_choices":[{"floor":6,"key":"REST"},{"floor":8,"key":"REST"},{"floor":13,"key":"REST"},{"floor":15,"key":"REST"},{"floor":23,"key":"REST"},{"floor":25,"key":"REST"},{"floor":29,"key":"REST"},{"floor":32,"key":"REST"},{"floor":40,"key":"REST"},{"floor":42,"key":"REST"},{"floor":45,"key":"REST"},{"floor":49,"key":"REST"}],"neow_cost":"NONE","seed_source_timestamp":261503546079500,"circlet_count":0,"master_deck":["AscendersBane","Defend_G+1","Defend_G+1","Defend_G+1","Defend_G+1","Defend_G+1","Strike_G+1","Strike_G+1","Strike_G+1","Strike_G+1","Survivor","Neutralize","Poisoned Stab","Escape Plan","Dagger Throw","Well Laid Plans","Underhanded Strike","Acrobatics","Corpse Explosion","Expertise","Cloak And Dagger","After Image","Phantasmal Killer","Leg Sweep","Predator","Die Die Die","Backflip","Predator","Storm of Steel","Footwork+1","Dash","Calculated Gamble","Dodge and Roll"],"special_seed":0,"relics":["Fusion Hammer","Kunai","Snake Skull","Ectoplasm","TwistedFunnel","Potion Belt","Question Card","Darkstone Periapt","Turnip","Snecko Eye","Art of War","Mercury Hourglass","Bottled Lightning"],"potions_floor_usage":[12,21,27,33,38,50,50,50],"damage_taken":[{"damage":6,"enemies":"2 Louse","floor":1,"turns":4},{"damage":0,"enemies":"Cultist","floor":3,"turns":4},{"damage":4,"enemies":"Jaw Worm","floor":7,"turns":4},{"damage":0,"enemies":"2 Fungi Beasts","floor":11,"turns":3},{"damage":6,"enemies":"Lagavulin","floor":12,"turns":6},{"damage":27,"enemies":"Slime Boss","floor":16,"turns":18},{"damage":9,"enemies":"Shell Parasite","floor":18,"turns":7},{"damage":2,"enemies":"2 Thieves","floor":20,"turns":4},{"damage":15,"enemies":"Shelled Parasite and Fungi","floor":21,"turns":4},{"damage":13,"enemies":"Slavers","floor":24,"turns":3},{"damage":24,"enemies":"Book of Stabbing","floor":27,"turns":5},{"damage":25,"enemies":"Slavers","floor":31,"turns":4},{"damage":10,"enemies":"Collector","floor":33,"turns":13},{"damage":0,"enemies":"3 Shapes","floor":35,"turns":2},{"damage":12,"enemies":"Orb Walker","floor":36,"turns":5},{"damage":23,"enemies":"3 Darklings","floor":38,"turns":6},{"damage":3,"enemies":"Sphere and 2 Shapes","floor":39,"turns":5},{"damage":8,"enemies":"Nemesis","floor":41,"turns":9},{"damage":0,"enemies":"Maw","floor":44,"turns":7},{"damage":6,"enemies":"Giant Head","floor":46,"turns":8},{"damage":0,"enemies":"Transient","floor":47,"turns":6},{"damage":71,"enemies":"Time Eater","floor":50,"turns":17}],"seed_played":"-4731352919023589273","potions_obtained":[{"floor":7,"key":"FearPotion"},{"floor":11,"key":"Weak Potion"},{"floor":12,"key":"Explosive Potion"},{"floor":24,"key":"Poison Potion"},{"floor":31,"key":"SteroidPotion"},{"floor":33,"key":"Block Potion"},{"floor":41,"key":"Weak Potion"},{"floor":44,"key":"GamblersBrew"},{"floor":46,"key":"Swift Potion"}],"is_trial":false,"path_per_floor":["M","?","M","$","?","R","M","R","T","?","M","E","R","$","R","B",null,"M","$","M","M","?","R","E","R","T","E","$","R","$","E","R","B",null,"M","M","?","M","M","R","E","R","T","M","R","E","M","?","R","B"],"character_chosen":"THE_SILENT","items_purchased":["Dagger Throw","Well Laid Plans","TwistedFunnel"],"campfire_rested":12,"item_purchase_floors":[4,4,19],"current_hp_per_floor":[53,33,33,33,22,41,37,56,56,56,56,50,66,66,66,39,59,50,50,48,33,33,52,39,58,58,34,34,53,53,28,47,37,59,59,47,47,24,21,40,32,51,51,51,66,60,60,60,66,0],"gold":0,"neow_bonus":"BOSS_RELIC","is_prod":false,"is_daily":false,"chose_seed":false,"campfire_upgraded":0,"win_rate":0,"timestamp":1549321131,"path_taken":["M","?","M","$","?","R","M","R","T","?","M","E","R","$","R","BOSS","M","?","?","M","?","R","E","R","T","E","$","R","?","E","R","BOSS","M","M","?","?","M","R","E","R","T","M","R","E","M","?","R","BOSS"],"build_version":"2019-01-23","purchased_purges":1,"victory":false,"max_hp_per_floor":[66,66,66,66,66,66,66,66,66,66,66,66,66,66,66,66,66,66,66,66,66,66,66,66,66,66,66,66,66,66,66,66,66,66,66,66,66,66,66,66,66,66,66,66,66,66,66,66,66,66],"card_choices":[{"not_picked":["Bane","Blade Dance"],"picked":"Poisoned Stab","floor":1},{"not_picked":["Infinite Blades","Heel Hook"],"picked":"Escape Plan","floor":3},{"not_picked":["Outmaneuver","Sucker Punch"],"picked":"Underhanded Strike","floor":7},{"not_picked":["Quick Slash","All Out Attack"],"picked":"Acrobatics","floor":11},{"not_picked":["Flying Knee","Well Laid Plans","Caltrops"],"picked":"SKIP","floor":12},{"not_picked":["Storm of Steel","Doppelganger"],"picked":"Corpse Explosion","floor":16},{"not_picked":["Dagger Throw","Footwork"],"picked":"Expertise","floor":18},{"not_picked":["Sucker Punch","Underhanded Strike"],"picked":"Cloak And Dagger","floor":20},{"not_picked":["Blade Dance","Dagger Throw"],"picked":"After Image","floor":21},{"not_picked":["Setup","Deadly Poison"],"picked":"Phantasmal Killer","floor":24},{"not_picked":["Deadly Poison","Flechettes+1","Acrobatics"],"picked":"Leg Sweep","floor":27},{"not_picked":["Blur","Deadly Poison","Heel Hook"],"picked":"Predator","floor":31},{"not_picked":["Phantasmal Killer","Bullet Time","Tools of the Trade"],"picked":"Die Die Die","floor":33},{"not_picked":["Dagger Throw","Sucker Punch","Outmaneuver"],"picked":"Backflip","floor":35},{"not_picked":["Sucker Punch","Poisoned Stab","Slice+1"],"picked":"Predator","floor":36},{"not_picked":["Flechettes+1","Prepared","Choke+1"],"picked":"Storm of Steel","floor":38},{"not_picked":["Finisher+1","Slice","Eviscerate"],"picked":"Footwork+1","floor":39},{"not_picked":["A Thousand Cuts","Finisher","Poisoned Stab"],"picked":"Dash","floor":41},{"not_picked":["Masterful Stab+1","Choke","Blade Dance+1"],"picked":"Calculated Gamble","floor":44},{"not_picked":["Acrobatics","Flying Knee","Blade Dance","Quick Slash+1"],"picked":"SKIP","floor":46},{"not_picked":["Riddle With Holes","Deflect+1","PiercingWail"],"picked":"Dodge and Roll","floor":47}],"player_experience":2016640,"relics_obtained":[{"floor":9,"key":"Kunai"},{"floor":12,"key":"Snake Skull"},{"floor":24,"key":"Potion Belt"},{"floor":26,"key":"Question Card"},{"floor":27,"key":"Darkstone Periapt"},{"floor":31,"key":"Turnip"},{"floor":41,"key":"Art of War"},{"floor":43,"key":"Mercury Hourglass"},{"floor":46,"key":"Bottled Lightning"}],"event_choices":[{"damage_healed":0,"gold_gain":0,"player_choice":"Entered Light","damage_taken":20,"max_hp_gain":0,"max_hp_loss":0,"event_name":"Shining Light","floor":2,"gold_loss":0,"cards_upgraded":["Strike_G","Defend_G"]},{"damage_healed":0,"gold_gain":75,"player_choice":"Gather Gold","damage_taken":11,"max_hp_gain":0,"max_hp_loss":0,"event_name":"World of Goop","floor":5,"gold_loss":0},{"damage_healed":0,"gold_gain":50,"player_choice":"Pray","damage_taken":0,"max_hp_gain":0,"max_hp_loss":0,"event_name":"Golden Shrine","floor":10,"gold_loss":0},{"damage_healed":0,"gold_gain":0,"player_choice":"Simplicity","damage_taken":0,"max_hp_gain":0,"max_hp_loss":0,"event_name":"Back to Basics","floor":22,"gold_loss":0,"cards_upgraded":["Defend_G","Defend_G","Defend_G","Defend_G","Strike_G","Strike_G","Strike_G"]},{"damage_healed":0,"gold_gain":50,"player_choice":"Pray","damage_taken":0,"max_hp_gain":0,"max_hp_loss":0,"event_name":"Golden Shrine","floor":37,"gold_loss":0},{"damage_healed":0,"gold_gain":0,"player_choice":"Leave","damage_taken":0,"max_hp_gain":0,"max_hp_loss":0,"event_name":"FaceTrader","floor":48,"gold_loss":0}],"is_beta":true,"boss_relics":[{"not_picked":["White Beast Statue","HoveringKite"],"picked":"Ectoplasm"},{"not_picked":["Runic Pyramid","Velvet Choker"],"picked":"Snecko Eye"}],"items_purged_floors":[14],"is_endless":false,"potions_floor_spawned":[7,11,12,24,31,33,41,44,46,47],"killed_by":"Time Eater","ascension_level":20}