{"gold_per_floor":[119,131,142,142,58,58,84,101,101,101,101,127,42,83,83,177,177,195,195,195,195,215,215,248,248,248,271,271,291,314,339,339,339],"floor_reached":33,"playtime":4595,"items_purged":[],"score":650,"play_id":"b287e76d-3ca1-4e02-807a-2db8589d787c","local_time":"20190130215159","is_ascension_mode":true,"campfire_choices":[{"data":"Inflame","floor":6.0,"key":"SMITH"},{"data":"Hemokinesis","floor":11.0,"key":"SMITH"},{"data":"Evolve","floor":15.0,"key":"SMITH"},{"floor":23.0,"key":"REST"},{"data":"Armaments","floor":25.0,"key":"SMITH"},{"floor":28.0,"key":"REST"},{"floor":32,"key":"REST"}],"neow_cost":"NONE","seed_source_timestamp":1577205591509356,"circlet_count":0,"master_deck":["AscendersBane","Strike_R","Strike_R","Strike_R","Strike_R","Strike_R","Defend_R","Defend_R","Defend_R","Defend_R","Bash+1","Iron Wave","Inflame+1","Fiend Fire+1","Metallicize","Headbutt","Hemokinesis+1","Evolve+1","Whirlwind+1","Feed+1","Armaments+1","Seeing Red","Shrug It Off+1","Offering+1","Flame Barrier+1"],"special_seed":0,"relics":["Burning Blood","Question Card","Molten Egg 2","Golden Idol","Odd Mushroom","Darkstone Periapt","Runic Pyramid","Toxic Egg 2","Charon\u0027s Ashes"],"potions_floor_usage":[31],"damage_taken":[{"damage":7.0,"enemies":"Small Slimes","floor":1.0,"turns":3.0},{"damage":9.0,"enemies":"Jaw Worm","floor":2.0,"turns":6.0},{"damage":0.0,"enemies":"2 Louse","floor":3.0,"turns":3.0},{"damage":26.0,"enemies":"3 Sentries","floor":7.0,"turns":9.0},{"damage":13.0,"enemies":"Large Slime","floor":8.0,"turns":6.0},{"damage":2.0,"enemies":"The Mushroom Lair","floor":12.0,"turns":4.0},{"damage":7.0,"enemies":"Gremlin Nob","floor":14.0,"turns":3.0},{"damage":2.0,"enemies":"Slime Boss","floor":16.0,"turns":4.0},{"damage":25.0,"enemies":"2 Thieves","floor":18.0,"turns":4.0},{"damage":30.0,"enemies":"Colosseum Slavers","floor":19.0,"turns":8.0},{"damage":7.0,"enemies":"Spheric Guardian","floor":22.0,"turns":3.0},{"damage":29.0,"enemies":"Book of Stabbing","floor":24.0,"turns":3.0},{"damage":12.0,"enemies":"Snake Plant","floor":27.0,"turns":3.0},{"damage":16.0,"enemies":"Cultist and Chosen","floor":29.0,"turns":5.0},{"damage":11,"enemies":"3 Cultists","floor":30,"turns":4},{"damage":8,"enemies":"Snake Plant","floor":31,"turns":2},{"damage":83,"enemies":"Automaton","floor":33,"turns":10}],"seed_played":"3343024794828415754","potions_obtained":[{"floor":2.0,"key":"Fire Potion"},{"floor":8.0,"key":"Block Potion"},{"floor":12.0,"key":"Explosive Potion"},{"floor":18.0,"key":"SteroidPotion"},{"floor":24.0,"key":"FearPotion"},{"floor":31,"key":"FearPotion"}],"is_trial":false,"path_per_floor":["M","M","M","?","$","R","E","M","T","?","R","?","$","E","R","B",null,"M","?","?","?","M","R","E","R","T","M","R","M","M","M","R","B"],"character_chosen":"IRONCLAD","items_purchased":["Metallicize","Whirlwind+1"],"campfire_rested":3,"item_purchase_floors":[5,13],"current_hp_per_floor":[67,64,70,70,70,70,50,43,43,43,43,47,47,46,46,50,64,45,21,35,35,34,54,31,31,31,25,45,39,38,40,64,0],"gold":339,"neow_bonus":"UPGRADE_CARD","is_prod":false,"is_daily":false,"chose_seed":false,"campfire_upgraded":4,"win_rate":0,"timestamp":1548845519,"path_taken":["M","M","M","?","$","R","E","M","T","?","R","?","?","E","R","BOSS","M","?","?","?","M","R","E","R","T","M","R","?","M","M","R","BOSS"],"build_version":"2019-01-23","purchased_purges":0,"victory":false,"max_hp_per_floor":[75,75,75,75,75,75,75,75,75,68,68,68,68,68,68,68,68,68,68,68,68,68,68,68,68,68,68,68,72,76,80,80,80],"card_choices":[{"not_picked":["Second Wind","Heavy Blade"],"picked":"Iron Wave","floor":1.0},{"not_picked":["Flex","True Grit"],"picked":"Inflame","floor":2.0},{"not_picked":["Clash","Seeing Red"],"picked":"Fiend Fire","floor":3.0},{"not_picked":["Armaments","Body Slam"],"picked":"Headbutt","floor":7.0},{"not_picked":["Warcry","True Grit","Wild Strike"],"picked":"Hemokinesis","floor":8.0},{"not_picked":["Infernal Blade","True Grit","Clash+1"],"picked":"Evolve","floor":12.0},{"not_picked":["Body Slam+1","Rage","Sever Soul+1","Entrench"],"picked":"SKIP","floor":14.0},{"not_picked":["Berserk","Dark Embrace","Limit Break"],"picked":"Feed+1","floor":16.0},{"not_picked":["Havoc","Flex+1","Clash+1"],"picked":"Armaments","floor":18.0},{"not_picked":["Twin Strike+1","Warcry","Body Slam+1"],"picked":"Seeing Red","floor":22.0},{"not_picked":["Dual Wield","True Grit","Searing Blow+1"],"picked":"Shrug It Off","floor":24.0},{"not_picked":["Ghostly Armor+1","Perfected Strike+1","Thunderclap+1"],"picked":"Offering+1","floor":27.0},{"not_picked":["Second Wind+1","Rupture","Headbutt+1","Warcry+1"],"picked":"SKIP","floor":29},{"not_picked":["Perfected Strike+1","Thunderclap+1","Pommel Strike+1"],"picked":"Flame Barrier+1","floor":30},{"not_picked":["Iron Wave+1","Pummel+1","Cleave+1","Evolve"],"picked":"SKIP","floor":31}],"player_experience":671983,"relics_obtained":[{"floor":7.0,"key":"Question Card"},{"floor":9.0,"key":"Molten Egg 2"},{"floor":12.0,"key":"Odd Mushroom"},{"floor":14.0,"key":"Darkstone Periapt"},{"floor":24.0,"key":"Toxic Egg 2"},{"floor":26.0,"key":"Charon\u0027s Ashes"}],"event_choices":[{"damage_healed":0.0,"max_hp_gain":0.0,"max_hp_loss":0.0,"gold_gain":0.0,"event_name":"Living Wall","player_choice":"Grow","floor":4.0,"gold_loss":0.0,"damage_taken":0.0,"cards_upgraded":["Fiend Fire"]},{"damage_healed":0.0,"max_hp_gain":0.0,"max_hp_loss":7.0,"gold_gain":0.0,"event_name":"Golden Idol","player_choice":"Lose Max HP","floor":10.0,"gold_loss":0.0,"damage_taken":0.0,"relics_obtained":["Golden Idol"]},{"damage_healed":0.0,"max_hp_gain":0.0,"max_hp_loss":0.0,"gold_gain":0.0,"event_name":"Mushrooms","player_choice":"Fought Mushrooms","floor":12.0,"gold_loss":0.0,"damage_taken":0.0},{"damage_healed":0.0,"max_hp_gain":0.0,"max_hp_loss":0.0,"gold_gain":0.0,"event_name":"Colosseum","player_choice":"Fight","floor":19.0,"gold_loss":0.0,"damage_taken":0.0},{"damage_healed":0.0,"max_hp_gain":0.0,"max_hp_loss":0.0,"gold_gain":0.0,"event_name":"Colosseum","player_choice":"Fled From Nobs","floor":19.0,"gold_loss":0.0,"damage_taken":0.0},{"damage_healed":14.0,"max_hp_gain":0.0,"max_hp_loss":0.0,"gold_gain":0.0,"event_name":"The Library","player_choice":"Heal","floor":20.0,"gold_loss":0.0,"damage_taken":0.0},{"damage_healed":0.0,"max_hp_gain":0.0,"max_hp_loss":0.0,"gold_gain":0.0,"event_name":"Lab","player_choice":"Got Potions","floor":21.0,"gold_loss":0.0,"damage_taken":0.0}],"is_beta":false,"boss_relics":[{"not_picked":["Eternal Feather","Cursed Key"],"picked":"Runic Pyramid"}],"items_purged_floors":[],"is_endless":false,"potions_floor_spawned":[2,8,12,18,24,31],"killed_by":"Automaton","ascension_level":20}