{"gold_per_floor":[113,126,126,301,312,331,331,366,414,446,458,482,494,506,518,630,642,664,688,799,830,731,757,775,799,845,862,872,872,899,912,912,1012,1012,1032,1032,1049,1068,1068,1068,1097,1022,1022,1033,1033,1033,797,808,808,808],"floor_reached":51,"playtime":3747,"items_purged":["Writhe","Double Energy"],"score":826,"play_id":"def3cc54-0e1a-4908-94b9-4df885c48edd","local_time":"20180906223202","daily_mods":["Draft","Heirloom"],"is_ascension_mode":false,"campfire_choices":[{"data":"Scrape","floor":7,"key":"SMITH"},{"data":"Beam Cell","floor":11,"key":"SMITH"},{"data":"Go for the Eyes","floor":13,"key":"SMITH"},{"data":"Coolheaded","floor":15,"key":"SMITH"},{"data":"Hyperbeam","floor":29,"key":"SMITH"},{"data":"FTL","floor":32,"key":"SMITH"},{"data":"Reboot","floor":40,"key":"SMITH"},{"data":"1","floor":46,"key":"LIFT"},{"data":"2","floor":49,"key":"LIFT"}],"neow_cost":"","seed_source_timestamp":1747086504302,"circlet_count":0,"master_deck":["Gash","Stack","Conserve Battery+1","Gash","Conserve Battery","Scrape+1","Gash+1","Steam","Gash","Coolheaded+1","Gash","Beam Cell+1","Beam Cell+1","Stack","Gash","Gash","Stack","Steam","Glacier+1","Go for the Eyes+1","Hyperbeam+1","Go for the Eyes+1","Gash+1","Beam Cell+1","FTL+1","All For One","Reboot+1","Beam Cell+1","Conserve Battery+1","Coolheaded+1","Steam","Stack","All For One"],"relics":["Cracked Core","Incense Burner","Pantograph","MawBank","Empty Cage","Whetstone","Art of War","War Paint","Happy Flower","Lizard Tail","Unceasing Top","Ornamental Fan","Girya"],"potions_floor_usage":[29],"damage_taken":[{"damage":0,"enemies":"2 Louse","floor":1,"turns":2},{"damage":0,"enemies":"Small Slimes","floor":2,"turns":2},{"damage":0,"enemies":"Jaw Worm","floor":5,"turns":3},{"damage":0,"enemies":"3 Louse","floor":6,"turns":3},{"damage":1,"enemies":"Gremlin Nob","floor":8,"turns":3},{"damage":12,"enemies":"Exordium Wildlife","floor":10,"turns":3},{"damage":2,"enemies":"Large Slime","floor":12,"turns":5},{"damage":13,"enemies":"Hexaghost","floor":16,"turns":6},{"damage":0,"enemies":"Spheric Guardian","floor":18,"turns":3},{"damage":7,"enemies":"Shell Parasite","floor":19,"turns":3},{"damage":21,"enemies":"Snake Plant","floor":21,"turns":4},{"damage":6,"enemies":"Book of Stabbing","floor":23,"turns":3},{"damage":0,"enemies":"Cultist and Chosen","floor":24,"turns":5},{"damage":2,"enemies":"3 Cultists","floor":27,"turns":3},{"damage":12,"enemies":"Snake Plant","floor":28,"turns":4},{"damage":0,"enemies":"Cultist and Chosen","floor":31,"turns":5},{"damage":16,"enemies":"Automaton","floor":33,"turns":7},{"damage":11,"enemies":"3 Darklings","floor":35,"turns":3},{"damage":4,"enemies":"Orb Walker","floor":37,"turns":2},{"damage":16,"enemies":"Maw","floor":38,"turns":6},{"damage":14,"enemies":"2 Orb Walkers","floor":41,"turns":2},{"damage":0,"enemies":"Transient","floor":44,"turns":5},{"damage":0,"enemies":"Mind Bloom Boss Battle","floor":45,"turns":3},{"damage":7,"enemies":"4 Shapes","floor":48,"turns":3},{"damage":0,"enemies":"Donu and Deca","floor":50,"turns":4}],"seed_played":"3206365537831181258","potions_obtained":[{"floor":2,"key":"GamblersBrew"},{"floor":10,"key":"Swift Potion"},{"floor":12,"key":"Regen Potion"},{"floor":19,"key":"Regen Potion"},{"floor":28,"key":"Fruit Juice"},{"floor":33,"key":"SteroidPotion"}],"is_trial":true,"path_per_floor":["M","M","?","?","M","M","R","E","T","M","R","M","R","?","R","B",null,"M","M","?","M","$","E","M","T","T","M","M","R","T","M","R","B",null,"M","?","M","M","?","R","E","$","T","M","?","R","$","M","R","B"],"character_chosen":"DEFECT","items_purchased":["Self Repair","FTL","All For One"],"campfire_rested":0,"item_purchase_floors":[22,22,47],"current_hp_per_floor":[75,75,75,75,75,75,75,74,74,62,62,60,60,60,60,62,75,75,68,68,47,47,48,48,48,48,46,41,46,46,53,53,69,80,69,69,65,49,69,69,55,55,55,55,80,80,80,73,73,80],"gold":808,"neow_bonus":"","is_prod":false,"is_daily":false,"chose_seed":false,"campfire_upgraded":7,"win_rate":0,"timestamp":1536240722,"path_taken":["M","M","?","?","M","M","R","E","T","M","R","M","R","?","R","BOSS","M","M","?","?","?","E","M","?","T","?","M","R","?","?","R","BOSS","M","?","?","M","?","R","E","?","T","M","?","R","$","M","R","BOSS"],"build_version":"2018-09-04-v2","purchased_purges":2,"victory":true,"max_hp_per_floor":[75,75,75,75,75,75,75,75,75,75,75,75,75,75,75,75,75,75,75,75,75,75,75,75,75,75,75,75,80,80,80,80,80,80,80,80,80,80,80,80,80,80,80,80,80,80,80,80,80,80],"card_choices":[{"not_picked":["Blizzard","Cold Snap"],"picked":"Gash","floor":0},{"not_picked":["Chaos","Barrage"],"picked":"Stack","floor":0},{"not_picked":["Rip and Tear","Redo"],"picked":"Conserve Battery","floor":0},{"not_picked":["Storm","Redo"],"picked":"Gash","floor":0},{"not_picked":["Ball Lightning","Cold Snap"],"picked":"Conserve Battery","floor":0},{"not_picked":["Ball Lightning","Storm"],"picked":"Cold Snap","floor":0},{"not_picked":["Hologram","Blizzard"],"picked":"Scrape","floor":0},{"not_picked":["Stack","Steam"],"picked":"Gash","floor":0},{"not_picked":["Rebound","Ball Lightning"],"picked":"Steam","floor":0},{"not_picked":["Sweeping Beam","Stack"],"picked":"Gash","floor":0},{"not_picked":["Turbo","Ball Lightning"],"picked":"Coolheaded","floor":0},{"not_picked":["Lockon","Rip and Tear"],"picked":"Double Energy","floor":0},{"not_picked":["Steam","Reprogram"],"picked":"Gash","floor":0},{"not_picked":["Streamline","Hello World"],"picked":"Beam Cell","floor":0},{"not_picked":["Turbo","Skim"],"picked":"Beam Cell","floor":0},{"not_picked":["Redo","Leap"],"picked":"Stack","floor":1},{"not_picked":["Double Energy","Beam Cell"],"picked":"Gash","floor":2},{"not_picked":["Loop","Stack"],"picked":"Gash","floor":5},{"not_picked":["Cold Snap","Ball Lightning"],"picked":"Stack","floor":6},{"not_picked":["Auto Shields","Multi-Cast"],"picked":"Steam","floor":8},{"not_picked":["Rebound","Barrage"],"picked":"Glacier","floor":10},{"not_picked":["Fusion","Cold Snap"],"picked":"Go for the Eyes","floor":12},{"not_picked":["Electrodynamics","Amplify"],"picked":"Hyperbeam","floor":16},{"not_picked":["Rip and Tear","Leap"],"picked":"Go for the Eyes","floor":18},{"not_picked":["Reinforced Body","Beam Cell"],"picked":"Gash+1","floor":19},{"not_picked":["Cold Snap","Capacitor"],"picked":"Beam Cell+1","floor":21},{"not_picked":["Conserve Battery","Seek"],"picked":"All For One","floor":23},{"not_picked":["Heatsinks","Coolheaded","Streamline"],"picked":"SKIP","floor":24},{"not_picked":["Undo+1","Barrage","Double Energy"],"picked":"SKIP","floor":27},{"not_picked":["Ball Lightning+1","Undo","Defragment"],"picked":"SKIP","floor":28},{"not_picked":["Amplify","Barrage","Aggregate+1"],"picked":"SKIP","floor":31},{"not_picked":["Meteor Strike","Machine Learning"],"picked":"Reboot","floor":33},{"not_picked":["Compile Driver","Leap+1"],"picked":"Beam Cell+1","floor":35},{"not_picked":["Reprogram","Recycle"],"picked":"Conserve Battery+1","floor":37},{"not_picked":["Fusion","Streamline+1"],"picked":"Coolheaded+1","floor":38},{"not_picked":["Loop+1","Rip and Tear"],"picked":"Steam","floor":41},{"not_picked":["Conserve Battery","White Noise"],"picked":"Stack","floor":44},{"not_picked":["Rip and Tear","Barrage","Cold Snap+1"],"picked":"SKIP","floor":48}],"player_experience":392772,"relics_obtained":[{"floor":8,"key":"Pantograph"},{"floor":9,"key":"MawBank"},{"floor":23,"key":"Whetstone"},{"floor":25,"key":"Art of War"},{"floor":26,"key":"War Paint"},{"floor":30,"key":"Happy Flower"},{"floor":41,"key":"Unceasing Top"},{"floor":43,"key":"Ornamental Fan"},{"floor":45,"key":"Girya"}],"event_choices":[{"event_name":"The Cleric","player_choice":"Leave","floor":3,"damage_taken":0},{"event_name":"Liars Game","player_choice":"agreed","floor":4,"damage_taken":0},{"event_name":"Living Wall","player_choice":"Grow","floor":14,"damage_taken":0},{"event_name":"Nest","player_choice":"Stole From Cult","floor":20,"damage_taken":0},{"event_name":"Falling","player_choice":"Removed Power","floor":36,"damage_taken":0},{"event_name":"Winding Halls","player_choice":"Writhe","floor":39,"damage_taken":0},{"event_name":"MindBloom","player_choice":"Fight","floor":45,"damage_taken":0}],"is_beta":true,"boss_relics":[{"not_picked":["Calling Bell","Runic Dome"],"picked":"Empty Cage"},{"not_picked":["Nuclear Battery","Runic Pyramid"],"picked":"Lizard Tail"}],"items_purged_floors":[42,47],"is_endless":false,"potions_floor_spawned":[2,10,12,16,19,21,24,28,33,38,45,48],"ascension_level":0}