{"gold_per_floor":[110,260,272,283,41,41,72,72,72,72,91,116,146,165,165,244,244,255,255,272,292,292],"floor_reached":22,"playtime":1543,"items_purged":["Doubt"],"score":396,"play_id":"0825255a-c17b-42b6-b7e3-b738c5f5bb46","local_time":"20181207022654","is_ascension_mode":true,"campfire_choices":[{"data":"Choke","floor":6.0,"key":"SMITH"},{"data":"Neutralize","floor":8.0,"key":"SMITH"},{"floor":15,"key":"REST"}],"neow_cost":"NONE","seed_source_timestamp":424228306123000,"circlet_count":0,"master_deck":["AscendersBane","Defend_G","Defend_G","Defend_G","Defend_G","Defend_G","Strike_G+1","Strike_G","Strike_G","Strike_G","Strike_G","Survivor","Neutralize+1","Dagger Throw","Cloak And Dagger","Riddle With Holes","Choke+1","Well Laid Plans","Quick Slash","Dagger Spray","Calculated Gamble","Skewer+1","Deflect","Malaise","Sucker Punch+1","Noxious Fumes","Die Die Die"],"special_seed":0,"relics":["Eternal Feather","Tingsha","Bottled Tornado","Whetstone","Fusion Hammer","Nloth\u0027s Gift"],"potions_floor_usage":[10,14,16,18,22],"damage_taken":[{"damage":3.0,"enemies":"Cultist","floor":1.0,"turns":6.0},{"damage":2.0,"enemies":"Jaw Worm","floor":3.0,"turns":5.0},{"damage":1.0,"enemies":"2 Louse","floor":4.0,"turns":2.0},{"damage":35.0,"enemies":"Gremlin Nob","floor":7.0,"turns":5.0},{"damage":0,"enemies":"Gremlin Gang","floor":10,"turns":1},{"damage":2,"enemies":"Lots of Slimes","floor":11,"turns":3},{"damage":21,"enemies":"3 Sentries","floor":12,"turns":7},{"damage":3,"enemies":"The Mushroom Lair","floor":13,"turns":3},{"damage":0,"enemies":"Large Slime","floor":14,"turns":2},{"damage":25,"enemies":"Slime Boss","floor":16,"turns":11},{"damage":16,"enemies":"Shell Parasite","floor":18,"turns":5},{"damage":8,"enemies":"Chosen","floor":20,"turns":4},{"damage":18,"enemies":"Snecko","floor":21,"turns":7},{"damage":14,"enemies":"Snake Plant","floor":22,"turns":3}],"seed_played":"-2991196146883040121","potions_obtained":[{"floor":1.0,"key":"SpeedPotion"},{"floor":3.0,"key":"Ancient Potion"},{"floor":7.0,"key":"SmokeBomb"},{"floor":12,"key":"AttackPotion"},{"floor":16,"key":"Weak Potion"},{"floor":20,"key":"GamblersBrew"}],"is_trial":false,"path_per_floor":["M","?","M","M","$","R","E","R","T","M","M","E","?","M","R","B",null,"M","?","M","M","M"],"character_chosen":"THE_SILENT","items_purchased":["Choke","Well Laid Plans","Quick Slash"],"campfire_rested":1,"item_purchase_floors":[5,5,5],"current_hp_per_floor":[56,56,54,53,53,62,27,39,39,39,37,16,13,13,44,19,54,38,38,30,12,0],"gold":292,"neow_bonus":"BOSS_RELIC","is_prod":false,"is_daily":false,"chose_seed":false,"campfire_upgraded":2,"win_rate":0,"timestamp":1544167614,"path_taken":["M","?","M","M","$","R","E","R","T","M","M","E","?","M","R","BOSS","M","?","?","M","?"],"build_version":"2018-11-15","purchased_purges":1,"victory":false,"max_hp_per_floor":[66,66,66,66,66,66,66,66,66,66,66,66,66,66,66,66,66,66,66,66,66,66],"card_choices":[{"not_picked":["Acrobatics","Riddle With Holes"],"picked":"Dagger Throw","floor":1.0},{"not_picked":["Underhanded Strike","Venomology"],"picked":"Cloak And Dagger","floor":3.0},{"not_picked":["Outmaneuver","Distraction"],"picked":"Riddle With Holes","floor":4.0},{"not_picked":["Slice","Prepared"],"picked":"Dagger Spray","floor":7.0},{"not_picked":["Masterful Stab","Dagger Spray"],"picked":"Calculated Gamble","floor":11},{"not_picked":["Prepared","Predator"],"picked":"Skewer","floor":12},{"not_picked":["Predator","Accuracy"],"picked":"Deflect","floor":13},{"not_picked":["Backstab","Deflect","Endless Agony"],"picked":"SKIP","floor":14},{"not_picked":["Adrenaline","Glass Knife"],"picked":"Malaise","floor":16},{"not_picked":["Slice","Underhanded Strike"],"picked":"Sucker Punch+1","floor":18},{"not_picked":["Catalyst","Calculated Gamble"],"picked":"Noxious Fumes","floor":20},{"not_picked":["Deflect","Calculated Gamble"],"picked":"Die Die Die","floor":21}],"player_experience":1767734,"relics_obtained":[{"floor":7.0,"key":"Tingsha"},{"floor":9.0,"key":"Bottled Tornado"},{"floor":12,"key":"Whetstone"},{"floor":13,"key":"Odd Mushroom"}],"event_choices":[{"damage_healed":0.0,"max_hp_gain":0.0,"max_hp_loss":0.0,"gold_gain":150.0,"event_name":"Liars Game","player_choice":"AGREE","floor":2.0,"gold_loss":0.0,"damage_taken":0.0,"cards_obtained":["Doubt"]},{"damage_healed":0,"gold_gain":0,"player_choice":"Fought Mushrooms","damage_taken":0,"max_hp_gain":0,"max_hp_loss":0,"event_name":"Mushrooms","floor":13,"gold_loss":0},{"damage_healed":0,"gold_gain":0,"player_choice":"Traded Relic","damage_taken":0,"relics_obtained":["Nloth\u0027s Gift"],"max_hp_gain":0,"max_hp_loss":0,"event_name":"N\u0027loth","floor":19,"relics_lost":["Odd Mushroom"],"gold_loss":0}],"is_beta":true,"boss_relics":[{"not_picked":["Velvet Choker","WristBlade"],"picked":"Fusion Hammer"}],"items_purged_floors":[5],"is_endless":false,"potions_floor_spawned":[1,3,7,10,12,16,20],"killed_by":"Snake Plant","ascension_level":20}