{"gold_per_floor":[119,119,119,95,370,370,399,72,146,160,195,209,229,244,244,349,349,367,367,292,309,326,357,357,357,357,357,374,374,72,72,72,72],"floor_reached":33,"playtime":3520,"items_purged":[],"score":273,"play_id":"c066e117-c1e8-4dd8-a29a-448832589434","local_time":"20190108143229","is_ascension_mode":false,"campfire_choices":[{"data":"Armaments","floor":6,"key":"SMITH"},{"data":"1","floor":15,"key":"LIFT"},{"floor":24,"key":"REST"},{"floor":27,"key":"REST"},{"data":"2","floor":29,"key":"LIFT"},{"floor":32,"key":"REST"}],"neow_cost":"NONE","seed_source_timestamp":642161690600149,"circlet_count":0,"master_deck":["Strike_R","Strike_R","Strike_R","Defend_R","Defend_R","Defend_R","Defend_R","Bash","Warcry","Armaments+1","Shrug It Off","Regret","Sentinel","Clothesline","Iron Wave","Rampage","Iron Wave","Brutality","Body Slam","True Grit","Anger","Shame","Shrug It Off","Deep Breath"],"relics":["Burning Blood","Unceasing Top","Girya","Blue Candle","Bottled Lightning","Cursed Key","Kunai","Torii","TheAbacus"],"potions_floor_usage":[],"damage_taken":[{"damage":1,"enemies":"Cultist","floor":1,"turns":4},{"damage":19,"enemies":"Lagavulin","floor":7,"turns":9},{"damage":1,"enemies":"Small Slimes","floor":10,"turns":5},{"damage":35,"enemies":"3 Sentries","floor":11,"turns":12},{"damage":1,"enemies":"2 Louse","floor":12,"turns":3},{"damage":12,"enemies":"Lots of Slimes","floor":13,"turns":7},{"damage":1,"enemies":"Blue Slaver","floor":14,"turns":5},{"damage":44,"enemies":"Hexaghost","floor":16,"turns":14},{"damage":6,"enemies":"Shell Parasite","floor":18,"turns":6},{"damage":19,"enemies":"2 Thieves","floor":21,"turns":5},{"damage":15,"enemies":"Centurion and Healer","floor":22,"turns":8},{"damage":62,"enemies":"Book of Stabbing","floor":23,"turns":9},{"damage":35,"enemies":"Sentry and Sphere","floor":28,"turns":8},{"damage":69,"enemies":"Collector","floor":33,"turns":7}],"seed_played":"-1555479399013723822","potions_obtained":[{"floor":10,"key":"Swift Potion"},{"floor":14,"key":"Energy Potion"},{"floor":18,"key":"Fire Potion"}],"is_trial":false,"path_per_floor":["M","$","?","$","?","R","E","$","T","M","E","M","M","M","R","B",null,"M","?","?","M","M","E","R","?","T","R","M","R","$","$","R","B"],"character_chosen":"IRONCLAD","items_purchased":["Shrug It Off","Girya","Clothesline","TheAbacus","Deep Breath"],"campfire_rested":3,"item_purchase_floors":[4,8,8,30,30],"current_hp_per_floor":[88,88,88,88,88,88,75,75,75,80,51,56,50,55,55,17,88,88,88,88,75,66,10,36,36,36,62,33,33,33,33,59,0],"gold":72,"neow_bonus":"TEN_PERCENT_HP_BONUS","is_prod":false,"is_daily":false,"chose_seed":false,"campfire_upgraded":1,"win_rate":0.0,"timestamp":1546954349,"path_taken":["M","?","?","$","?","R","E","$","T","M","E","?","M","M","R","BOSS","M","?","?","M","M","E","R","?","T","R","M","R","?","$","R","BOSS"],"build_version":"2019-01-03v4","purchased_purges":0,"victory":false,"max_hp_per_floor":[88,88,88,88,88,88,88,88,88,88,88,88,88,88,88,88,88,88,88,88,88,88,88,88,88,88,88,88,88,88,88,88,88],"card_choices":[{"not_picked":["Heavy Blade","Flame Barrier"],"picked":"Warcry","floor":1},{"not_picked":["Combust","Inflame"],"picked":"Sentinel","floor":7},{"not_picked":["Rupture","Bloodletting"],"picked":"Iron Wave","floor":10},{"not_picked":["Combust","Iron Wave","Infernal Blade"],"picked":"SKIP","floor":11},{"not_picked":["Dual Wield","Warcry","Havoc"],"picked":"SKIP","floor":12},{"not_picked":["Iron Wave","Anger"],"picked":"Rampage","floor":13},{"not_picked":["Cleave","Heavy Blade"],"picked":"Iron Wave","floor":14},{"not_picked":["Fiend Fire","Berserk"],"picked":"Brutality","floor":16},{"not_picked":["Second Wind","Sword Boomerang+1"],"picked":"Body Slam","floor":18},{"not_picked":["True Grit","Flex","Warcry"],"picked":"SKIP","floor":21},{"not_picked":["Pummel","True Grit"],"picked":"Anger","floor":22},{"not_picked":["Flex","Wild Strike+1","Heavy Blade+1"],"picked":"SKIP","floor":23},{"not_picked":["Iron Wave","Armaments+1"],"picked":"Shrug It Off","floor":28}],"player_experience":124587,"relics_obtained":[{"floor":7,"key":"Unceasing Top"},{"floor":9,"key":"Blue Candle"},{"floor":11,"key":"Bottled Lightning"},{"floor":23,"key":"Kunai"},{"floor":26,"key":"Torii"}],"event_choices":[{"damage_healed":0,"gold_gain":0,"cards_transformed":["Strike_R"],"player_choice":"Change","damage_taken":0,"max_hp_gain":0,"max_hp_loss":0,"event_name":"Living Wall","floor":3,"gold_loss":0,"cards_obtained":["Armaments"]},{"damage_healed":0,"gold_gain":275,"player_choice":"Desecrate","damage_taken":0,"max_hp_gain":0,"max_hp_loss":0,"event_name":"Golden Shrine","floor":5,"gold_loss":0,"cards_obtained":["Regret"]},{"damage_healed":0,"gold_gain":0,"player_choice":"Read","damage_taken":0,"max_hp_gain":0,"max_hp_loss":0,"event_name":"The Library","floor":19,"gold_loss":0,"cards_obtained":["True Grit"]},{"cards_removed":["Strike_R"],"damage_healed":0,"gold_gain":0,"player_choice":"Gave Gold","damage_taken":0,"max_hp_gain":0,"max_hp_loss":0,"event_name":"Beggar","floor":20,"gold_loss":75},{"damage_healed":0,"gold_gain":0,"player_choice":"Ignored","damage_taken":0,"max_hp_gain":0,"max_hp_loss":0,"event_name":"Vampires","floor":25,"gold_loss":0}],"is_beta":false,"boss_relics":[{"not_picked":["Tiny House","Empty Cage"],"picked":"Cursed Key"}],"items_purged_floors":[],"is_endless":false,"potions_floor_spawned":[10,14,18,22],"killed_by":"Collector","ascension_level":0}