{"gold_per_floor":[117,117,117,132,150,150,75,75,129,56,69,80,110,110,110,231,231,256,256,280,32,55,94,94,133,156,181,181,181,181,18,18,148,148,162,22,22,22,36,36,80,80,80,103,25,48,68,112,112,112],"floor_reached":50,"playtime":3607,"items_purged":["Pain","Strike_B"],"score":579,"play_id":"be521b1c-9868-4dab-92cf-826bcbb4c001","local_time":"20181125105138","is_ascension_mode":true,"campfire_choices":[{"data":"Zap","floor":6,"key":"SMITH"},{"floor":8,"key":"RECALL"},{"floor":15,"key":"REST"},{"floor":24,"key":"REST"},{"floor":30,"key":"REST"},{"floor":32,"key":"REST"},{"floor":40,"key":"REST"},{"data":"Buffer","floor":42,"key":"SMITH"},{"floor":49,"key":"REST"}],"neow_cost":"CURSE","seed_source_timestamp":645910304518716,"circlet_count":0,"master_deck":["Strike_B+1","Defend_B","Defend_B","Defend_B","Defend_B","Zap+1","Dualcast","Electrodynamics","Conserve Battery","Coolheaded","Ball Lightning+1","Capacitor","BootSequence","Creative AI","Reboot","Ball Lightning+1","Glacier","Reinforced Body+1","Consume+1","Clumsy","White Noise+1","Amplify+1","Seek+1","Double Energy+1","Buffer+1","Go for the Eyes","Self Repair","Parasite","Parasite","Sunder","Chill+1","Meteor Strike"],"relics":["Cracked Core","Mango","Pantograph","Golden Idol","Cursed Key","DataDisk","Strawberry","Toxic Egg 2","Juzu Bracelet","Velvet Choker","Whetstone","Turnip","Anchor"],"potions_floor_usage":[16,18,41,48,48,50],"damage_taken":[{"damage":5,"enemies":"Cultist","floor":1,"turns":3},{"damage":3,"enemies":"Small Slimes","floor":4,"turns":3},{"damage":7,"enemies":"2 Louse","floor":5,"turns":2},{"damage":0,"enemies":"2 Fungi Beasts","floor":11,"turns":2},{"damage":0,"enemies":"Large Slime","floor":12,"turns":3},{"damage":60,"enemies":"Hexaghost","floor":16,"turns":9},{"damage":15,"enemies":"3 Byrds","floor":18,"turns":3},{"damage":18,"enemies":"2 Thieves","floor":20,"turns":4},{"damage":11,"enemies":"Centurion and Healer","floor":22,"turns":5},{"damage":11,"enemies":"Book of Stabbing","floor":23,"turns":9},{"damage":17,"enemies":"Slavers","floor":25,"turns":2},{"damage":22,"enemies":"3 Cultists","floor":27,"turns":5},{"damage":7,"enemies":"Champ","floor":33,"turns":6},{"damage":29,"enemies":"Orb Walker","floor":35,"turns":4},{"damage":8,"enemies":"3 Shapes","floor":39,"turns":4},{"damage":9,"enemies":"Giant Head","floor":41,"turns":7},{"damage":0,"enemies":"Writhing Mass","floor":44,"turns":5},{"damage":19,"enemies":"Maw","floor":46,"turns":7},{"damage":0,"enemies":"3 Darklings","floor":47,"turns":5},{"damage":55,"enemies":"Reptomancer","floor":48,"turns":9},{"damage":97,"enemies":"Time Eater","floor":50,"turns":15}],"seed_played":"7226743524823303200","potions_obtained":[{"floor":1,"key":"Ancient Potion"},{"floor":11,"key":"SkillPotion"},{"floor":12,"key":"Ancient Potion"},{"floor":16,"key":"FocusPotion"},{"floor":22,"key":"Poison Potion"},{"floor":23,"key":"SpeedPotion"},{"floor":25,"key":"FearPotion"},{"floor":33,"key":"Ancient Potion"},{"floor":41,"key":"SteroidPotion"},{"floor":48,"key":"Regen Potion"}],"is_trial":false,"path_per_floor":["M","T","?","M","M","R","$","R","T","$","M","M","?","?","R","B",null,"M","?","M","$","M","E","R","E","T","M","?","?","R","$","R","B",null,"M","$","?","?","M","R","E","R","T","M","$","M","M","E","R","B"],"character_chosen":"DEFECT","items_purchased":["Capacitor","DataDisk","Amplify+1","Buffer","Sunder"],"campfire_rested":6,"item_purchase_floors":[10,21,31,36,45],"current_hp_per_floor":[70,84,84,81,74,74,74,74,74,74,74,74,74,52,78,29,89,74,74,56,56,45,41,69,52,52,30,30,30,58,58,86,89,96,67,67,67,67,59,87,78,78,78,85,85,73,80,25,53,0],"gold":112,"neow_bonus":"THREE_RARE_CARDS","is_prod":false,"is_daily":false,"chose_seed":false,"campfire_upgraded":2,"win_rate":0,"timestamp":1543161098,"path_taken":["M","?","?","?","M","R","$","R","T","$","M","M","?","?","R","BOSS","M","?","M","$","M","E","R","E","T","M","?","?","R","?","R","BOSS","M","$","?","?","M","R","E","R","T","M","$","M","M","E","R","BOSS"],"build_version":"2018-11-15","purchased_purges":2,"victory":false,"max_hp_per_floor":[75,89,89,89,89,89,89,89,89,89,89,89,89,89,89,89,89,89,89,89,89,89,96,96,96,96,96,96,96,96,96,96,96,96,96,96,96,96,96,96,96,96,96,96,96,96,96,96,96,96],"card_choices":[{"not_picked":["Hyperbeam","Amplify"],"picked":"Electrodynamics","floor":0},{"not_picked":["Sweeping Beam","Compile Driver"],"picked":"Conserve Battery","floor":1},{"not_picked":["Blizzard","Conserve Battery"],"picked":"Coolheaded","floor":4},{"not_picked":["Beam Cell","Streamline"],"picked":"Ball Lightning","floor":5},{"not_picked":["Capacitor","Doom and Gloom"],"picked":"BootSequence","floor":11},{"not_picked":["Blizzard","Redo"],"picked":"Creative AI","floor":12},{"not_picked":["Electrodynamics","Rainbow"],"picked":"Reboot","floor":16},{"not_picked":["Turbo+1","Barrage"],"picked":"Ball Lightning+1","floor":18},{"not_picked":["Gash","Streamline","Tempest"],"picked":"SKIP","floor":20},{"not_picked":["Gash","Scrape","Redo+1"],"picked":"SKIP","floor":22},{"not_picked":["Compile Driver","Cold Snap"],"picked":"Reinforced Body","floor":23},{"not_picked":["Recycle","Heatsinks+1"],"picked":"Consume+1","floor":25},{"not_picked":["Steam+1","Turbo+1"],"picked":"White Noise+1","floor":27},{"not_picked":["All For One","Rainbow+1"],"picked":"Seek+1","floor":33},{"not_picked":["Lockon","Sweeping Beam"],"picked":"Double Energy+1","floor":35},{"not_picked":["Leap+1","Chaos+1"],"picked":"Go for the Eyes","floor":39},{"not_picked":["Barrage+1","Steam+1"],"picked":"Self Repair","floor":41},{"not_picked":["Rebound","Static Discharge","Glacier+1"],"picked":"SKIP","floor":44},{"not_picked":["Glacier+1","Conserve Battery+1"],"picked":"Chill+1","floor":46},{"not_picked":["Blizzard","Beam Cell+1","Rebound+1"],"picked":"SKIP","floor":47},{"not_picked":["Go for the Eyes+1","Rebound"],"picked":"Meteor Strike","floor":48}],"player_experience":642603,"relics_obtained":[{"floor":2,"key":"Mango"},{"floor":23,"key":"Strawberry"},{"floor":25,"key":"Toxic Egg 2"},{"floor":26,"key":"Juzu Bracelet"},{"floor":41,"key":"Whetstone"},{"floor":43,"key":"Turnip"},{"floor":48,"key":"Anchor"}],"event_choices":[{"damage_healed":0,"gold_gain":0,"player_choice":"Gave Potion","damage_taken":0,"relics_obtained":["Pantograph"],"max_hp_gain":0,"max_hp_loss":0,"event_name":"WeMeetAgain","floor":3,"gold_loss":0},{"damage_healed":0,"gold_gain":30,"player_choice":"Searched \u00271\u0027 times","damage_taken":0,"max_hp_gain":0,"max_hp_loss":0,"event_name":"Dead Adventurer","floor":13,"gold_loss":0},{"damage_healed":0,"gold_gain":0,"player_choice":"Take Damage","damage_taken":22,"relics_obtained":["Golden Idol"],"max_hp_gain":0,"max_hp_loss":0,"event_name":"Golden Idol","floor":14,"gold_loss":0},{"damage_healed":0,"gold_gain":0,"player_choice":"Read","damage_taken":0,"max_hp_gain":0,"max_hp_loss":0,"event_name":"The Library","floor":19,"gold_loss":0,"cards_obtained":["Glacier"]},{"damage_healed":0,"gold_gain":0,"player_choice":"Ignored","damage_taken":0,"max_hp_gain":0,"max_hp_loss":0,"event_name":"Cursed Tome","floor":28,"gold_loss":0},{"cards_removed":["Strike_B"],"damage_healed":0,"gold_gain":0,"player_choice":"Elegance","damage_taken":0,"max_hp_gain":0,"max_hp_loss":0,"event_name":"Back to Basics","floor":29,"gold_loss":0},{"damage_healed":0,"gold_gain":0,"player_choice":"Upgraded","damage_taken":0,"max_hp_gain":0,"max_hp_loss":0,"event_name":"Upgrade Shrine","floor":37,"gold_loss":0,"cards_upgraded":["Reinforced Body"]},{"cards_removed":["Strike_B"],"damage_healed":0,"gold_gain":0,"player_choice":"Removed Attack","damage_taken":0,"max_hp_gain":0,"max_hp_loss":0,"event_name":"Falling","floor":38,"gold_loss":0}],"is_beta":false,"boss_relics":[{"not_picked":["FrozenCore","White Beast Statue"],"picked":"Cursed Key"},{"not_picked":["Astrolabe","Runic Dome"],"picked":"Velvet Choker"}],"items_purged_floors":[7,21],"is_endless":false,"potions_floor_spawned":[1,11,12,16,22,23,25,33,41,44,47,48],"killed_by":"Time Eater","ascension_level":1}