{"gold_per_floor":[116,116,135,310,310,310,337,356,428,444,462,472,34,109,109,209,209,228,48,48,48,60,89,89,102,152,152,165,184,201,215,215,315,315,335,351,351,371,391,391,403,403,403,403,419,419,519,530,530,530],"floor_reached":51,"playtime":5317,"items_purged":["Regret","Doubt"],"score":1043,"play_id":"bfb5d861-0313-4086-bd86-8b8f0438cf2d","local_time":"20190131150425","is_ascension_mode":true,"campfire_choices":[{"data":"Neutralize","floor":6,"key":"SMITH"},{"data":"Footwork","floor":15,"key":"SMITH"},{"data":"Footwork","floor":24,"key":"SMITH"},{"data":"Footwork","floor":27,"key":"SMITH"},{"floor":32,"key":"REST"},{"floor":40,"key":"REST"},{"data":"A Thousand Cuts","floor":42,"key":"SMITH"},{"data":"1","floor":46,"key":"LIFT"},{"data":"2","floor":49,"key":"LIFT"}],"neow_cost":"NONE","seed_source_timestamp":96405413534181,"circlet_count":0,"master_deck":["Defend_G+1","Defend_G+1","Defend_G+1","Defend_G+1","Defend_G+1","Strike_G+1","Strike_G+1","Strike_G+1","Strike_G+1","Strike_G+1","Survivor","Neutralize+1","Poisoned Stab","Blade Dance","Footwork+1","Dodge and Roll","Dodge and Roll","Dodge and Roll","Infinite Blades","Blur","Escape Plan","Footwork+1","Backflip+1","Infinite Blades","Bullet Time+1","Crippling Poison+1","Well Laid Plans","Leg Sweep+1","Backflip+1","Blade Dance+1","Acrobatics+1","Footwork+1","Regret","Well Laid Plans","Cloak And Dagger+1","Backflip+1","Blur+1","Dagger Spray+1","Blade Dance+1","Night Terror+1","Blur+1","Blur+1","Backflip+1","Infinite Blades","PiercingWail+1","Leg Sweep+1","A Thousand Cuts+1","Adrenaline+1","PiercingWail+1"],"relics":["Ring of the Snake","NeowsBlessing","Anchor","Prayer Wheel","Bottled Tornado","Toxic Egg 2","Cursed Key","Orichalcum","Girya","Omamori","WristBlade","Mummified Hand","Du-Vu Doll"],"potions_floor_usage":[33,38,50,50,50],"damage_taken":[{"damage":0,"enemies":"Jaw Worm","floor":1,"turns":1},{"damage":0,"enemies":"Small Slimes","floor":3,"turns":1},{"damage":0,"enemies":"Lagavulin","floor":7,"turns":1},{"damage":3,"enemies":"Cultist","floor":8,"turns":4},{"damage":13,"enemies":"3 Louse","floor":10,"turns":5},{"damage":7,"enemies":"2 Fungi Beasts","floor":11,"turns":6},{"damage":4,"enemies":"Exordium Wildlife","floor":12,"turns":9},{"damage":15,"enemies":"Slime Boss","floor":16,"turns":20},{"damage":6,"enemies":"Shell Parasite","floor":18,"turns":9},{"damage":0,"enemies":"Chosen","floor":22,"turns":7},{"damage":0,"enemies":"Gremlin Leader","floor":23,"turns":11},{"damage":7,"enemies":"Sentry and Sphere","floor":25,"turns":8},{"damage":4,"enemies":"Centurion and Healer","floor":28,"turns":8},{"damage":7,"enemies":"Chosen and Byrds","floor":29,"turns":7},{"damage":8,"enemies":"3 Cultists","floor":30,"turns":7},{"damage":3,"enemies":"Shelled Parasite and Fungi","floor":31,"turns":7},{"damage":30,"enemies":"Champ","floor":33,"turns":23},{"damage":8,"enemies":"Orb Walker","floor":35,"turns":4},{"damage":8,"enemies":"3 Darklings","floor":36,"turns":6},{"damage":11,"enemies":"Jaw Worm Horde","floor":38,"turns":6},{"damage":14,"enemies":"Maw","floor":39,"turns":11},{"damage":5,"enemies":"Sphere and 2 Shapes","floor":41,"turns":9},{"damage":4,"enemies":"Spire Growth","floor":45,"turns":8},{"damage":1,"enemies":"Mind Bloom Boss Battle","floor":47,"turns":9},{"damage":1,"enemies":"Writhing Mass","floor":48,"turns":7},{"damage":2,"enemies":"Donu and Deca","floor":50,"turns":8}],"seed_played":"553236795056716500","potions_obtained":[{"floor":1,"key":"Weak Potion"},{"floor":5,"key":"FearPotion"},{"floor":5,"key":"LiquidBronze"},{"floor":5,"key":"LiquidBronze"},{"floor":25,"key":"Ancient Potion"},{"floor":28,"key":"GhostInAJar"},{"floor":33,"key":"Fruit Juice"},{"floor":38,"key":"SteroidPotion"},{"floor":41,"key":"Weak Potion"},{"floor":47,"key":"Dexterity Potion"},{"floor":48,"key":"Strength Potion"}],"is_trial":false,"path_per_floor":["M","?","M","?","?","R","E","M","T","M","M","M","$","?","R","B",null,"M","$","?","?","M","E","R","M","T","R","M","M","M","M","R","B",null,"M","M","?","M","M","R","M","R","T","?","M","R","?","M","R","B",null],"character_chosen":"THE_SILENT","items_purchased":["Toxic Egg 2","Backflip+1","Infinite Blades","Well Laid Plans"],"campfire_rested":2,"item_purchase_floors":[13,13,13,19],"current_hp_per_floor":[63,63,63,63,63,63,63,60,60,47,40,36,36,25,25,10,55,49,49,49,49,49,49,49,42,42,42,38,31,23,20,41,16,60,52,44,44,33,19,40,35,35,35,62,58,58,57,56,56,54],"gold":530,"neow_bonus":"THREE_ENEMY_KILL","is_prod":false,"is_daily":false,"chose_seed":false,"campfire_upgraded":5,"win_rate":0,"timestamp":1548914665,"path_taken":["M","?","M","?","?","R","E","M","T","M","M","?","$","?","R","BOSS","M","$","?","?","?","E","R","M","T","R","M","M","?","M","R","BOSS","M","M","?","M","M","R","M","R","T","?","M","R","?","M","R","BOSS"],"build_version":"2019-01-23","purchased_purges":2,"victory":true,"max_hp_per_floor":[70,70,70,70,70,70,70,70,70,70,70,70,70,70,70,70,70,70,70,70,70,70,70,70,70,70,70,70,70,70,70,70,75,75,75,75,71,71,71,71,71,71,71,62,62,62,62,62,62,62],"card_choices":[{"not_picked":["Reflex","Dagger Throw"],"picked":"Poisoned Stab","floor":1},{"not_picked":["Bane","Flechettes"],"picked":"Blade Dance","floor":3},{"not_picked":["Deadly Poison","Eviscerate"],"picked":"Footwork","floor":7},{"not_picked":["Quick Slash","Poisoned Stab"],"picked":"Dodge and Roll","floor":8},{"not_picked":["Riddle With Holes","Concentrate"],"picked":"Dodge and Roll","floor":8},{"not_picked":["Dagger Spray","Tactician"],"picked":"Dodge and Roll","floor":10},{"not_picked":["Deadly Poison","Flechettes"],"picked":"Infinite Blades","floor":10},{"not_picked":["Backflip","Backstab"],"picked":"Blur","floor":11},{"not_picked":["Flying Knee","Slice","Quick Slash"],"picked":"SKIP","floor":11},{"not_picked":["Endless Agony","Blade Dance"],"picked":"Escape Plan","floor":12},{"not_picked":["Backflip","Prepared"],"picked":"Footwork","floor":12},{"not_picked":["Doppelganger+1","Venomology+1"],"picked":"Bullet Time+1","floor":16},{"not_picked":["Choke","PiercingWail+1"],"picked":"Crippling Poison+1","floor":18},{"not_picked":["Endless Agony","Underhanded Strike","Outmaneuver+1"],"picked":"SKIP","floor":18},{"not_picked":["Blur+1","Heel Hook"],"picked":"Leg Sweep+1","floor":22},{"not_picked":["Bouncing Flask+1","Endless Agony+1"],"picked":"Backflip+1","floor":22},{"not_picked":["Acrobatics+1","Dagger Throw+1"],"picked":"Blade Dance+1","floor":23},{"not_picked":["Blade Dance+1","Underhanded Strike"],"picked":"Acrobatics+1","floor":25},{"not_picked":["Riddle With Holes","Blur+1"],"picked":"Footwork","floor":25},{"not_picked":["Dodge and Roll+1","Poisoned Stab+1"],"picked":"Well Laid Plans","floor":28},{"not_picked":["Prepared+1","Dagger Spray+1"],"picked":"Cloak And Dagger+1","floor":28},{"not_picked":["PiercingWail+1","Well Laid Plans"],"picked":"Backflip+1","floor":29},{"not_picked":["Outmaneuver+1","Setup+1","Prepared+1"],"picked":"SKIP","floor":29},{"not_picked":["Setup+1","Backflip+1"],"picked":"Blur+1","floor":30},{"not_picked":["Backstab+1","Deadly Poison+1"],"picked":"Dagger Spray+1","floor":30},{"not_picked":["Skewer","Caltrops+1"],"picked":"Blade Dance+1","floor":31},{"not_picked":["Bouncing Flask+1","Predator","Prepared+1"],"picked":"SKIP","floor":31},{"not_picked":["Bullet Time+1","Venomology+1"],"picked":"Night Terror+1","floor":33},{"not_picked":["Infinite Blades","Underhanded Strike+1"],"picked":"Blur+1","floor":35},{"not_picked":["Dodge and Roll+1","Slice+1"],"picked":"Blur+1","floor":35},{"not_picked":["Flechettes+1","Outmaneuver+1"],"picked":"Backflip+1","floor":36},{"not_picked":["Bane","Catalyst+1","Dagger Throw+1"],"picked":"SKIP","floor":36},{"not_picked":["Choke+1","Die Die Die","Deadly Poison+1"],"picked":"SKIP","floor":38},{"not_picked":["Dagger Spray","Dagger Throw","Prepared+1"],"picked":"SKIP","floor":38},{"not_picked":["Deadly Poison+1","Noxious Fumes"],"picked":"Infinite Blades","floor":39},{"not_picked":["Setup+1","Tactician+1"],"picked":"PiercingWail+1","floor":39},{"not_picked":["Slice","Quick Slash"],"picked":"Leg Sweep+1","floor":41},{"not_picked":["Prepared+1","Bane"],"picked":"A Thousand Cuts","floor":41},{"not_picked":["Deflect+1","Masterful Stab+1","Concentrate+1"],"picked":"SKIP","floor":45},{"not_picked":["Catalyst+1","Bane","Flying Knee+1"],"picked":"SKIP","floor":45},{"not_picked":["Deflect+1","Prepared+1"],"picked":"Adrenaline+1","floor":47},{"not_picked":["Dagger Spray","Dash"],"picked":"PiercingWail+1","floor":48},{"not_picked":["Caltrops","Blade Dance+1","Predator+1"],"picked":"SKIP","floor":48}],"player_experience":863589,"relics_obtained":[{"floor":7,"key":"Prayer Wheel"},{"floor":9,"key":"Bottled Tornado"},{"floor":23,"key":"Girya"},{"floor":26,"key":"Omamori"},{"floor":43,"key":"Mummified Hand"},{"floor":47,"key":"Du-Vu Doll"}],"event_choices":[{"damage_healed":0,"gold_gain":0,"player_choice":"Box","damage_taken":0,"relics_obtained":["Anchor"],"max_hp_gain":0,"max_hp_loss":0,"event_name":"Big Fish","floor":2,"gold_loss":0,"cards_obtained":["Regret"]},{"damage_healed":0,"gold_gain":175,"player_choice":"AGREE","damage_taken":0,"max_hp_gain":0,"max_hp_loss":0,"event_name":"Liars Game","floor":4,"gold_loss":0,"cards_obtained":["Doubt"]},{"damage_healed":0,"gold_gain":0,"player_choice":"Got Potions","damage_taken":0,"max_hp_gain":0,"max_hp_loss":0,"event_name":"Lab","floor":5,"gold_loss":0},{"damage_healed":0,"gold_gain":75,"player_choice":"Gather Gold","damage_taken":11,"max_hp_gain":0,"max_hp_loss":0,"event_name":"World of Goop","floor":14,"gold_loss":0},{"damage_healed":0,"gold_gain":0,"player_choice":"Simplicity","damage_taken":0,"max_hp_gain":0,"max_hp_loss":0,"event_name":"Back to Basics","floor":20,"gold_loss":0,"cards_upgraded":["Defend_G","Defend_G","Defend_G","Defend_G","Defend_G","Strike_G","Strike_G","Strike_G","Strike_G","Strike_G"]},{"damage_healed":0,"gold_gain":0,"player_choice":"Gave Potion","damage_taken":0,"relics_obtained":["Orichalcum"],"max_hp_gain":0,"max_hp_loss":0,"event_name":"WeMeetAgain","floor":21,"gold_loss":0},{"damage_healed":0,"gold_gain":0,"player_choice":"Max HP","damage_taken":0,"max_hp_gain":0,"max_hp_loss":4,"event_name":"Winding Halls","floor":37,"gold_loss":0},{"damage_healed":62,"gold_gain":0,"player_choice":"Heal","damage_taken":0,"max_hp_gain":0,"max_hp_loss":9,"event_name":"The Moai Head","floor":44,"gold_loss":0},{"damage_healed":0,"gold_gain":0,"player_choice":"Fight","damage_taken":0,"max_hp_gain":0,"max_hp_loss":0,"event_name":"MindBloom","floor":47,"gold_loss":0}],"is_beta":false,"boss_relics":[{"not_picked":["Busted Crown","Eternal Feather"],"picked":"Cursed Key"},{"not_picked":["Calling Bell","HoveringKite"],"picked":"WristBlade"}],"items_purged_floors":[13,19],"is_endless":false,"potions_floor_spawned":[1,7,11,25,28,30,31,33,38,41,47,48],"ascension_level":6}