{"gold_per_floor":[212,225,73,88,102,137,137,18,18,39,67,83,103,123,123,228,228,238,258,258,173,42,42,42,71,97,97,112,128,147,147,147,251,251,264,264,277,295,295,329,343,353,377,388,388,414,427,427,427,427],"floor_reached":50,"playtime":2459,"items_purged":["Strike_R"],"score":538,"play_id":"a14635df-5ba7-43f6-9555-cec0f6c5669b","local_time":"20190207004446","is_ascension_mode":false,"campfire_choices":[{"data":"Flame Barrier","floor":15,"key":"SMITH"},{"data":"Inflame","floor":24,"key":"SMITH"},{"floor":32,"key":"REST"},{"floor":45,"key":"REST"},{"floor":49,"key":"REST"}],"neow_cost":"NONE","seed_source_timestamp":576516968224003,"circlet_count":0,"master_deck":["Strike_R","Strike_R","Strike_R","Defend_R","Defend_R","Defend_R","Defend_R","Bash","Iron Wave","Armaments","Headbutt","Inflame+1","Flame Barrier+1","Rampage","Shrug It Off","Battle Trance","Heavy Blade+1","Seeing Red","Immolate+1","Armaments+1","Whirlwind+1","Shockwave","Infernal Blade+1","Clothesline+1","Barricade","Spot Weakness+1","Battle Trance","Shrug It Off+1","Iron Wave+1"],"relics":["Black Blood","Dead Branch","Mercury Hourglass","Odd Mushroom","Molten Egg 2","Dodecahedron","Enchiridion","Omamori","Blood Vial","Busted Crown","Strawberry","Vajra"],"potions_floor_usage":[10,10,11,16,16,25,28,29,29,33,40,41,44,47,50,50],"damage_taken":[{"damage":1,"enemies":"Cultist","floor":1,"turns":3},{"damage":5,"enemies":"Small Slimes","floor":2,"turns":4},{"damage":0,"enemies":"Jaw Worm","floor":4,"turns":3},{"damage":4,"enemies":"Exordium Wildlife","floor":5,"turns":3},{"damage":26,"enemies":"3 Sentries","floor":6,"turns":10},{"damage":19,"enemies":"The Mushroom Lair","floor":10,"turns":3},{"damage":23,"enemies":"Lagavulin","floor":11,"turns":7},{"damage":0,"enemies":"Looter","floor":12,"turns":3},{"damage":1,"enemies":"Large Slime","floor":13,"turns":5},{"damage":0,"enemies":"Red Slaver","floor":14,"turns":4},{"damage":5,"enemies":"Slime Boss","floor":16,"turns":5},{"damage":22,"enemies":"2 Thieves","floor":18,"turns":4},{"damage":11,"enemies":"Spheric Guardian","floor":19,"turns":4},{"damage":26,"enemies":"Gremlin Leader","floor":25,"turns":3},{"damage":16,"enemies":"Centurion and Healer","floor":28,"turns":3},{"damage":6,"enemies":"Snake Plant","floor":29,"turns":4},{"damage":0,"enemies":"3 Cultists","floor":30,"turns":3},{"damage":10,"enemies":"Colosseum Slavers","floor":31,"turns":4},{"damage":37,"enemies":"Collector","floor":33,"turns":9},{"damage":0,"enemies":"3 Shapes","floor":35,"turns":2},{"damage":5,"enemies":"Orb Walker","floor":37,"turns":2},{"damage":17,"enemies":"Spire Growth","floor":38,"turns":4},{"damage":35,"enemies":"Nemesis","floor":40,"turns":7},{"damage":0,"enemies":"Jaw Worm Horde","floor":41,"turns":2},{"damage":20,"enemies":"Sphere and 2 Shapes","floor":42,"turns":4},{"damage":28,"enemies":"Transient","floor":44,"turns":5},{"damage":67,"enemies":"Reptomancer","floor":46,"turns":6},{"damage":17,"enemies":"3 Darklings","floor":47,"turns":3},{"damage":69,"enemies":"Awakened One","floor":50,"turns":9}],"seed_played":"-5812077519287872392","potions_obtained":[{"floor":1,"key":"FearPotion"},{"floor":4,"key":"Poison Potion"},{"floor":5,"key":"FearPotion"},{"floor":11,"key":"SkillPotion"},{"floor":13,"key":"FearPotion"},{"floor":14,"key":"Dexterity Potion"},{"floor":19,"key":"SteroidPotion"},{"floor":25,"key":"FearPotion"},{"floor":28,"key":"Swift Potion"},{"floor":29,"key":"LiquidBronze"},{"floor":37,"key":"BloodPotion"},{"floor":38,"key":"Fire Potion"},{"floor":41,"key":"SteroidPotion"},{"floor":44,"key":"SteroidPotion"},{"floor":47,"key":"Regen Potion"}],"is_trial":false,"path_per_floor":["M","M","$","M","M","E","?","$","T","?","E","M","M","M","R","B",null,"M","M","?","?","$","?","R","E","T","?","M","M","M","?","R","B",null,"M","?","M","M","?","E","M","M","T","M","R","E","M","?","R","B"],"character_chosen":"IRONCLAD","items_purchased":["Armaments","Headbutt","Flame Barrier","Rampage","PowerPotion","Whirlwind+1"],"campfire_rested":3,"item_purchase_floors":[3,3,8,8,22,22],"current_hp_per_floor":[80,80,80,80,80,60,53,53,53,40,23,29,34,40,40,41,80,68,67,67,67,67,51,51,35,35,35,31,37,49,51,75,50,80,80,80,80,73,73,57,69,61,61,45,71,16,19,19,45,0],"gold":427,"neow_bonus":"HUNDRED_GOLD","is_prod":false,"is_daily":false,"chose_seed":false,"campfire_upgraded":2,"win_rate":0,"timestamp":1549518286,"path_taken":["M","M","$","?","M","E","?","$","T","?","E","M","M","M","R","BOSS","M","M","?","?","$","?","R","E","T","?","M","?","M","?","R","BOSS","M","?","M","M","?","E","M","M","T","M","R","E","?","?","R","BOSS"],"build_version":"2019-01-23","purchased_purges":1,"victory":false,"max_hp_per_floor":[80,80,80,80,80,80,80,80,80,80,80,80,80,80,80,80,80,80,80,80,80,80,80,80,80,80,80,80,80,80,80,80,80,80,80,80,80,80,80,87,87,87,87,87,87,87,87,87,87,87],"card_choices":[{"not_picked":["Whirlwind","Corruption"],"picked":"Iron Wave","floor":1},{"not_picked":["Hemokinesis","Entrench","Rupture"],"picked":"SKIP","floor":2},{"not_picked":["Wild Strike","Armaments"],"picked":"Inflame","floor":4},{"not_picked":["Blood for Blood","Fiend Fire","Sever Soul"],"picked":"SKIP","floor":5},{"not_picked":["Ghostly Armor","Pommel Strike"],"picked":"Inflame","floor":6},{"not_picked":["Hemokinesis","Clash"],"picked":"Shrug It Off","floor":10},{"not_picked":["Dual Wield","Impervious","Hemokinesis"],"picked":"SKIP","floor":11},{"not_picked":["Dropkick+1","Iron Wave+1"],"picked":"Battle Trance","floor":12},{"not_picked":["Armaments","Rupture"],"picked":"Heavy Blade+1","floor":13},{"not_picked":["Inflame","Evolve"],"picked":"Seeing Red","floor":14},{"not_picked":["Barricade","Exhume"],"picked":"Immolate+1","floor":16},{"not_picked":["Headbutt+1","Body Slam+1","Armaments"],"picked":"SKIP","floor":18},{"not_picked":["Anger+1","Rampage+1"],"picked":"Armaments+1","floor":19},{"not_picked":["Hemokinesis+1","Headbutt+1"],"picked":"Shockwave","floor":25},{"not_picked":["Second Wind","Armaments+1","Inflame"],"picked":"SKIP","floor":28},{"not_picked":["True Grit","Entrench"],"picked":"Infernal Blade+1","floor":29},{"not_picked":["Whirlwind+1","Rampage+1"],"picked":"Clothesline+1","floor":30},{"not_picked":["Limit Break","Juggernaut"],"picked":"Barricade","floor":33},{"not_picked":["Twin Strike+1"],"picked":"SKIP","floor":35},{"not_picked":["Perfected Strike+1"],"picked":"SKIP","floor":37},{"not_picked":[],"picked":"Spot Weakness+1","floor":38},{"not_picked":["Berserk"],"picked":"SKIP","floor":40},{"not_picked":["Pummel+1"],"picked":"SKIP","floor":41},{"not_picked":["Flex+1"],"picked":"SKIP","floor":42},{"not_picked":["Second Wind"],"picked":"SKIP","floor":44},{"not_picked":[],"picked":"Shrug It Off+1","floor":46},{"not_picked":[],"picked":"Iron Wave+1","floor":47}],"player_experience":195018,"relics_obtained":[{"floor":6,"key":"Dead Branch"},{"floor":9,"key":"Mercury Hourglass"},{"floor":10,"key":"Odd Mushroom"},{"floor":11,"key":"Molten Egg 2"},{"floor":23,"key":"Enchiridion"},{"floor":25,"key":"Omamori"},{"floor":26,"key":"Blood Vial"},{"floor":40,"key":"Strawberry"},{"floor":46,"key":"Vajra"}],"event_choices":[{"cards_removed":["Strike_R"],"damage_healed":0,"gold_gain":0,"player_choice":"Card Removal","damage_taken":7,"max_hp_gain":0,"max_hp_loss":0,"event_name":"Golden Wing","floor":7,"gold_loss":0},{"damage_healed":0,"gold_gain":0,"player_choice":"Fought Mushrooms","damage_taken":0,"max_hp_gain":0,"max_hp_loss":0,"event_name":"Mushrooms","floor":10,"gold_loss":0},{"damage_healed":0,"gold_gain":0,"player_choice":"Ignored","damage_taken":0,"max_hp_gain":0,"max_hp_loss":0,"event_name":"Ghosts","floor":20,"gold_loss":0},{"damage_healed":0,"gold_gain":0,"player_choice":"Obtained Relic","damage_taken":0,"relics_obtained":["Dodecahedron"],"max_hp_gain":0,"max_hp_loss":0,"event_name":"Addict","floor":21,"gold_loss":85},{"damage_healed":0,"gold_gain":0,"player_choice":"Obtained Book","damage_taken":16,"max_hp_gain":0,"max_hp_loss":0,"event_name":"Cursed Tome","floor":23,"gold_loss":0},{"damage_healed":0,"gold_gain":0,"player_choice":"Bought 0 Potions","damage_taken":0,"max_hp_gain":0,"max_hp_loss":0,"event_name":"The Woman in Blue","floor":27,"gold_loss":0},{"damage_healed":0,"gold_gain":0,"player_choice":"Fight","damage_taken":0,"max_hp_gain":0,"max_hp_loss":0,"event_name":"Colosseum","floor":31,"gold_loss":0},{"damage_healed":0,"gold_gain":0,"player_choice":"Fled From Nobs","damage_taken":0,"max_hp_gain":0,"max_hp_loss":0,"event_name":"Colosseum","floor":31,"gold_loss":0},{"damage_healed":0,"gold_gain":0,"player_choice":"Ignored","damage_taken":0,"max_hp_gain":0,"max_hp_loss":0,"event_name":"Tomb of Lord Red Mask","floor":36,"gold_loss":0},{"damage_healed":0,"gold_gain":0,"player_choice":"1 cards matched","damage_taken":0,"max_hp_gain":0,"max_hp_loss":0,"event_name":"Match and Keep!","floor":39,"gold_loss":0,"cards_obtained":["Battle Trance"]},{"cards_removed":["Inflame"],"damage_healed":0,"gold_gain":0,"player_choice":"Removed Power","damage_taken":0,"max_hp_gain":0,"max_hp_loss":0,"event_name":"Falling","floor":48,"gold_loss":0}],"is_beta":false,"boss_relics":[{"not_picked":["Pandora\u0027s Box","Black Star"],"picked":"Black Blood"},{"not_picked":["Orrery","White Beast Statue"],"picked":"Busted Crown"}],"items_purged_floors":[3],"is_endless":false,"potions_floor_spawned":[1,4,5,11,13,14,19,25,28,29,37,38,41,44,47],"killed_by":"Awakened One","ascension_level":0}