{"gold_per_floor":[114,129,144,159,174,504,504,519,594,594,594,609,231,246,246,346,346,361,159,174,174,105,135,135,150,150,150],"floor_reached":27,"playtime":2164,"items_purged":["Strike_R","Strike_R"],"score":237,"play_id":"3c3144b1-29b8-43e8-b14d-4bf062d6e63d","local_time":"20181128194550","daily_mods":["Heirloom","Vintage","Lethality"],"is_ascension_mode":false,"campfire_choices":[{"floor":7,"key":"REST"},{"floor":15,"key":"REST"},{"data":"Searing Blow","floor":24,"key":"SMITH"}],"neow_cost":"","seed_source_timestamp":0,"circlet_count":0,"master_deck":["Strike_R","Strike_R+1","Strike_R+1","Defend_R","Defend_R","Bash","Twin Strike","Magnetism","Immolate","Limit Break+1","Discovery+1","Searing Blow+1","Barricade","Cleave","Spot Weakness+1","Regret"],"special_seed":17864,"relics":["Burning Blood","Champion Belt","Juzu Bracelet","Art of War","Smiling Mask","PreservedInsect","Sundial","Old Coin","Regal Pillow","Letter Opener","Question Card","Toxic Egg 2","Whetstone","Cursed Key","Ancient Tea Set","Blood Vial","Bag of Marbles","Centennial Puzzle","Self Forming Clay"],"potions_floor_usage":[5,8,14,14,20,27],"damage_taken":[{"damage":0,"enemies":"Small Slimes","floor":1,"turns":2},{"damage":5,"enemies":"Jaw Worm","floor":2,"turns":2},{"damage":4,"enemies":"Cultist","floor":3,"turns":3},{"damage":22,"enemies":"Gremlin Gang","floor":4,"turns":5},{"damage":14,"enemies":"Large Slime","floor":5,"turns":4},{"damage":31,"enemies":"Lagavulin","floor":6,"turns":4},{"damage":23,"enemies":"Lots of Slimes","floor":8,"turns":4},{"damage":0,"enemies":"2 Fungi Beasts","floor":12,"turns":2},{"damage":0,"enemies":"Red Slaver","floor":14,"turns":2},{"damage":19,"enemies":"Slime Boss","floor":16,"turns":5},{"damage":23,"enemies":"Spheric Guardian","floor":18,"turns":4},{"damage":34,"enemies":"2 Thieves","floor":20,"turns":4},{"damage":35,"enemies":"Book of Stabbing","floor":23,"turns":3},{"damage":8,"enemies":"Sentry and Sphere","floor":25,"turns":3},{"damage":26,"enemies":"Snake Plant","floor":27,"turns":2}],"seed_played":"-1070048214907055713","potions_obtained":[{"floor":2,"key":"Poison Potion"},{"floor":4,"key":"FearPotion"},{"floor":5,"key":"Dexterity Potion"},{"floor":12,"key":"Energy Potion"},{"floor":18,"key":"Regen Potion"},{"floor":25,"key":"PowerPotion"}],"is_trial":false,"path_per_floor":["M","M","M","M","M","E","R","M","T","?","?","M","$","M","R","B",null,"M","$","M","?","$","E","R","M","T","M"],"character_chosen":"IRONCLAD","items_purchased":["Magnetism","Immolate","Discovery+1","Searing Blow","Spot Weakness+1"],"campfire_rested":2,"item_purchase_floors":[13,13,19,19,22],"current_hp_per_floor":[80,80,80,64,56,31,55,38,38,38,38,44,44,50,80,67,80,63,63,47,47,47,20,20,20,20,0],"gold":150,"neow_bonus":"","is_prod":false,"is_daily":true,"chose_seed":false,"campfire_upgraded":1,"win_rate":0,"timestamp":1543452350,"path_taken":["M","M","M","M","M","E","R","M","T","?","?","M","$","M","R","BOSS","M","$","M","?","$","E","R","M","T","M"],"build_version":"2018-11-15","purchased_purges":2,"victory":false,"max_hp_per_floor":[80,80,80,80,80,80,80,80,80,80,80,80,80,80,80,80,80,80,80,80,80,80,80,80,80,80,80],"card_choices":[{"not_picked":["Anger","Clothesline"],"picked":"Perfected Strike","floor":6},{"not_picked":["Berserk","Exhume+1","Offering+1"],"picked":"Limit Break+1","floor":16},{"not_picked":["Battle Trance+1","Armaments+1","Hemokinesis","Body Slam"],"picked":"SKIP","floor":23}],"player_experience":653816,"relics_obtained":[{"floor":1,"key":"Juzu Bracelet"},{"floor":2,"key":"Art of War"},{"floor":3,"key":"Smiling Mask"},{"floor":4,"key":"PreservedInsect"},{"floor":5,"key":"Sundial"},{"floor":6,"key":"Old Coin"},{"floor":8,"key":"Regal Pillow"},{"floor":9,"key":"Letter Opener"},{"floor":12,"key":"Toxic Egg 2"},{"floor":14,"key":"Whetstone"},{"floor":18,"key":"Ancient Tea Set"},{"floor":20,"key":"Blood Vial"},{"floor":23,"key":"Bag of Marbles"},{"floor":25,"key":"Centennial Puzzle"},{"floor":26,"key":"Self Forming Clay"}],"event_choices":[{"damage_healed":0,"gold_gain":0,"cards_transformed":["Defend_R"],"player_choice":"Change","damage_taken":0,"max_hp_gain":0,"max_hp_loss":0,"event_name":"Living Wall","floor":10,"gold_loss":0,"cards_obtained":["Twin Strike"]},{"damage_healed":0,"gold_gain":0,"player_choice":"Searched \u00271\u0027 times","damage_taken":0,"relics_obtained":["Question Card"],"max_hp_gain":0,"max_hp_loss":0,"event_name":"Dead Adventurer","floor":11,"gold_loss":0},{"damage_healed":0,"gold_gain":0,"cards_transformed":["Defend_R","Perfected Strike"],"player_choice":"Became Test Subject","damage_taken":0,"max_hp_gain":0,"max_hp_loss":0,"event_name":"Drug Dealer","floor":21,"gold_loss":0,"cards_obtained":["Barricade","Cleave"]}],"is_beta":false,"boss_relics":[{"not_picked":["Runic Pyramid","Eternal Feather"],"picked":"Cursed Key"}],"items_purged_floors":[13,19],"is_endless":false,"potions_floor_spawned":[2,4,5,12,18,25],"killed_by":"Snake Plant","ascension_level":0}