{"gold_per_floor":[216,117,137,64,82,82,114,114,188,214,214,233,14,49,49,153,203,213,428,95,95,95,127,139,139,139,12,12,12,12,38,38,139,139,150,46,46,7,7,7,7,27,27,27,54,81,181,206,206,206],"floor_reached":51,"playtime":5100,"items_purged":["Strike_G","Strike_G"],"score":1164,"play_id":"abdefe78-1861-44b8-b909-cf95f27dae96","local_time":"20190209012541","is_ascension_mode":true,"campfire_choices":[{"data":"Neutralize","floor":6,"key":"SMITH"},{"data":"Footwork","floor":8,"key":"SMITH"},{"data":"Adrenaline","floor":11,"key":"SMITH"},{"data":"Well Laid Plans","floor":15,"key":"SMITH"},{"floor":25,"key":"REST"},{"floor":29,"key":"REST"},{"floor":32,"key":"REST"},{"data":"Burst","floor":40,"key":"SMITH"},{"data":"Malaise","floor":44,"key":"SMITH"},{"floor":49,"key":"REST"}],"neow_cost":"NONE","seed_source_timestamp":706132672881166,"circlet_count":0,"master_deck":["AscendersBane","Defend_G+1","Defend_G+1","Defend_G+1","Defend_G+1","Defend_G+1","Strike_G+1","Strike_G+1","Strike_G+1","Survivor","Neutralize+1","Noxious Fumes","Deadly Poison","Footwork+1","Flying Knee","Bouncing Flask","Adrenaline+1","PiercingWail","Well Laid Plans+1","Poisoned Stab","Riddle With Holes","Malaise+1","Terror","Dagger Spray","RitualDagger","Prepared+1","A Thousand Cuts+1","After Image+1","Corpse Explosion","Burst+1","Predator+1","Sadistic Nature+1","Cloak And Dagger","Deflect","Backflip","Bouncing Flask","Wraith Form v2+1","Backstab","Sucker Punch+1","PiercingWail+1"],"relics":["Ring of the Snake","Lantern","Gambling Chip","Pantograph","Juzu Bracelet","Oddly Smooth Stone","Tiny House","Old Coin","Membership Card","Question Card","Mummified Hand","Frozen Egg 2","Gremlin Horn","Happy Flower","Sozu","Pear","Centennial Puzzle","Du-Vu Doll","Ninja Scroll"],"potions_floor_usage":[7,14,23,23,23,24],"damage_taken":[{"damage":0,"enemies":"Jaw Worm","floor":1,"turns":5},{"damage":0,"enemies":"Cultist","floor":3,"turns":4},{"damage":0,"enemies":"2 Louse","floor":5,"turns":2},{"damage":7,"enemies":"Gremlin Nob","floor":7,"turns":4},{"damage":0,"enemies":"Lagavulin","floor":10,"turns":7},{"damage":1,"enemies":"Blue Slaver","floor":12,"turns":3},{"damage":6,"enemies":"Gremlin Nob","floor":14,"turns":3},{"damage":53,"enemies":"Slime Boss","floor":16,"turns":10},{"damage":12,"enemies":"Chosen","floor":18,"turns":4},{"damage":40,"enemies":"Slavers","floor":23,"turns":7},{"damage":7,"enemies":"Shell Parasite","floor":24,"turns":6},{"damage":4,"enemies":"Gremlin Leader","floor":31,"turns":7},{"damage":13,"enemies":"Automaton","floor":33,"turns":13},{"damage":7,"enemies":"3 Shapes","floor":35,"turns":5},{"damage":0,"enemies":"Orb Walker","floor":42,"turns":3},{"damage":30,"enemies":"Giant Head","floor":46,"turns":7},{"damage":7,"enemies":"Reptomancer","floor":48,"turns":5},{"damage":22,"enemies":"Time Eater","floor":50,"turns":12}],"seed_played":"-6548020271177487270","potions_obtained":[{"floor":3,"key":"Poison Potion"},{"floor":12,"key":"LiquidBronze"},{"floor":16,"key":"Energy Potion"},{"floor":17,"key":"Dexterity Potion"},{"floor":23,"key":"Regen Potion"},{"floor":31,"key":"SmokeBomb"}],"is_trial":false,"path_per_floor":["M","?","M","$","M","R","E","R","T","E","R","M","$","E","R","B",null,"M","?","$","?","T","E","M","R","T","$","?","R","?","E","R","B",null,"M","$","?","$","?","R","$","M","T","R","T","E","?","E","R","B",null],"character_chosen":"THE_SILENT","items_purchased":["Footwork","Well Laid Plans","Poisoned Stab","Fire Potion","Membership Card","Question Card","After Image+1","Sadistic Nature+1","Cloak And Dagger","Deflect","Backflip"],"campfire_rested":4,"item_purchase_floors":[4,13,13,13,20,20,27,36,36,38,38],"current_hp_per_floor":[63,63,63,63,63,63,56,56,56,56,56,55,55,49,49,17,62,50,50,50,44,44,4,12,34,34,34,34,56,56,52,74,62,72,65,65,75,75,75,75,75,75,85,85,85,55,55,48,73,63],"gold":206,"neow_bonus":"HUNDRED_GOLD","is_prod":false,"is_daily":false,"chose_seed":false,"campfire_upgraded":6,"win_rate":0,"timestamp":1549704341,"path_taken":["M","?","M","$","M","R","E","R","T","E","R","M","?","E","R","BOSS","M","?","$","?","?","E","M","R","T","$","?","R","?","E","R","BOSS","M","$","?","$","?","R","$","M","T","R","?","E","?","E","R","BOSS"],"build_version":"2019-01-23","purchased_purges":2,"victory":true,"max_hp_per_floor":[70,70,70,70,70,70,70,70,70,70,70,70,70,70,70,70,75,75,75,75,75,75,75,75,75,75,75,75,75,75,75,75,75,75,75,75,75,75,75,75,75,75,85,85,85,85,85,85,85,85],"card_choices":[{"not_picked":["Acrobatics","Flying Knee"],"picked":"Noxious Fumes","floor":1},{"not_picked":["PiercingWail","Underhanded Strike"],"picked":"Deadly Poison","floor":3},{"not_picked":["Dodge and Roll","Expertise"],"picked":"Flying Knee","floor":5},{"not_picked":["Venomology","Poisoned Stab"],"picked":"Bouncing Flask","floor":7},{"not_picked":["Poisoned Stab","Sucker Punch"],"picked":"Adrenaline","floor":10},{"not_picked":["Quick Slash","Deadly Poison"],"picked":"PiercingWail","floor":12},{"not_picked":["Expertise","Finisher"],"picked":"Riddle With Holes","floor":14},{"not_picked":["Grand Finale","Doppelganger"],"picked":"Malaise","floor":16},{"not_picked":["Acrobatics","Dagger Spray"],"picked":"Terror","floor":17},{"not_picked":["Dagger Throw","Heel Hook"],"picked":"Dagger Spray","floor":18},{"not_picked":["Terror","Quick Slash","Outmaneuver"],"picked":"Prepared+1","floor":23},{"not_picked":["Backstab","Dodge and Roll","Catalyst"],"picked":"A Thousand Cuts+1","floor":24},{"not_picked":["Finisher","Blade Dance","Prepared+1"],"picked":"Corpse Explosion","floor":31},{"not_picked":["Die Die Die","Bullet Time","Adrenaline"],"picked":"Burst","floor":33},{"not_picked":["Calculated Gamble","Bane+1","Bouncing Flask+1"],"picked":"Predator+1","floor":35},{"not_picked":["Blade Dance+1","Prepared","Bane"],"picked":"Backstab","floor":42},{"not_picked":["Dagger Throw+1","Dagger Spray","Accuracy+1"],"picked":"Sucker Punch+1","floor":46},{"not_picked":["Acrobatics","Deadly Poison+1","Backflip"],"picked":"PiercingWail+1","floor":48}],"player_experience":506068,"relics_obtained":[{"floor":7,"key":"Gambling Chip"},{"floor":9,"key":"Pantograph"},{"floor":10,"key":"Juzu Bracelet"},{"floor":14,"key":"Oddly Smooth Stone"},{"floor":22,"key":"Mummified Hand"},{"floor":23,"key":"Frozen Egg 2"},{"floor":26,"key":"Gremlin Horn"},{"floor":31,"key":"Happy Flower"},{"floor":43,"key":"Pear"},{"floor":45,"key":"Centennial Puzzle"},{"floor":46,"key":"Du-Vu Doll"},{"floor":48,"key":"Ninja Scroll"}],"event_choices":[{"damage_healed":0,"gold_gain":0,"player_choice":"Paid Gold","damage_taken":0,"relics_obtained":["Lantern"],"max_hp_gain":0,"max_hp_loss":0,"event_name":"WeMeetAgain","floor":2,"gold_loss":99},{"damage_healed":0,"gold_gain":0,"player_choice":"Obtained Relic","damage_taken":0,"relics_obtained":["Old Coin"],"max_hp_gain":0,"max_hp_loss":0,"event_name":"Addict","floor":19,"gold_loss":85},{"damage_healed":0,"gold_gain":0,"player_choice":"Joined the Cult","damage_taken":6,"max_hp_gain":0,"max_hp_loss":0,"event_name":"Nest","floor":21,"gold_loss":0,"cards_obtained":["RitualDagger"]},{"damage_healed":0,"gold_gain":0,"player_choice":"Ignored","damage_taken":0,"max_hp_gain":0,"max_hp_loss":0,"event_name":"Beggar","floor":28,"gold_loss":0},{"damage_healed":0,"gold_gain":0,"player_choice":"Simplicity","damage_taken":0,"max_hp_gain":0,"max_hp_loss":0,"event_name":"Back to Basics","floor":30,"gold_loss":0,"cards_upgraded":["Defend_G","Defend_G","Defend_G","Defend_G","Defend_G","Strike_G","Strike_G"]},{"damage_healed":10,"gold_gain":0,"player_choice":"Full Heal","damage_taken":0,"max_hp_gain":0,"max_hp_loss":0,"event_name":"Wheel of Change","floor":37,"gold_loss":0},{"damage_healed":0,"gold_gain":0,"player_choice":"2 cards matched","damage_taken":0,"max_hp_gain":0,"max_hp_loss":0,"event_name":"Match and Keep!","floor":39,"gold_loss":0,"cards_obtained":["Bouncing Flask","Wraith Form v2"]},{"damage_healed":0,"gold_gain":100,"player_choice":"Pray","damage_taken":0,"max_hp_gain":0,"max_hp_loss":0,"event_name":"Golden Shrine","floor":47,"gold_loss":0}],"is_beta":false,"boss_relics":[{"not_picked":["Black Star","Empty Cage"],"picked":"Tiny House"},{"not_picked":["Coffee Dripper","Snecko Eye"],"picked":"Sozu"}],"items_purged_floors":[13,27],"is_endless":false,"potions_floor_spawned":[3,12,16,18,23,31,48],"ascension_level":10}