{"gold_per_floor":[116,37,54,64,83,83,102,102,102,112,112,112,129,21,21,94,94,105,28,28,55,29,29,48,48,74,74,74,74,74,105,105,179,179,190,190],"floor_reached":36,"playtime":1471,"items_purged":[],"score":765,"play_id":"81c4cf7f-2195-4e23-ba47-9e6c0f84c70b","local_time":"20181102230450","is_ascension_mode":true,"campfire_choices":[{"data":"Noxious Fumes","floor":6,"key":"SMITH"},{"floor":12,"key":"REST"},{"floor":15,"key":"REST"},{"data":"Neutralize","floor":23,"key":"SMITH"},{"data":"Malaise","floor":25,"key":"SMITH"},{"data":"Cloak And Dagger","floor":27,"key":"SMITH"},{"floor":29,"key":"REST"},{"data":"Corpse Explosion","floor":32,"key":"SMITH"}],"neow_cost":"NONE","seed_source_timestamp":101641685587000,"circlet_count":0,"master_deck":["AscendersBane","Defend_G","Defend_G","Defend_G","Defend_G","Defend_G","Survivor","Neutralize+1","All Out Attack","Dash","Choke","Noxious Fumes+1","PiercingWail","Escape Plan","Dagger Spray+1","Quick Slash+1","Cloak And Dagger+1","Well Laid Plans","Malaise+1","Leg Sweep","Predator+1","Acrobatics","Bite+1","Bite+1","Bite+1","Bite+1","Bite+1","Corpse Explosion+1","After Image","Backflip","Footwork","Acrobatics+1","Leg Sweep+1"],"special_seed":0,"relics":["Runic Dome","Molten Egg 2","Question Card","Sozu","Lantern","Pen Nib","Singing Bowl","Orrery"],"potions_floor_usage":[5,16,33,36],"damage_taken":[{"damage":1.0,"enemies":"Cultist","floor":1.0,"turns":4.0},{"damage":4,"enemies":"Jaw Worm","floor":3,"turns":4},{"damage":0,"enemies":"2 Louse","floor":4,"turns":2},{"damage":15,"enemies":"Exordium Thugs","floor":5,"turns":4},{"damage":21,"enemies":"Red Slaver","floor":7,"turns":4},{"damage":0,"enemies":"Exordium Wildlife","floor":10,"turns":4},{"damage":7,"enemies":"Exordium Thugs","floor":13,"turns":4},{"damage":13,"enemies":"Slime Boss","floor":16,"turns":9},{"damage":4,"enemies":"Shell Parasite","floor":18,"turns":6},{"damage":12,"enemies":"2 Thieves","floor":24,"turns":4},{"damage":20,"enemies":"Slavers","floor":31,"turns":5},{"damage":32,"enemies":"Automaton","floor":33,"turns":11},{"damage":7,"enemies":"Orb Walker","floor":35,"turns":4},{"damage":52,"enemies":"2 Orb Walkers","floor":36,"turns":3}],"seed_played":"4691786365781438908","potions_obtained":[{"floor":3,"key":"SpeedPotion"},{"floor":4,"key":"Fire Potion"},{"floor":5,"key":"LiquidBronze"},{"floor":13,"key":"SkillPotion"},{"floor":16,"key":"SneckoOil"}],"is_trial":false,"path_per_floor":["M","$","M","M","M","R","M","?","T","M","?","R","M","$","R","B",null,"M","$","?","T","$","R","M","R","T","R","$","R","?","E","R","B",null,"M","?"],"character_chosen":"THE_SILENT","items_purchased":["Dash","Cloak And Dagger","Well Laid Plans","Predator+1","Acrobatics"],"campfire_rested":3,"item_purchase_floors":[2,14,14,19,22],"current_hp_per_floor":[58,58,54,54,39,39,18,13,13,13,13,32,25,25,44,31,57,53,53,53,53,53,53,41,41,41,41,41,60,46,38,38,33,47,49,0],"gold":190,"neow_bonus":"BOSS_RELIC","is_prod":false,"is_daily":false,"chose_seed":false,"campfire_upgraded":5,"win_rate":0,"timestamp":1541214290,"path_taken":["M","$","M","M","?","R","M","?","T","M","?","R","?","?","R","BOSS","M","$","?","?","$","R","M","R","T","R","$","R","?","E","R","BOSS","M","?"],"build_version":"2018-11-01","purchased_purges":0,"victory":false,"max_hp_per_floor":[66,66,66,66,66,66,66,66,66,66,66,66,66,66,66,66,66,66,66,66,66,66,66,66,66,66,66,66,66,46,46,46,46,50,50,50],"card_choices":[{"not_picked":["Acrobatics","Blade Dance"],"picked":"All Out Attack","floor":1.0},{"not_picked":["Outmaneuver","All Out Attack"],"picked":"Choke","floor":3},{"not_picked":["Sucker Punch","Predator"],"picked":"Noxious Fumes","floor":4},{"not_picked":["Bane","Concentrate"],"picked":"PiercingWail","floor":5},{"not_picked":["Bullet Time","Bane"],"picked":"Escape Plan","floor":7},{"not_picked":["Outmaneuver","Flying Knee+1","Calculated Gamble"],"picked":"Dagger Spray+1","floor":10},{"not_picked":["Dagger Throw+1","Prepared","Finisher+1"],"picked":"Quick Slash+1","floor":13},{"not_picked":["Wraith Form v2","Grand Finale+1","A Thousand Cuts"],"picked":"Malaise","floor":16},{"not_picked":["Dagger Spray+1","PiercingWail","Well Laid Plans"],"picked":"Leg Sweep","floor":18},{"not_picked":["Quick Slash+1","Acrobatics","Flying Knee+1","Outmaneuver"],"picked":"SKIP","floor":24},{"not_picked":["Escape Plan+1","Prepared","Poisoned Stab+1"],"picked":"Corpse Explosion","floor":31},{"not_picked":["Storm of Steel","Burst","Doppelganger"],"picked":"After Image","floor":33},{"not_picked":["Choke+1","Dodge and Roll","Eviscerate+1"],"picked":"Backflip","floor":34},{"not_picked":["Well Laid Plans","Acrobatics","Caltrops"],"picked":"Footwork","floor":34},{"not_picked":["Underhanded Strike+1","Crippling Poison","Choke+1"],"picked":"Acrobatics+1","floor":34},{"not_picked":["Flying Knee+1","Reflex","Deflect","Accuracy"],"picked":"Singing Bowl","floor":34},{"not_picked":["Outmaneuver","Deflect","Deadly Poison","Slice+1"],"picked":"Singing Bowl","floor":34},{"not_picked":["Outmaneuver","Bane+1","Bouncing Flask"],"picked":"Leg Sweep+1","floor":35}],"player_experience":1598243,"relics_obtained":[{"floor":9,"key":"Question Card"},{"floor":21,"key":"Lantern"},{"floor":26,"key":"Pen Nib"},{"floor":31,"key":"Singing Bowl"}],"event_choices":[{"damage_healed":0,"gold_gain":0,"player_choice":"Success","damage_taken":5,"relics_obtained":["Molten Egg 2"],"max_hp_gain":0,"max_hp_loss":0,"event_name":"Scrap Ooze","floor":8,"gold_loss":0},{"cards_removed":["Strike_G"],"damage_healed":0,"gold_gain":0,"player_choice":"Purged","damage_taken":0,"max_hp_gain":0,"max_hp_loss":0,"event_name":"Purifier","floor":11,"gold_loss":0},{"damage_healed":0,"gold_gain":0,"player_choice":"Ignored","damage_taken":0,"max_hp_gain":0,"max_hp_loss":0,"event_name":"The Mausoleum","floor":20,"gold_loss":0},{"damage_healed":0,"gold_gain":0,"player_choice":"Became a vampire","damage_taken":0,"max_hp_gain":0,"max_hp_loss":20,"event_name":"Vampires","floor":30,"gold_loss":0,"cards_obtained":["Bite","Bite","Bite","Bite","Bite"]},{"damage_healed":0,"gold_gain":0,"player_choice":"Fight","damage_taken":0,"max_hp_gain":0,"max_hp_loss":0,"event_name":"Mysterious Sphere","floor":36,"gold_loss":0}],"is_beta":true,"boss_relics":[{"not_picked":["Snecko Eye","Eternal Feather"],"picked":"Sozu"},{"not_picked":["Calling Bell","WristBlade"],"picked":"Orrery"}],"items_purged_floors":[],"is_endless":false,"potions_floor_spawned":[3,4,5,7,13,16,31],"killed_by":"2 Orb Walkers","ascension_level":20}