{"gold_per_floor":[119,119,119,134,145,145,145,171,171,202,127,127,141,152,152,224,224,241,156,156,81,101,101,131,0,0,0,0,0,0,17,17,94,94,107,127,42,42,0,0,31,31,31,41,59,59,78,1,1,1,1],"floor_reached":52,"playtime":3591,"items_purged":["Pain"],"score":1937,"play_id":"5f899b42-61d0-4403-b4df-4368c1f0af6e","local_time":"20181030003047","is_ascension_mode":true,"campfire_choices":[{"floor":6.0,"key":"REST"},{"data":"Dagger Spray","floor":12,"key":"SMITH"},{"data":"Deadly Poison","floor":15,"key":"SMITH"},{"data":"Neutralize","floor":23,"key":"SMITH"},{"data":"Footwork","floor":28,"key":"SMITH"},{"data":"Noxious Fumes","floor":30,"key":"SMITH"},{"data":"Well Laid Plans","floor":32,"key":"SMITH"},{"data":"Discovery","floor":40,"key":"SMITH"},{"data":"Malaise","floor":42,"key":"SMITH"},{"data":"Crippling Poison","floor":46,"key":"SMITH"},{"data":"Catalyst","floor":49,"key":"SMITH"}],"neow_cost":"NONE","seed_source_timestamp":915711530040800,"circlet_count":0,"master_deck":["Defend_G","Defend_G","Defend_G","Defend_G","Defend_G+1","Strike_G+1","Survivor","Neutralize+1","AscendersBane","Deadly Poison+1","Sucker Punch","Heel Hook","Dagger Spray+1","Adrenaline","Deflect","Adrenaline","PiercingWail","Well Laid Plans+1","Noxious Fumes+1","Cloak And Dagger","Footwork+1","PiercingWail","Malaise+1","Backflip+1","Die Die Die","After Image","Blur","Discovery+1","Terror+1","Crippling Poison+1","Catalyst+1","Noxious Fumes+1"],"special_seed":0,"relics":["Eternal Feather","WarpedTongs","Paper Crane","Meat on the Bone","Anchor","Empty Cage","Strawberry","Prayer Wheel","FossilizedHelix","Busted Crown","Red Mask","Boot","Frozen Egg 2"],"potions_floor_usage":[10,16,16,24,33,50,51],"damage_taken":[{"damage":2.0,"enemies":"Small Slimes","floor":1.0,"turns":5.0},{"damage":0.0,"enemies":"2 Louse","floor":4.0,"turns":3.0},{"damage":9.0,"enemies":"Jaw Worm","floor":5.0,"turns":4.0},{"damage":22.0,"enemies":"Gremlin Nob","floor":8.0,"turns":4.0},{"damage":25,"enemies":"3 Sentries","floor":10,"turns":8},{"damage":0,"enemies":"2 Fungi Beasts","floor":13,"turns":3},{"damage":2,"enemies":"Lots of Slimes","floor":14,"turns":3},{"damage":50,"enemies":"Slime Boss","floor":16,"turns":14},{"damage":10,"enemies":"Spheric Guardian","floor":18,"turns":6},{"damage":4,"enemies":"3 Byrds","floor":22,"turns":6},{"damage":50,"enemies":"Slavers","floor":24,"turns":9},{"damage":10,"enemies":"Snake Plant","floor":31,"turns":7},{"damage":2,"enemies":"Collector","floor":33,"turns":12},{"damage":0,"enemies":"3 Darklings","floor":35,"turns":6},{"damage":0,"enemies":"Orb Walker","floor":36,"turns":6},{"damage":0,"enemies":"Reptomancer","floor":41,"turns":8},{"damage":6,"enemies":"Jaw Worm Horde","floor":44,"turns":6},{"damage":0,"enemies":"Maw","floor":45,"turns":9},{"damage":0,"enemies":"3 Darklings","floor":47,"turns":4},{"damage":0,"enemies":"Time Eater","floor":50,"turns":16},{"damage":42,"enemies":"Donu and Deca","floor":51,"turns":14}],"seed_played":"7340957512984107792","potions_obtained":[{"floor":4.0,"key":"FearPotion"},{"floor":5.0,"key":"Weak Potion"},{"floor":10,"key":"Weak Potion"},{"floor":13,"key":"FearPotion"},{"floor":14,"key":"Fire Potion"},{"floor":22,"key":"LiquidBronze"},{"floor":31,"key":"Dexterity Potion"},{"floor":41,"key":"EssenceOfSteel"},{"floor":45,"key":"Poison Potion"}],"is_trial":false,"path_per_floor":["M","?","?","M","M","R","?","E","T","E","$","R","M","M","R","B",null,"M","?","?","?","M","R","E","$","T","?","R","?","R","M","R","B",null,"M","M","$","?","?","R","E","R","T","M","M","R","M","$","R","B","B"],"character_chosen":"THE_SILENT","items_purchased":["Noxious Fumes","Cloak And Dagger","Blur","Noxious Fumes+1"],"campfire_rested":1,"item_purchase_floors":[25,25,37,48],"current_hp_per_floor":[57,50,30,30,21,49,49,27,27,14,14,23,35,45,54,16,54,44,51,51,51,47,56,18,18,18,18,30,30,42,44,59,57,69,69,69,69,59,59,73,73,73,73,67,67,73,73,73,73,73,43],"gold":1,"neow_bonus":"BOSS_RELIC","is_prod":false,"is_daily":false,"chose_seed":false,"campfire_upgraded":10,"win_rate":0,"timestamp":1540873847,"path_taken":["M","?","?","M","M","R","?","E","T","E","$","R","M","M","R","BOSS","M","?","?","?","M","R","E","$","T","?","R","?","R","M","R","BOSS","M","M","$","?","?","R","E","R","T","?","M","R","?","?","R","BOSS","BOSS"],"build_version":"2018-10-29v2","purchased_purges":1,"victory":true,"max_hp_per_floor":[66,66,66,66,66,66,66,66,66,66,66,66,66,66,66,66,66,66,73,73,73,73,73,73,73,73,73,73,73,73,73,73,73,73,73,73,73,73,73,73,73,73,73,73,73,73,73,73,73,73,73],"card_choices":[{"not_picked":["Leg Sweep","Distraction"],"picked":"Deadly Poison","floor":1.0},{"not_picked":["Blade Dance","Quick Slash"],"picked":"Sucker Punch","floor":4.0},{"not_picked":["Deadly Poison","Distraction"],"picked":"Heel Hook","floor":5.0},{"not_picked":["Riddle With Holes","Bouncing Flask"],"picked":"Dagger Spray","floor":8.0},{"not_picked":["Dagger Throw","Heel Hook","Flying Knee"],"picked":"SKIP","floor":10},{"not_picked":["Backstab","Flying Knee"],"picked":"Adrenaline","floor":13},{"not_picked":["Bane","Blade Dance"],"picked":"Deflect","floor":14},{"not_picked":["Venomology","Tools of the Trade"],"picked":"Adrenaline","floor":16},{"not_picked":["Outmaneuver","Predator","Slice"],"picked":"SKIP","floor":18},{"not_picked":["Prepared+1","Dagger Spray"],"picked":"PiercingWail","floor":22},{"not_picked":["Quick Slash","Expertise"],"picked":"Well Laid Plans","floor":24},{"not_picked":["Quick Slash","Sucker Punch"],"picked":"Backflip+1","floor":31},{"not_picked":["Dodge and Roll","Deadly Poison"],"picked":"Die Die Die","floor":31},{"not_picked":["Storm of Steel","Die Die Die"],"picked":"After Image","floor":33},{"not_picked":["Well Laid Plans"],"picked":"SKIP","floor":35},{"not_picked":["Underhanded Strike"],"picked":"SKIP","floor":35},{"not_picked":["Deadly Poison"],"picked":"SKIP","floor":36},{"not_picked":["Bane"],"picked":"SKIP","floor":36},{"not_picked":[],"picked":"Discovery","floor":38},{"not_picked":[],"picked":"Terror+1","floor":41},{"not_picked":["Slice"],"picked":"SKIP","floor":44},{"not_picked":["Bane"],"picked":"SKIP","floor":44},{"not_picked":[],"picked":"Crippling Poison","floor":45},{"not_picked":["Bane+1"],"picked":"SKIP","floor":45},{"not_picked":[],"picked":"Catalyst","floor":47},{"not_picked":["Sucker Punch"],"picked":"SKIP","floor":47}],"player_experience":1552967,"relics_obtained":[{"floor":8.0,"key":"Paper Crane"},{"floor":9.0,"key":"Meat on the Bone"},{"floor":10,"key":"Anchor"},{"floor":24,"key":"Prayer Wheel"},{"floor":26,"key":"FossilizedHelix"},{"floor":41,"key":"Boot"},{"floor":43,"key":"Frozen Egg 2"}],"event_choices":[{"cards_removed":["Strike_G"],"damage_healed":0.0,"max_hp_gain":0.0,"max_hp_loss":0.0,"gold_gain":0.0,"event_name":"Golden Wing","player_choice":"Card Removal","floor":2.0,"gold_loss":0.0,"damage_taken":7.0},{"damage_healed":0.0,"max_hp_gain":0.0,"max_hp_loss":0.0,"gold_gain":0.0,"event_name":"Shining Light","player_choice":"Entered Light","floor":3.0,"gold_loss":0.0,"damage_taken":20.0,"cards_upgraded":["Strike_G","Defend_G"]},{"damage_healed":0.0,"max_hp_gain":0.0,"max_hp_loss":0.0,"gold_gain":0.0,"event_name":"Accursed Blacksmith","player_choice":"Rummage","floor":7.0,"gold_loss":0.0,"damage_taken":0.0,"relics_obtained":["WarpedTongs"],"cards_obtained":["Pain"]},{"damage_healed":0,"gold_gain":0,"player_choice":"Obtained Relic","damage_taken":0,"relics_obtained":["Strawberry"],"max_hp_gain":0,"max_hp_loss":0,"event_name":"Addict","floor":19,"gold_loss":85},{"damage_healed":0,"gold_gain":0,"player_choice":"Ignored","damage_taken":0,"max_hp_gain":0,"max_hp_loss":0,"event_name":"Ghosts","floor":20,"gold_loss":0},{"cards_removed":["Strike_G"],"damage_healed":0,"gold_gain":0,"player_choice":"Gave Gold","damage_taken":0,"max_hp_gain":0,"max_hp_loss":0,"event_name":"Beggar","floor":21,"gold_loss":75},{"damage_healed":0,"gold_gain":0,"player_choice":"2 cards matched","damage_taken":0,"max_hp_gain":0,"max_hp_loss":0,"event_name":"Match and Keep!","floor":27,"gold_loss":0,"cards_obtained":["Footwork","PiercingWail"]},{"damage_healed":0,"gold_gain":0,"player_choice":"Read","damage_taken":0,"max_hp_gain":0,"max_hp_loss":0,"event_name":"The Library","floor":29,"gold_loss":0,"cards_obtained":["Malaise"]},{"damage_healed":0,"gold_gain":0,"player_choice":"Memory 3","damage_taken":10,"max_hp_gain":0,"max_hp_loss":0,"event_name":"SensoryStone","floor":38,"gold_loss":0},{"damage_healed":0,"gold_gain":0,"player_choice":"Paid","damage_taken":0,"relics_obtained":["Red Mask"],"max_hp_gain":0,"max_hp_loss":0,"event_name":"Tomb of Lord Red Mask","floor":39,"gold_loss":42}],"is_beta":true,"boss_relics":[{"not_picked":["White Beast Statue","Lizard Tail"],"picked":"Empty Cage"},{"not_picked":["WristBlade","Black Star"],"picked":"Busted Crown"}],"items_purged_floors":[11],"is_endless":false,"potions_floor_spawned":[4,5,10,13,14,22,31,41,45],"ascension_level":20}