{"path_per_floor":["M","$","M","?","M","R","E","R","T","M","T","R","E","M","R","B",null,"M","?","$","?","M","R","$"],"character_chosen":"DEFECT","items_purchased":["Rainbow","Capacitor"],"gold_per_floor":[119,44,60,10,25,25,52,52,52,71,71,71,101,118,118,217,217,237,270,20,20,35,35,10,10],"floor_reached":25,"campfire_rested":1,"playtime":1864,"item_purchase_floors":[20,24],"current_hp_per_floor":[67,67,67,67,67,67,49,49,49,35,35,35,31,26,48,10,75,66,12,12,12,17,17,17,0],"items_purged":["Strike_B","Defend_B"],"gold":10,"score":234,"play_id":"ff481f55-35cf-4868-874f-325b8ed9d79e","local_time":"20180521161432","is_prod":false,"is_daily":false,"chose_seed":false,"is_ascension_mode":false,"campfire_upgraded":4,"timestamp":1526886872,"campfire_choices":[{"data":"Zap","floor":6.0,"key":"SMITH"},{"data":"Dualcast","floor":8.0,"key":"SMITH"},{"data":"Genetic Algorithm","floor":12.0,"key":"SMITH"},{"floor":15.0,"key":"REST"},{"data":"Rainbow","floor":23,"key":"SMITH"}],"path_taken":["M","$","M","?","?","R","E","R","T","M","?","R","E","M","R","BOSS","M","?","$","?","M","R","?","E"],"build_version":"2018-05-18","seed_source_timestamp":0,"purchased_purges":2,"victory":false,"master_deck":["Defend_B","Defend_B","Defend_B","Zap+1","Dualcast+1","Chill","Ball Lightning","Storm","Genetic Algorithm+1","FTL","Stack","Fission","Creative AI","Self Repair","Turbo","Rainbow+1","Bite","Bite","Bite","Bite","Bite","FTL+1","Capacitor"],"max_hp_per_floor":[75,75,75,75,75,75,75,75,75,75,75,75,75,75,75,75,75,75,75,75,52,52,52,52,52],"relics":["Cracked Core","Kunai","Gremlin Horn","Potion Belt","Pen Nib","Velvet Choker","Red Mask"],"card_choices":[{"not_picked":["Steam","Beam Cell"],"picked":"Chill","floor":1.0},{"not_picked":["Force Field","Sweeping Beam"],"picked":"Ball Lightning","floor":3.0},{"not_picked":["Steam","Double Energy"],"picked":"Storm","floor":5.0},{"not_picked":["Lockon","FTL"],"picked":"Genetic Algorithm","floor":7.0},{"not_picked":["Hologram","Doom and Gloom"],"picked":"FTL","floor":10.0},{"not_picked":["Conserve Battery","Skim"],"picked":"Stack","floor":13.0},{"not_picked":["Beam Cell","Force Field"],"picked":"Fission","floor":14.0},{"not_picked":["Meteor Strike","Nova"],"picked":"Creative AI","floor":16.0},{"not_picked":["Steam+1","Streamline+1"],"picked":"Self Repair","floor":18},{"not_picked":["Go for the Eyes","Sunder+1"],"picked":"Turbo","floor":19},{"not_picked":["Ball Lightning","Gash"],"picked":"FTL+1","floor":22}],"player_experience":151939,"potions_floor_usage":[19,22,22],"damage_taken":[{"damage":8.0,"enemies":"Jaw Worm","floor":1.0,"turns":3.0},{"damage":0.0,"enemies":"Cultist","floor":3.0,"turns":3.0},{"damage":0.0,"enemies":"Small Slimes","floor":5.0,"turns":3.0},{"damage":18.0,"enemies":"Gremlin Nob","floor":7.0,"turns":4.0},{"damage":14.0,"enemies":"Exordium Wildlife","floor":10.0,"turns":5.0},{"damage":4.0,"enemies":"Lagavulin","floor":13.0,"turns":5.0},{"damage":5.0,"enemies":"Large Slime","floor":14.0,"turns":5.0},{"damage":38.0,"enemies":"The Guardian","floor":16.0,"turns":13.0},{"damage":9,"enemies":"Spheric Guardian","floor":18,"turns":4},{"damage":61,"enemies":"ï¢ñ ÇÃìêëØ","floor":19,"turns":7},{"damage":14,"enemies":"3 Byrds","floor":22,"turns":4},{"damage":23,"enemies":"Gremlin Leader","floor":25,"turns":3}],"relics_obtained":[{"floor":7.0,"key":"Kunai"},{"floor":9.0,"key":"Gremlin Horn"},{"floor":11.0,"key":"Potion Belt"},{"floor":13.0,"key":"Pen Nib"},{"floor":19,"key":"Red Mask"}],"event_choices":[{"event_name":"The Cleric","player_choice":"Card Removal","floor":4.0,"damage_taken":0.0},{"event_name":"Masked Bandits","player_choice":"Fought over 237 gold","floor":19,"damage_taken":0},{"event_name":"Vampires","player_choice":"Became a vampire","floor":21,"damage_taken":0}],"boss_relics":[{"not_picked":["Eternal Feather","Calling Bell"],"picked":"Velvet Choker"}],"items_purged_floors":[],"potions_floor_spawned":[1,13,14,16,19,22],"seed_played":"-6080023843308773860","killed_by":"Gremlin Leader","ascension_level":0,"potions_obtained":[{"floor":1.0,"key":"PowerPotion"},{"floor":13.0,"key":"Regen Potion"},{"floor":14.0,"key":"Swift Potion"},{"floor":16.0,"key":"SpeedPotion"},{"floor":19,"key":"EssenceOfSteel"},{"floor":22,"key":"SpeedPotion"}],"is_trial":false}