{"gold_per_floor":[111,125,125,125,144,177,177,204,204,204,104,122,122,154,154,251,251,270,287,41,41,41,66,66,100,123,153,171,188,27,27,27,27],"floor_reached":33,"playtime":1471,"items_purged":["Defend_B","Creative AI+1","Dualcast"],"score":505,"play_id":"565d6441-db9a-441c-9a8b-c178d0308955","local_time":"20181202210828","is_ascension_mode":true,"campfire_choices":[{"data":"Gash","floor":7,"key":"SMITH"},{"data":"Steam Power","floor":10,"key":"SMITH"},{"floor":13,"key":"REST"},{"data":"Go for the Eyes","floor":15,"key":"SMITH"},{"data":"Scrape","floor":24,"key":"SMITH"},{"data":"Gash","floor":32,"key":"SMITH"}],"neow_cost":"NONE","seed_source_timestamp":172378124473939,"circlet_count":0,"master_deck":["Strike_B","Strike_B+1","Strike_B","Defend_B","Zap","Beam Cell+1","Sweeping Beam","Gash+1","Genetic Algorithm","Steam Power+1","Rebound","Gash+1","Go for the Eyes+1","Core Surge+1","Hyperbeam+1","Turbo+1","Beam Cell+1","Scrape+1","RitualDagger","Hologram","Gash+1","Go for the Eyes","FTL","Shame"],"relics":["Cracked Core","Anchor","Bottled Flame","FossilizedHelix","Pocketwatch","Astrolabe","Whetstone","Dream Catcher","Incense Burner","Boot","Singing Bowl","Frozen Egg 2"],"potions_floor_usage":[14,23,25,27,33],"damage_taken":[{"damage":0,"enemies":"Cultist","floor":1,"turns":3},{"damage":0,"enemies":"2 Louse","floor":2,"turns":2},{"damage":0,"enemies":"Jaw Worm","floor":5,"turns":3},{"damage":25,"enemies":"Lagavulin","floor":6,"turns":6},{"damage":24,"enemies":"3 Sentries","floor":8,"turns":5},{"damage":0,"enemies":"Looter","floor":12,"turns":2},{"damage":0,"enemies":"Gremlin Nob","floor":14,"turns":3},{"damage":0,"enemies":"Slime Boss","floor":16,"turns":4},{"damage":0,"enemies":"Shell Parasite","floor":18,"turns":2},{"damage":0,"enemies":"3 Byrds","floor":19,"turns":3},{"damage":15,"enemies":"Book of Stabbing","floor":23,"turns":4},{"damage":0,"enemies":"Gremlin Leader","floor":25,"turns":4},{"damage":7,"enemies":"Slavers","floor":27,"turns":3},{"damage":0,"enemies":"Snecko","floor":28,"turns":2},{"damage":0,"enemies":"Shelled Parasite and Fungi","floor":29,"turns":2},{"damage":79,"enemies":"Automaton","floor":33,"turns":6}],"seed_played":"6806224229311759872","potions_obtained":[{"floor":6,"key":"PowerPotion"},{"floor":8,"key":"Poison Potion"},{"floor":16,"key":"SpeedPotion"},{"floor":19,"key":"Swift Potion"},{"floor":25,"key":"AttackPotion"}],"is_trial":false,"path_per_floor":["M","M","$","?","M","E","R","E","T","R","$","M","R","E","R","B",null,"M","M","$","?","$","E","R","E","T","E","M","M","$","?","R","B"],"character_chosen":"DEFECT","items_purchased":["Rebound","Whetstone","FTL"],"campfire_rested":1,"item_purchase_floors":[11,20,30],"current_hp_per_floor":[75,75,75,75,75,50,50,26,26,26,26,26,48,48,48,48,75,75,75,75,69,69,54,54,54,54,49,49,49,49,49,49,0],"gold":27,"neow_bonus":"RANDOM_COMMON_RELIC","is_prod":false,"is_daily":false,"chose_seed":false,"campfire_upgraded":5,"win_rate":0,"timestamp":1543802908,"path_taken":["M","M","?","?","M","E","R","E","T","R","$","M","R","E","R","BOSS","M","M","?","?","$","E","R","E","T","E","M","M","$","?","R","BOSS"],"build_version":"2018-11-15","purchased_purges":3,"victory":false,"max_hp_per_floor":[75,75,75,75,75,75,75,75,75,75,75,75,75,75,75,75,75,75,75,75,75,75,75,75,75,75,77,77,77,77,77,77,77],"card_choices":[{"not_picked":["Consume","Redo"],"picked":"Beam Cell","floor":1},{"not_picked":["Hologram","Genetic Algorithm"],"picked":"Sweeping Beam","floor":2},{"not_picked":["Steam","Beam Cell"],"picked":"Gash","floor":5},{"not_picked":["Rip and Tear","Sweeping Beam"],"picked":"Genetic Algorithm","floor":6},{"not_picked":["Undo","Heatsinks"],"picked":"Steam Power","floor":8},{"not_picked":["White Noise","Ball Lightning"],"picked":"Gash","floor":12},{"not_picked":["Aggregate","Loop"],"picked":"Go for the Eyes","floor":14},{"not_picked":["Thunder Strike","Meteor Strike"],"picked":"Core Surge","floor":16},{"not_picked":["Sweeping Beam","Undo"],"picked":"Beam Cell+1","floor":18},{"not_picked":["Turbo","Compile Driver"],"picked":"Scrape","floor":19},{"not_picked":["Capacitor","Self Repair"],"picked":"Hologram","floor":23},{"not_picked":["Steam","Sweeping Beam","Fusion+1"],"picked":"SKIP","floor":25},{"not_picked":["Hello World+1","Stack+1","Doom and Gloom"],"picked":"Singing Bowl","floor":27},{"not_picked":["Stack+1","Ball Lightning"],"picked":"Gash+1","floor":28},{"not_picked":["Double Energy","Glacier"],"picked":"Go for the Eyes","floor":29}],"player_experience":246318,"relics_obtained":[{"floor":6,"key":"Bottled Flame"},{"floor":8,"key":"FossilizedHelix"},{"floor":14,"key":"Pocketwatch"},{"floor":23,"key":"Dream Catcher"},{"floor":25,"key":"Incense Burner"},{"floor":26,"key":"Boot"},{"floor":27,"key":"Singing Bowl"}],"event_choices":[{"damage_healed":0,"gold_gain":0,"player_choice":"Forge","damage_taken":0,"max_hp_gain":0,"max_hp_loss":0,"event_name":"Accursed Blacksmith","floor":4,"gold_loss":0,"cards_upgraded":["Beam Cell"]},{"damage_healed":0,"gold_gain":0,"player_choice":"Joined the Cult","damage_taken":6,"max_hp_gain":0,"max_hp_loss":0,"event_name":"Nest","floor":21,"gold_loss":0,"cards_obtained":["RitualDagger"]},{"damage_healed":0,"gold_gain":0,"player_choice":"Stole Relic","damage_taken":0,"relics_obtained":["Frozen Egg 2"],"max_hp_gain":0,"max_hp_loss":0,"event_name":"Addict","floor":31,"gold_loss":0,"cards_obtained":["Shame"]}],"is_beta":false,"boss_relics":[{"not_picked":["FrozenCore","Coffee Dripper"],"picked":"Astrolabe"}],"items_purged_floors":[11,20,30],"is_endless":false,"potions_floor_spawned":[6,8,16,19,25],"killed_by":"Automaton","ascension_level":4}