{"gold_per_floor":[116,116,134,59,77,77,105,122,122,122,167,178,191,156,156,259,259,276,124,140,158,58,58,78,78,78,103,103,103],"floor_reached":29,"playtime":1375,"items_purged":["Regret","Strike_B"],"score":319,"play_id":"d0626a2e-62d0-4049-bf0d-4a399ac81588","local_time":"20181012122027","is_ascension_mode":true,"campfire_choices":[{"data":"Sweeping Beam","floor":6,"key":"SMITH"},{"floor":15,"key":"REST"},{"floor":23,"key":"REST"},{"floor":25,"key":"REST"},{"floor":28,"key":"REST"}],"neow_cost":"NONE","seed_source_timestamp":211755824631890,"circlet_count":0,"master_deck":["Strike_B","Strike_B","Strike_B","Defend_B","Defend_B","Defend_B","Defend_B","Zap","Dualcast","Compile Driver","Beam Cell","Sweeping Beam+1","Doom and Gloom","Cold Snap","Parasite","Streamline","Buffer","Conserve Battery+1","Chill","Normality","Ball Lightning"],"relics":["Cracked Core","Bag of Marbles","Pen Nib","Mango","Question Card","Art of War","Cursed Key","Anchor","Matryoshka","Dodecahedron"],"potions_floor_usage":[5,7,13,16,27,27],"damage_taken":[{"damage":11,"enemies":"2 Louse","floor":1,"turns":2},{"damage":0,"enemies":"Small Slimes","floor":3,"turns":3},{"damage":7,"enemies":"Jaw Worm","floor":5,"turns":2},{"damage":35,"enemies":"3 Sentries","floor":7,"turns":5},{"damage":0,"enemies":"Exordium Wildlife","floor":8,"turns":2},{"damage":9,"enemies":"Blue Slaver","floor":12,"turns":3},{"damage":13,"enemies":"Large Slime","floor":13,"turns":3},{"damage":28,"enemies":"The Guardian","floor":16,"turns":8},{"damage":36,"enemies":"3 Byrds","floor":18,"turns":5},{"damage":12,"enemies":"2 Thieves","floor":20,"turns":3},{"damage":12,"enemies":"Centurion and Healer","floor":21,"turns":6},{"damage":30,"enemies":"Cultist and Chosen","floor":24,"turns":7},{"damage":58,"enemies":"Book of Stabbing","floor":27,"turns":6},{"damage":30,"enemies":"Snake Plant","floor":29,"turns":4}],"seed_played":"7286990787710896606","potions_obtained":[{"floor":1,"key":"Fire Potion"},{"floor":5,"key":"FearPotion"},{"floor":8,"key":"Strength Potion"},{"floor":12,"key":"Fruit Juice"},{"floor":16,"key":"Energy Potion"},{"floor":21,"key":"SpeedPotion"}],"is_trial":false,"path_per_floor":["M","?","M","$","M","R","E","M","T","?","T","M","M","?","R","B",null,"M","$","M","M","$","R","M","R","T","E","R"],"character_chosen":"DEFECT","items_purchased":["Anchor"],"campfire_rested":4,"item_purchase_floors":[19],"current_hp_per_floor":[64,64,64,64,57,57,36,36,36,58,58,49,41,64,92,64,94,58,58,46,34,34,62,32,60,60,2,30,0],"gold":103,"neow_bonus":"RANDOM_COMMON_RELIC","is_prod":false,"is_daily":false,"chose_seed":false,"campfire_upgraded":1,"win_rate":0,"timestamp":1539361227,"path_taken":["M","?","M","$","M","R","E","M","T","?","?","M","M","?","R","BOSS","M","$","M","?","$","R","M","R","T","E","R","M"],"build_version":"2018-10-11","purchased_purges":2,"victory":false,"max_hp_per_floor":[75,75,75,75,75,75,89,89,89,89,89,89,94,94,94,94,94,94,94,94,94,94,94,94,94,94,94,94,94],"card_choices":[{"not_picked":["Steam Power","Skim"],"picked":"Compile Driver","floor":1},{"not_picked":["Compile Driver","Storm"],"picked":"Beam Cell","floor":3},{"not_picked":["Capacitor","Heatsinks"],"picked":"Sweeping Beam","floor":5},{"not_picked":["Self Repair","Leap"],"picked":"Doom and Gloom","floor":7},{"not_picked":["Sweeping Beam","Buffer"],"picked":"Cold Snap","floor":8},{"not_picked":["Sweeping Beam","Lockon","Gash"],"picked":"Streamline","floor":12},{"not_picked":["Redo","Stack","Gash","Barrage"],"picked":"SKIP","floor":13},{"not_picked":["Rainbow","Creative AI","Core Surge"],"picked":"Buffer","floor":16},{"not_picked":["Beam Cell","Barrage","Leap","Coolheaded"],"picked":"SKIP","floor":18},{"not_picked":["Coolheaded+1","Hello World","Rebound"],"picked":"Conserve Battery+1","floor":20},{"not_picked":["Lockon","Reprogram","Steam","Genetic Algorithm"],"picked":"SKIP","floor":21},{"not_picked":["Compile Driver","Stack","Steam Power"],"picked":"Chill","floor":24},{"not_picked":["Buffer","Go for the Eyes","Tempest"],"picked":"Ball Lightning","floor":27}],"player_experience":274516,"relics_obtained":[{"floor":7,"key":"Mango"},{"floor":9,"key":"Question Card"},{"floor":11,"key":"Art of War"},{"floor":26,"key":"Matryoshka"},{"floor":27,"key":"Dodecahedron"}],"event_choices":[{"event_name":"Big Fish","player_choice":"Box","floor":2,"damage_taken":0},{"event_name":"Mushrooms","player_choice":"Healed and dodged fight","floor":10,"damage_taken":0},{"event_name":"The Cleric","player_choice":"Healed","floor":14,"damage_taken":0}],"is_beta":false,"boss_relics":[{"not_picked":["Philosopher\u0027s Stone","Snecko Eye"],"picked":"Cursed Key"}],"items_purged_floors":[4,22],"is_endless":false,"potions_floor_spawned":[1,5,8,12,16,21],"killed_by":"Snake Plant","ascension_level":4}