{"path_per_floor":["M","?","M","?","M","R","M","R","T","E","R","M","R","M","R","B",null,"M","?","M","?","M","R","M","R","T","M","M","R","M","?","R","B",null,"M","?","$","?","M","R","M","R","T"],"character_chosen":"DEFECT","items_purchased":["Loop","Frozen Egg 2"],"gold_per_floor":[119,119,143,218,232,232,252,252,300,339,339,358,358,371,371,492,492,507,432,447,447,466,466,490,490,490,509,527,527,542,542,542,670,670,684,684,275,608,623,623,623,623,623,623],"floor_reached":44,"campfire_rested":3,"playtime":2889,"item_purchase_floors":[37,37],"current_hp_per_floor":[33,33,33,22,19,19,19,19,19,9,31,27,27,20,42,16,75,75,75,65,65,53,53,53,53,53,29,22,22,22,22,44,43,75,54,45,45,45,59,59,59,59,59,0],"items_purged":["Strike_B"],"gold":623,"score":437,"play_id":"8960a18c-cf28-445e-a3e1-5ee820c3d518","local_time":"20180618173919","is_prod":false,"is_daily":false,"chose_seed":false,"is_ascension_mode":false,"campfire_upgraded":8,"win_rate":0,"timestamp":1529311159,"campfire_choices":[{"data":"Dualcast","floor":6,"key":"SMITH"},{"data":"Redo","floor":8,"key":"SMITH"},{"floor":11,"key":"REST"},{"data":"Zap","floor":13,"key":"SMITH"},{"floor":15,"key":"REST"},{"data":"Buffer","floor":23,"key":"SMITH"},{"data":"Recycle","floor":25,"key":"SMITH"},{"data":"Defragment","floor":29,"key":"SMITH"},{"floor":32,"key":"REST"},{"data":"Loop","floor":40,"key":"SMITH"},{"data":"Consume","floor":42,"key":"SMITH"}],"path_taken":["M","?","M","?","M","R","M","R","T","E","R","M","R","?","R","BOSS","M","?","M","?","?","R","M","R","T","M","M","R","?","?","R","BOSS","M","?","$","?","M","R","M","R","T","E"],"build_version":"2018-06-14v2","seed_source_timestamp":65447370631998,"purchased_purges":1,"victory":false,"master_deck":["Defend_B","Defend_B","Defend_B","Zap+1","Dualcast+1","Redo+1","Go for the Eyes","Ball Lightning","Genetic Algorithm","Steam","Melter","Glacier","Buffer+1","Static Discharge","Auto Shields","Glacier+1","Recycle+1","Loop+1","Defragment+1","Beam Cell","Consume+1","Echo Form","Self Repair","Madness","Madness","Loop","Coolheaded"],"max_hp_per_floor":[75,75,75,75,75,75,75,75,75,75,75,75,75,75,75,75,75,75,75,75,75,75,75,75,75,75,75,75,75,75,75,75,75,75,75,75,75,75,75,75,75,75,75,75],"relics":["Cracked Core","DataDisk","Happy Flower","Empty Cage","Dream Catcher","Busted Crown","Frozen Egg 2","Meat on the Bone"],"card_choices":[{"not_picked":["Blizzard","Tempest"],"picked":"Redo","floor":1},{"not_picked":["Sweeping Beam","Blizzard"],"picked":"Go for the Eyes","floor":3},{"not_picked":["Barrage","Gash"],"picked":"Ball Lightning","floor":5},{"not_picked":["BootSequence","Streamline"],"picked":"Genetic Algorithm","floor":7},{"not_picked":["Meteor Strike","Tempest"],"picked":"Steam","floor":10},{"not_picked":["Cold Snap","Beam Cell"],"picked":"Melter","floor":12},{"not_picked":["Steam","Beam Cell"],"picked":"Glacier","floor":14},{"not_picked":["Machine Learning","Multi-Cast"],"picked":"Buffer","floor":16},{"not_picked":["Beam Cell+1","Heatsinks+1"],"picked":"Static Discharge","floor":18},{"not_picked":["Rebound","Hologram"],"picked":"Auto Shields","floor":20},{"not_picked":["Cold Snap","Conserve Battery+1"],"picked":"Glacier+1","floor":22},{"not_picked":["Leap","Steam"],"picked":"Recycle","floor":24},{"not_picked":["Streamline","Barrage+1"],"picked":"Loop","floor":27},{"not_picked":["Turbo","Chaos"],"picked":"Defragment","floor":28},{"not_picked":["Heatsinks","Lockon"],"picked":"Beam Cell","floor":30},{"not_picked":["Storm","Redo"],"picked":"Consume","floor":32},{"not_picked":["Multi-Cast","Amplify"],"picked":"Echo Form","floor":33},{"not_picked":[],"picked":"Self Repair","floor":35},{"not_picked":[],"picked":"Coolheaded","floor":39}],"player_experience":250796,"potions_floor_usage":[10,33,33,41],"damage_taken":[{"damage":5,"enemies":"Jaw Worm","floor":1,"turns":4},{"damage":0,"enemies":"2 Louse","floor":3,"turns":2},{"damage":3,"enemies":"Small Slimes","floor":5,"turns":3},{"damage":0,"enemies":"Red Slaver","floor":7,"turns":2},{"damage":24,"enemies":"3 Sentries","floor":10,"turns":6},{"damage":4,"enemies":"Exordium Wildlife","floor":12,"turns":4},{"damage":7,"enemies":"Looter","floor":14,"turns":2},{"damage":26,"enemies":"Hexaghost","floor":16,"turns":11},{"damage":0,"enemies":"Shell Parasite","floor":18,"turns":5},{"damage":10,"enemies":"3 Byrds","floor":20,"turns":1},{"damage":12,"enemies":"Centurion and Healer","floor":22,"turns":12},{"damage":0,"enemies":"Snake Plant","floor":24,"turns":5},{"damage":24,"enemies":"Cultist and Chosen","floor":27,"turns":9},{"damage":7,"enemies":"Centurion and Healer","floor":28,"turns":13},{"damage":0,"enemies":"Chosen and Byrds","floor":30,"turns":10},{"damage":1,"enemies":"Automaton","floor":33,"turns":8},{"damage":21,"enemies":"Flame Bruiser 1 Orb","floor":35,"turns":8},{"damage":0,"enemies":"3 Shapes","floor":39,"turns":8},{"damage":0,"enemies":"Transient","floor":41,"turns":4},{"damage":81,"enemies":"2 Orb Walkers","floor":44,"turns":7}],"relics_obtained":[{"floor":9,"key":"DataDisk"},{"floor":10,"key":"Happy Flower"},{"floor":26,"key":"Dream Catcher"},{"floor":43,"key":"Meat on the Bone"}],"event_choices":[{"event_name":"Golden Idol","player_choice":"Take Wound","floor":2,"damage_taken":0},{"event_name":"World of Goop","player_choice":"Gather Gold","floor":4,"damage_taken":0},{"event_name":"Beggar","player_choice":"Gave Gold","floor":19,"damage_taken":0},{"event_name":"Ghosts","player_choice":"Ignored","floor":21,"damage_taken":0},{"event_name":"Drug Dealer","player_choice":"Ignored","floor":31,"damage_taken":0},{"event_name":"Winding Halls","player_choice":"Embrace Madness","floor":36,"damage_taken":0},{"event_name":"The Moai Head","player_choice":"Gave Idol","floor":38,"damage_taken":0}],"boss_relics":[{"not_picked":["Snecko Eye","Runic Pyramid"],"picked":"Empty Cage"},{"not_picked":["Coffee Dripper","Astrolabe"],"picked":"Busted Crown"}],"items_purged_floors":[37],"is_endless":true,"potions_floor_spawned":[1,5,10,20,28,30,41],"seed_played":"-5723293868680216731","killed_by":"2 Orb Walkers","ascension_level":0,"potions_obtained":[{"floor":1,"key":"Regen Potion"},{"floor":5,"key":"FocusPotion"},{"floor":10,"key":"PowerPotion"},{"floor":20,"key":"SneckoOil"},{"floor":28,"key":"SmokeBomb"}],"is_trial":false}