{"gold_per_floor":[114,67,67,28,28,28,358,373,373,403,418,448,448,463,463,563,563,578,593,608,137,152,152,167,197,197,227,242,242,92,122,122,122],"floor_reached":33,"playtime":2420,"items_purged":["Cloak And Dagger"],"score":350,"play_id":"1e264c35-07a7-4f07-9635-252e56189218","local_time":"20181021172215","daily_mods":["Draft","Red Cards","Elite Swarm"],"is_ascension_mode":false,"campfire_choices":[{"data":"Footwork","floor":6.0,"key":"SMITH"},{"data":"1","floor":13.0,"key":"LIFT"},{"floor":15.0,"key":"REST"},{"data":"Limit Break","floor":23,"key":"SMITH"},{"data":"Entrench","floor":32,"key":"SMITH"}],"neow_cost":"","seed_source_timestamp":0,"circlet_count":0,"master_deck":["Dagger Throw","True Grit","Rage","Cleave","Pommel Strike","Entrench+1","Flex","Backstab","Dagger Throw","Body Slam","Quick Slash","Shrug It Off","Flying Knee","Backflip","Dodge and Roll","Footwork+1","Venomology","Iron Wave","Malaise","Limit Break+1","Headbutt","Anger","Impervious","Flying Knee","Flex+1","Master of Strategy","Poisoned Stab","Tactician","Barricade","Warcry"],"special_seed":17825,"relics":["Ring of the Snake","Dream Catcher","Old Coin","Peace Pipe","Girya","Paper Crane","Coffee Dripper","Boot","Anchor","Regal Pillow","Dodecahedron","Letter Opener","Tingsha"],"potions_floor_usage":[19,20,22,24,27,27,28,31,33,33],"damage_taken":[{"damage":0.0,"enemies":"2 Louse","floor":1.0,"turns":1.0},{"damage":18.0,"enemies":"Gremlin Nob","floor":7.0,"turns":4.0},{"damage":0.0,"enemies":"Cultist","floor":8.0,"turns":2.0},{"damage":3.0,"enemies":"Lagavulin","floor":10.0,"turns":5.0},{"damage":0.0,"enemies":"Jaw Worm","floor":11.0,"turns":2.0},{"damage":5.0,"enemies":"Gremlin Nob","floor":12.0,"turns":6.0},{"damage":1.0,"enemies":"Exordium Thugs","floor":14.0,"turns":5.0},{"damage":20.0,"enemies":"Hexaghost","floor":16.0,"turns":10.0},{"damage":5.0,"enemies":"Shell Parasite","floor":18.0,"turns":4.0},{"damage":1,"enemies":"2 Thieves","floor":19,"turns":3},{"damage":10,"enemies":"Snake Plant","floor":20,"turns":3},{"damage":0,"enemies":"Snecko","floor":22,"turns":2},{"damage":6,"enemies":"3 Cultists","floor":24,"turns":3},{"damage":9,"enemies":"Slavers","floor":25,"turns":7},{"damage":10,"enemies":"Book of Stabbing","floor":27,"turns":5},{"damage":0,"enemies":"Chosen and Byrds","floor":28,"turns":5},{"damage":0,"enemies":"Gremlin Leader","floor":31,"turns":7},{"damage":77,"enemies":"Collector","floor":33,"turns":6}],"seed_played":"-5153985604349914774","potions_obtained":[{"floor":10.0,"key":"EssenceOfSteel"},{"floor":11.0,"key":"Ancient Potion"},{"floor":12.0,"key":"SkillPotion"},{"floor":16.0,"key":"Regen Potion"},{"floor":20,"key":"AttackPotion"},{"floor":22,"key":"Regen Potion"},{"floor":27,"key":"Regen Potion"},{"floor":31,"key":"FearPotion"}],"is_trial":false,"path_per_floor":["M","$","?","$","?","R","E","M","T","E","M","E","R","M","R","B",null,"M","M","M","$","M","R","M","E","T","E","M","?","$","E","R"],"character_chosen":"THE_SILENT","items_purchased":["Dodge and Roll","Footwork","Boot","Anchor","Master of Strategy","Regen Potion"],"campfire_rested":1,"item_purchase_floors":[2,4,21,21,21,30],"current_hp_per_floor":[70,70,70,70,67,67,49,49,49,46,46,41,41,40,61,41,70,70,69,59,59,59,59,62,53,53,43,57,57,57,70,70,0],"gold":122,"neow_bonus":"","is_prod":false,"is_daily":true,"chose_seed":false,"campfire_upgraded":3,"win_rate":0,"timestamp":1540156935,"path_taken":["M","$","?","?","?","R","E","M","T","E","?","E","R","M","R","BOSS","M","M","M","$","M","R","M","E","T","E","M","?","?","E","R","BOSS"],"build_version":"2018-10-18","purchased_purges":1,"victory":false,"max_hp_per_floor":[70,70,70,70,70,70,70,70,70,70,70,70,70,70,70,70,70,70,70,70,70,70,70,70,70,70,70,70,70,70,70,70,70],"card_choices":[{"not_picked":["Flex","Riddle With Holes"],"picked":"Dagger Throw","floor":0.0},{"not_picked":["Deadly Poison","Anger"],"picked":"True Grit","floor":0.0},{"not_picked":["PiercingWail","Underhanded Strike"],"picked":"Rampage","floor":0.0},{"not_picked":["Cloak And Dagger","Dagger Throw"],"picked":"Rage","floor":0.0},{"not_picked":["Flame Barrier","Underhanded Strike"],"picked":"Cleave","floor":0.0},{"not_picked":["Burning Pact","Entrench"],"picked":"Pommel Strike","floor":0.0},{"not_picked":["Dodge and Roll","Twin Strike"],"picked":"Entrench","floor":0.0},{"not_picked":["Bouncing Flask","Distraction"],"picked":"Flex","floor":0.0},{"not_picked":["Eviscerate","Poisoned Stab"],"picked":"Backstab","floor":0.0},{"not_picked":["Well Laid Plans","Cloak And Dagger"],"picked":"Dagger Throw","floor":0.0},{"not_picked":["Wild Strike","Thunderclap"],"picked":"Body Slam","floor":0.0},{"not_picked":["Bane","Well Laid Plans"],"picked":"Quick Slash","floor":0.0},{"not_picked":["Perfected Strike","Cleave"],"picked":"Shrug It Off","floor":0.0},{"not_picked":["Intimidate","Blade Dance"],"picked":"Flying Knee","floor":0.0},{"not_picked":["Pommel Strike","Outmaneuver"],"picked":"Backflip","floor":0.0},{"not_picked":["Expertise","Disarm"],"picked":"Cloak And Dagger","floor":1.0},{"not_picked":["Offering","Berserk"],"picked":"Venomology","floor":7.0},{"not_picked":["Flying Knee","Warcry"],"picked":"Iron Wave","floor":8.0},{"not_picked":["Offering","Storm of Steel"],"picked":"Malaise","floor":10.0},{"not_picked":["Quick Slash","Second Wind","Wild Strike"],"picked":"SKIP","floor":11.0},{"not_picked":["Doppelganger","Die Die Die"],"picked":"Limit Break","floor":12.0},{"not_picked":["Warcry","Armaments"],"picked":"Headbutt","floor":14.0},{"not_picked":["Clothesline","Burning Pact"],"picked":"Anger","floor":15.0},{"not_picked":["Malaise","Tools of the Trade"],"picked":"Impervious","floor":16.0},{"not_picked":["Catalyst","Bane"],"picked":"Flying Knee","floor":18},{"not_picked":["Outmaneuver","Calculated Gamble"],"picked":"Flex+1","floor":19},{"not_picked":["Clothesline","Sword Boomerang","Quick Slash"],"picked":"SKIP","floor":20},{"not_picked":["Setup+1","Searing Blow"],"picked":"Poisoned Stab","floor":22},{"not_picked":["Body Slam","Rupture"],"picked":"Tactician","floor":24},{"not_picked":["After Image","Doppelganger"],"picked":"Barricade","floor":25},{"not_picked":["Grand Finale","Unload","Demon Form"],"picked":"SKIP","floor":27},{"not_picked":["Rampage+1","Flex+1"],"picked":"Warcry","floor":28},{"not_picked":["Doppelganger","Glass Knife","Tools of the Trade"],"picked":"SKIP","floor":31}],"player_experience":350803,"relics_obtained":[{"floor":7.0,"key":"Old Coin"},{"floor":9.0,"key":"Peace Pipe"},{"floor":10.0,"key":"Girya"},{"floor":12.0,"key":"Paper Crane"},{"floor":25,"key":"Regal Pillow"},{"floor":26,"key":"Dodecahedron"},{"floor":27,"key":"Letter Opener"},{"floor":31,"key":"Tingsha"}],"event_choices":[{"cards_removed":["Rampage"],"damage_healed":0.0,"max_hp_gain":0.0,"max_hp_loss":0.0,"gold_gain":0.0,"event_name":"Bonfire Elementals","player_choice":"Offered Uncommon","floor":3.0,"gold_loss":0.0,"damage_taken":0.0},{"damage_healed":0.0,"max_hp_gain":0.0,"max_hp_loss":0.0,"gold_gain":0.0,"event_name":"Scrap Ooze","player_choice":"Success","floor":5.0,"gold_loss":0.0,"damage_taken":3.0,"relics_obtained":["Dream Catcher"]},{"damage_healed":0,"gold_gain":0,"player_choice":"Ignored","damage_taken":0,"max_hp_gain":0,"max_hp_loss":0,"event_name":"Vampires","floor":29,"gold_loss":0}],"is_beta":false,"boss_relics":[{"not_picked":["Snecko Eye","White Beast Statue"],"picked":"Coffee Dripper"}],"items_purged_floors":[30],"is_endless":false,"potions_floor_spawned":[10,11,12,16,20,22,27,31],"killed_by":"Collector","ascension_level":0}