{"gold_per_floor":[115,125,142,142,162,162,191,191,218,244,244,262,319,351,351,454,454,470,745,770,770,662,662,688,705,728,753,773,81,110,110,110,210,210,222,322,322,13,13,43,43,43,68,68,99,145,172,22,22,22],"floor_reached":51,"playtime":5932,"items_purged":["Regret","Strike_B"],"score":971,"play_id":"9878afa0-6c74-4033-b1ef-18c335c431a2","local_time":"20190128235909","is_ascension_mode":true,"campfire_choices":[{"data":"Zap","floor":6,"key":"SMITH"},{"data":"Echo Form","floor":8,"key":"SMITH"},{"data":"Go for the Eyes","floor":11,"key":"SMITH"},{"floor":15,"key":"REST"},{"floor":23,"key":"REST"},{"floor":32,"key":"REST"},{"data":"Streamline","floor":41,"key":"SMITH"},{"data":"Defragment","floor":44,"key":"SMITH"},{"data":"Darkness","floor":49,"key":"SMITH"}],"neow_cost":"NONE","seed_source_timestamp":1291787746257177,"circlet_count":0,"master_deck":["Strike_B+1","Defend_B","Defend_B","Defend_B","Zap+1","Sunder","Conserve Battery","Capacitor","Streamline+1","Chill","Echo Form+1","Go for the Eyes+1","Seek","Glacier","Creative AI","Coolheaded","Cold Snap+1","Defragment","FTL+1","Force Field","Defragment+1","BootSequence","Coolheaded","All For One","Biased Cognition+1","Loop+1","Turbo+1","Chill+1","Cold Snap+1","Self Repair","Finesse","Darkness+1","Fusion+1"],"relics":["Cracked Core","Vajra","Ancient Tea Set","Pen Nib","Dodecahedron","Juzu Bracelet","Nuclear Battery","Red Mask","Enchiridion","Du-Vu Doll","Whetstone","Gambling Chip","Pear","Question Card","Happy Flower","Matryoshka","Astrolabe","FossilizedHelix","Cables","Bag of Preparation","Lantern","Strawberry","Boot","Turnip","Dream Catcher","DataDisk"],"potions_floor_usage":[7,7,20,25,30,50,50,50],"damage_taken":[{"damage":1,"enemies":"Jaw Worm","floor":1,"turns":3},{"damage":1,"enemies":"Cultist","floor":2,"turns":3},{"damage":2,"enemies":"Small Slimes","floor":3,"turns":4},{"damage":0,"enemies":"3 Louse","floor":5,"turns":3},{"damage":10,"enemies":"Lagavulin","floor":7,"turns":5},{"damage":16,"enemies":"Gremlin Nob","floor":10,"turns":4},{"damage":0,"enemies":"Gremlin Gang","floor":12,"turns":3},{"damage":22,"enemies":"3 Sentries","floor":14,"turns":7},{"damage":4,"enemies":"The Guardian","floor":16,"turns":9},{"damage":6,"enemies":"Spheric Guardian","floor":18,"turns":4},{"damage":1,"enemies":"Masked Bandits","floor":20,"turns":4},{"damage":25,"enemies":"Gremlin Leader","floor":24,"turns":10},{"damage":12,"enemies":"Chosen","floor":25,"turns":5},{"damage":2,"enemies":"Book of Stabbing","floor":27,"turns":6},{"damage":2,"enemies":"Centurion and Healer","floor":28,"turns":8},{"damage":10,"enemies":"Gremlin Leader","floor":30,"turns":7},{"damage":13,"enemies":"Collector","floor":33,"turns":10},{"damage":0,"enemies":"3 Darklings","floor":35,"turns":3},{"damage":0,"enemies":"Mind Bloom Boss Battle","floor":36,"turns":7},{"damage":0,"enemies":"Nemesis","floor":40,"turns":5},{"damage":0,"enemies":"Reptomancer","floor":45,"turns":6},{"damage":0,"enemies":"2 Orb Walkers","floor":46,"turns":5},{"damage":0,"enemies":"Giant Head","floor":47,"turns":8},{"damage":41,"enemies":"Awakened One","floor":50,"turns":17}],"seed_played":"-9047900765814252095","potions_obtained":[{"floor":2,"key":"FocusPotion"},{"floor":3,"key":"LiquidBronze"},{"floor":5,"key":"SkillPotion"},{"floor":12,"key":"SneckoOil"},{"floor":14,"key":"Explosive Potion"},{"floor":16,"key":"Ancient Potion"},{"floor":24,"key":"Explosive Potion"},{"floor":28,"key":"Block Potion"},{"floor":36,"key":"Strength Potion"}],"is_trial":false,"path_per_floor":["M","M","M","?","M","R","E","R","T","E","R","M","?","E","R","B",null,"M","?","?","?","$","R","E","M","T","E","M","$","E","T","R","B",null,"M","?","?","$","?","E","R","?","T","R","E","?","E","$","R","B",null],"character_chosen":"DEFECT","items_purchased":["Defragment","FTL","Coolheaded","Pear","Question Card","Cables","Self Repair","DataDisk"],"campfire_rested":3,"item_purchase_floors":[22,29,29,29,29,38,38,48],"current_hp_per_floor":[74,73,71,71,71,71,61,61,61,45,45,45,45,23,45,41,75,69,69,68,52,52,74,49,37,37,35,33,43,33,33,58,45,85,85,85,85,85,85,85,85,81,88,88,88,88,88,88,88,47],"gold":22,"neow_bonus":"TRANSFORM_CARD","is_prod":false,"is_daily":false,"chose_seed":false,"campfire_upgraded":6,"win_rate":0,"timestamp":1548737949,"path_taken":["M","M","M","?","M","R","E","R","T","E","R","?","?","E","R","BOSS","M","?","?","?","$","R","E","M","T","E","M","$","E","?","R","BOSS","M","?","?","$","?","E","R","?","T","R","E","?","E","$","R","BOSS"],"build_version":"2019-01-23","purchased_purges":2,"victory":true,"max_hp_per_floor":[75,75,75,75,75,75,75,75,75,75,75,75,75,75,75,75,75,75,75,75,75,75,75,75,75,75,75,75,85,85,85,85,85,85,85,85,85,85,85,85,85,81,88,88,88,88,88,88,88,88],"card_choices":[{"not_picked":["Sweeping Beam","Stack"],"picked":"Conserve Battery","floor":1},{"not_picked":["Turbo","Barrage"],"picked":"Capacitor","floor":2},{"not_picked":["Stack","Storm"],"picked":"Streamline","floor":3},{"not_picked":["Beam Cell","Doom and Gloom"],"picked":"Chill","floor":5},{"not_picked":["Go for the Eyes","Aggregate"],"picked":"Echo Form","floor":7},{"not_picked":["Turbo","Streamline"],"picked":"Go for the Eyes","floor":10},{"not_picked":["Stack","Go for the Eyes"],"picked":"Seek","floor":12},{"not_picked":["Heatsinks","Turbo"],"picked":"Glacier","floor":14},{"not_picked":["Buffer","Seek"],"picked":"Creative AI","floor":16},{"not_picked":["Rebound","Double Energy"],"picked":"Coolheaded","floor":18},{"not_picked":["Recycle","White Noise"],"picked":"Cold Snap+1","floor":20},{"not_picked":["Beam Cell","Turbo+1"],"picked":"FTL","floor":24},{"not_picked":["Coolheaded","Fusion"],"picked":"Force Field","floor":25},{"not_picked":["Gash","Conserve Battery"],"picked":"Defragment","floor":27},{"not_picked":["Cold Snap","Turbo"],"picked":"BootSequence","floor":28},{"not_picked":["Force Field","White Noise","Skim","Barrage"],"picked":"SKIP","floor":30},{"not_picked":["Biased Cognition","Meteor Strike","Fission"],"picked":"All For One","floor":33},{"not_picked":["Redo","Ball Lightning+1","Leap"],"picked":"Chill+1","floor":35},{"not_picked":["Hello World+1","Turbo+1","Beam Cell+1"],"picked":"Cold Snap+1","floor":36},{"not_picked":["Sadistic Nature","Panache","Blind"],"picked":"Finesse","floor":39},{"not_picked":["Doom and Gloom+1","Aggregate","Sweeping Beam","Reinforced Body+1"],"picked":"SKIP","floor":40},{"not_picked":["Hello World+1","Rip and Tear+1","Leap+1","Turbo"],"picked":"SKIP","floor":45},{"not_picked":["Undo","Compile Driver","Streamline"],"picked":"Darkness","floor":46},{"not_picked":["Seek","Conserve Battery","Buffer"],"picked":"Fusion+1","floor":47}],"player_experience":167784,"relics_obtained":[{"floor":7,"key":"Ancient Tea Set"},{"floor":9,"key":"Pen Nib"},{"floor":10,"key":"Dodecahedron"},{"floor":14,"key":"Juzu Bracelet"},{"floor":20,"key":"Red Mask"},{"floor":21,"key":"Enchiridion"},{"floor":24,"key":"Du-Vu Doll"},{"floor":26,"key":"Whetstone"},{"floor":27,"key":"Gambling Chip"},{"floor":30,"key":"Happy Flower"},{"floor":31,"key":"Matryoshka"},{"floor":36,"key":"FossilizedHelix"},{"floor":40,"key":"Bag of Preparation"},{"floor":43,"key":"Lantern"},{"floor":43,"key":"Strawberry"},{"floor":45,"key":"Boot"},{"floor":46,"key":"Turnip"},{"floor":47,"key":"Dream Catcher"}],"event_choices":[{"damage_healed":0,"gold_gain":0,"player_choice":"Gave Potion","damage_taken":0,"relics_obtained":["Vajra"],"max_hp_gain":0,"max_hp_loss":0,"event_name":"WeMeetAgain","floor":4,"gold_loss":0},{"damage_healed":0,"gold_gain":57,"player_choice":"Gained Gold","damage_taken":0,"max_hp_gain":0,"max_hp_loss":0,"event_name":"Golden Wing","floor":13,"gold_loss":0},{"damage_healed":0,"gold_gain":275,"player_choice":"Desecrate","damage_taken":0,"max_hp_gain":0,"max_hp_loss":0,"event_name":"Golden Shrine","floor":19,"gold_loss":0,"cards_obtained":["Regret"]},{"damage_healed":0,"gold_gain":0,"player_choice":"Fought Bandits","damage_taken":0,"max_hp_gain":0,"max_hp_loss":0,"event_name":"Masked Bandits","floor":20,"gold_loss":0},{"damage_healed":0,"gold_gain":0,"player_choice":"Obtained Book","damage_taken":16,"max_hp_gain":0,"max_hp_loss":0,"event_name":"Cursed Tome","floor":21,"gold_loss":0},{"damage_healed":0,"gold_gain":0,"player_choice":"Fight","damage_taken":0,"max_hp_gain":0,"max_hp_loss":0,"event_name":"MindBloom","floor":36,"gold_loss":0},{"cards_removed":["FTL"],"damage_healed":0,"gold_gain":0,"player_choice":"Removed Attack","damage_taken":0,"max_hp_gain":0,"max_hp_loss":0,"event_name":"Falling","floor":37,"gold_loss":0},{"damage_healed":0,"gold_gain":0,"player_choice":"Memory 1","damage_taken":0,"max_hp_gain":0,"max_hp_loss":0,"event_name":"SensoryStone","floor":39,"gold_loss":0},{"damage_healed":0,"gold_gain":0,"player_choice":"Max HP","damage_taken":0,"max_hp_gain":0,"max_hp_loss":4,"event_name":"Winding Halls","floor":42,"gold_loss":0},{"damage_healed":0,"gold_gain":0,"player_choice":"Fight","damage_taken":0,"max_hp_gain":0,"max_hp_loss":0,"event_name":"Mysterious Sphere","floor":46,"gold_loss":0}],"is_beta":false,"boss_relics":[{"not_picked":["Tiny House","Fusion Hammer"],"picked":"Nuclear Battery"},{"not_picked":["Philosopher\u0027s Stone","Runic Pyramid"],"picked":"Astrolabe"}],"items_purged_floors":[22,29],"is_endless":false,"potions_floor_spawned":[2,3,5,12,14,16,24,28,36,40,46],"ascension_level":1}