{"path_per_floor":["M","?","$","?","M","R","E","R","T","R","?","M","?","M","R","B",null,"M","$","?","M","M","E","?","R","T","R","T","$","?","M","R","B",null,"M","?","?","$","M"],"character_chosen":"IRONCLAD","items_purchased":["Blood for Blood","Anger","Champion Belt","Fire Breathing","Bag of Marbles"],"gold_per_floor":[109,109,32,32,47,47,76,76,76,76,76,95,95,109,109,212,212,222,95,95,109,124,158,158,158,158,158,458,81,81,91,91,190,190,203,203,173,19,31,31],"floor_reached":40,"campfire_rested":4,"playtime":2464,"current_hp_per_floor":[79,63,63,63,59,59,33,33,47,47,54,60,60,62,92,65,101,73,73,73,64,56,13,13,43,43,73,73,73,73,70,100,35,101,80,67,67,67,50,0],"items_purged":["Normality"],"gold":31,"score":425,"play_id":"b148852f-2b4e-45da-ac17-23e2bf6c0c67","local_time":"20180324142404","is_prod":false,"is_daily":false,"is_ascension_mode":false,"campfire_upgraded":3,"timestamp":1521915844,"path_taken":["M","?","?","?","M","R","E","R","T","R","?","?","?","M","R","BOSS","M","$","?","M","M","E","?","R","T","R","?","$","?","?","R","BOSS","M","?","?","$","M","E"],"build_version":"2018-03-22v2","purchased_purges":1,"victory":false,"master_deck":["Strike_R+1","Strike_R+1","Strike_R+1","Strike_R+1","Strike_R+1","Defend_R+1","Defend_R+1","Defend_R+1","Defend_R+1","Bash+1","Inflame+1","Blood for Blood+1","Thunderclap+1","Warcry","Headbutt","Searing Blow","Demon Form","Warcry+1","Anger","Seeing Red+1","Armaments+1","Iron Wave+1","Sword Boomerang","Fire Breathing","Anger","Limit Break","Cleave+1","Madness","Madness","Perfected Strike"],"max_hp_per_floor":[80,80,80,80,80,80,80,80,94,94,101,101,101,101,101,101,101,101,101,101,101,101,101,101,101,101,101,101,101,101,101,101,101,101,101,101,101,101,101,101],"relics":["Black Blood","Happy Flower","Bird Faced Urn","Mango","Strawberry","Blood Vial","Red Skull","Old Coin","Champion Belt","Black Star","Bag of Marbles"],"card_choices":[{"not_picked":["Intimidate","Twin Strike"],"picked":"Inflame","floor":1},{"not_picked":["Armaments","Fire Breathing"],"picked":"Thunderclap","floor":5},{"not_picked":["Clothesline","Flame Barrier"],"picked":"Warcry","floor":7},{"not_picked":["Shrug It Off","Clothesline"],"picked":"Headbutt","floor":12},{"not_picked":["Hemokinesis","Spot Weakness"],"picked":"Searing Blow","floor":14},{"not_picked":["Double Tap","Berserk"],"picked":"Demon Form","floor":16},{"not_picked":["Searing Blow","Feel No Pain"],"picked":"Warcry","floor":18},{"not_picked":["Flex","Power Through"],"picked":"Armaments","floor":21},{"not_picked":["Inflame","Hemokinesis"],"picked":"Iron Wave","floor":22},{"not_picked":["Heavy Blade","Second Wind"],"picked":"Sword Boomerang","floor":23},{"not_picked":["Hemokinesis","Thunderclap"],"picked":"Anger","floor":31},{"not_picked":["Fiend Fire","Demon Form"],"picked":"Limit Break","floor":33},{"not_picked":["Iron Wave","Rupture"],"picked":"Cleave","floor":35},{"not_picked":["True Grit","Anger"],"picked":"Perfected Strike","floor":39}],"player_experience":19163,"potions_floor_usage":[21,22,23,35],"damage_taken":[{"damage":7,"enemies":"2 Louse","floor":1,"turns":3},{"damage":10,"enemies":"Small Slimes","floor":5,"turns":3},{"damage":32,"enemies":"3 Sentries","floor":7,"turns":6},{"damage":0,"enemies":"Cultist","floor":12,"turns":2},{"damage":6,"enemies":"Exordium Thugs","floor":14,"turns":3},{"damage":35,"enemies":"Slime Boss","floor":16,"turns":6},{"damage":40,"enemies":"2 Thieves","floor":18,"turns":4},{"damage":23,"enemies":"Spheric Guardian","floor":21,"turns":4},{"damage":22,"enemies":"Snake Plant","floor":22,"turns":4},{"damage":55,"enemies":"Book of Stabbing","floor":23,"turns":5},{"damage":19,"enemies":"Cultist and Chosen","floor":31,"turns":7},{"damage":78,"enemies":"Automaton","floor":33,"turns":8},{"damage":35,"enemies":"3 Darklings","floor":35,"turns":5},{"damage":31,"enemies":"3 Shapes","floor":39,"turns":3},{"damage":58,"enemies":"Giant Head","floor":40,"turns":6}],"event_choices":[{"event_name":"Shining Light","player_choice":"Entered Light","floor":2,"damage_taken":0},{"event_name":"Living Wall","player_choice":"Grow","floor":4,"damage_taken":0},{"event_name":"Accursed Blacksmith","player_choice":"Rummage","floor":11,"damage_taken":0},{"event_name":"Liars Game","player_choice":"disagreed","floor":13,"damage_taken":0},{"event_name":"The Library","player_choice":"Read","floor":20,"damage_taken":0},{"event_name":"Back to Basics","player_choice":"Simplicity","floor":24,"damage_taken":0},{"event_name":"Upgrade Shrine","player_choice":"Upgraded","floor":30,"damage_taken":0},{"event_name":"Winding Halls","player_choice":"Embrace Madness","floor":36,"damage_taken":0},{"event_name":"The Woman in Blue","player_choice":"Bought 2 Potions","floor":37,"damage_taken":0}],"boss_relics":[{"not_picked":["Orrery","White Beast Statue"],"picked":"Black Blood"},{"not_picked":["Runic Cube","Cursed Key"],"picked":"Black Star"}],"potions_floor_spawned":[1,7,14,22,33],"seed_played":"-8525979803715186606","killed_by":"Giant Head","ascension_level":0,"is_trial":false}