{"gold_per_floor":[369,369,385,310,322,322,336,79,103,103,103,115,115,15,15,15],"floor_reached":16,"playtime":571,"items_purged":["Strike_R","Strike_R"],"score":90,"play_id":"3d02a67c-b51a-464e-9f17-e400c30bd9df","local_time":"20181224153502","is_ascension_mode":false,"campfire_choices":[{"data":"Disarm","floor":6,"key":"SMITH"},{"floor":10,"key":"RECALL"},{"data":"Iron Wave","floor":15,"key":"SMITH"}],"neow_cost":"PERCENT_DAMAGE","seed_source_timestamp":599591198700760,"circlet_count":0,"master_deck":["Strike_R","Strike_R","Defend_R","Defend_R","Defend_R","Bash","Disarm+1","Iron Wave+1","Seeing Red","Inflame","Disarm"],"relics":["Burning Blood","Paper Frog","PreservedInsect","Golden Idol"],"potions_floor_usage":[],"damage_taken":[{"damage":0,"enemies":"Small Slimes","floor":1,"turns":3},{"damage":0,"enemies":"Cultist","floor":3,"turns":3},{"damage":2,"enemies":"2 Louse","floor":5,"turns":5},{"damage":4,"enemies":"2 Fungi Beasts","floor":7,"turns":4},{"damage":0,"enemies":"Blue Slaver","floor":12,"turns":5},{"damage":59,"enemies":"Slime Boss","floor":16,"turns":17}],"seed_played":"-5654575011254213926","potions_obtained":[{"floor":1,"key":"Weak Potion"},{"floor":3,"key":"SteroidPotion"},{"floor":12,"key":"Weak Potion"}],"is_trial":false,"path_per_floor":["M","?","M","$","M","R","M","$","T","R","?","M","?","$","R","B"],"character_chosen":"IRONCLAD","items_purchased":["Paper Frog"],"campfire_rested":0,"item_purchase_floors":[8],"current_hp_per_floor":[62,62,68,68,72,72,74,74,74,74,67,73,53,53,53,0],"gold":15,"neow_bonus":"TWO_FIFTY_GOLD","is_prod":false,"is_daily":false,"chose_seed":false,"campfire_upgraded":2,"win_rate":0,"timestamp":1545633302,"path_taken":["M","?","M","$","M","R","?","$","T","R","?","M","?","?","R","BOSS"],"build_version":"2018-12-20","purchased_purges":2,"victory":false,"max_hp_per_floor":[80,80,80,80,80,80,80,80,80,80,80,80,80,80,80,80],"card_choices":[{"not_picked":["Intimidate","Dropkick"],"picked":"Disarm","floor":1},{"not_picked":["Corruption","Thunderclap","Dual Wield"],"picked":"SKIP","floor":3},{"not_picked":["Iron Wave","Clash"],"picked":"Seeing Red","floor":5},{"not_picked":["Fire Breathing","Sword Boomerang"],"picked":"Inflame","floor":7},{"not_picked":["Burning Pact","Iron Wave"],"picked":"Disarm","floor":12}],"player_experience":662421,"relics_obtained":[{"floor":9,"key":"PreservedInsect"}],"event_choices":[{"cards_removed":["Strike_R"],"damage_healed":0,"gold_gain":0,"player_choice":"Took Card","damage_taken":0,"max_hp_gain":0,"max_hp_loss":0,"event_name":"NoteForYourself","floor":2,"gold_loss":0,"cards_obtained":["Iron Wave"]},{"cards_removed":["Defend_R"],"damage_healed":0,"gold_gain":0,"player_choice":"Card Removal","damage_taken":7,"max_hp_gain":0,"max_hp_loss":0,"event_name":"Golden Wing","floor":11,"gold_loss":0},{"damage_healed":0,"gold_gain":0,"player_choice":"Take Damage","damage_taken":20,"relics_obtained":["Golden Idol"],"max_hp_gain":0,"max_hp_loss":0,"event_name":"Golden Idol","floor":13,"gold_loss":0}],"is_beta":false,"boss_relics":[],"items_purged_floors":[4,14],"is_endless":false,"potions_floor_spawned":[1,3,12],"killed_by":"Slime Boss","ascension_level":0}