{"gold_per_floor":[112,125,125,125,140,154,329,364,364,364,232,232,37,62,62,163,163,183,183,183,197,13,13,28,28],"floor_reached":25,"playtime":1917,"items_purged":[],"score":199,"play_id":"39bd1da7-48c1-4b07-a846-3a83b6e4fe7e","local_time":"20181223235639","is_ascension_mode":false,"campfire_choices":[{"data":"Bludgeon","floor":10,"key":"SMITH"},{"floor":12,"key":"REST"},{"floor":15,"key":"REST"},{"floor":23,"key":"REST"}],"neow_cost":"NONE","seed_source_timestamp":2238756072541568,"circlet_count":0,"master_deck":["Strike_R","Strike_R+1","Strike_R","Strike_R","Defend_R+1","Defend_R","Defend_R","Defend_R","Bash","Bludgeon+1","Searing Blow","Intimidate","Shockwave","Pommel Strike","Dropkick","Doubt","Rupture","Armaments+1","Feel No Pain","Metamorphosis+1","Iron Wave","Barricade","Cleave+1","Body Slam+1","Chrysalis+1","Bloodletting+1"],"relics":["Black Blood","Mercury Hourglass","Toxic Egg 2","Odd Mushroom","NlothsMask"],"potions_floor_usage":[],"damage_taken":[{"damage":0,"enemies":"Cultist","floor":1,"turns":2},{"damage":7,"enemies":"2 Louse","floor":2,"turns":3},{"damage":3,"enemies":"Jaw Worm","floor":5,"turns":2},{"damage":7,"enemies":"3 Louse","floor":6,"turns":4},{"damage":40,"enemies":"3 Sentries","floor":8,"turns":9},{"damage":13,"enemies":"The Mushroom Lair","floor":14,"turns":4},{"damage":38,"enemies":"Slime Boss","floor":16,"turns":5},{"damage":21,"enemies":"Chosen","floor":18,"turns":5},{"damage":63,"enemies":"Colosseum Slavers","floor":19,"turns":5},{"damage":14,"enemies":"3 Byrds","floor":21,"turns":5},{"damage":23,"enemies":"Snecko","floor":24,"turns":8},{"damage":24,"enemies":"Cultist and Chosen","floor":25,"turns":4}],"seed_played":"1606739606330457422","potions_obtained":[{"floor":2,"key":"Weak Potion"},{"floor":5,"key":"Poison Potion"},{"floor":6,"key":"SteroidPotion"},{"floor":16,"key":"GamblersBrew"}],"is_trial":false,"path_per_floor":["M","M","?","?","M","M","?","E","T","R","$","R","$","?","R","B",null,"M","?","?","M","$","R","M","M"],"character_chosen":"IRONCLAD","items_purchased":["Armaments+1","Feel No Pain","Metamorphosis+1","Chrysalis+1"],"campfire_rested":3,"item_purchase_floors":[11,11,13,22],"current_hp_per_floor":[80,79,79,63,66,65,65,31,31,31,31,55,55,48,72,40,80,69,16,16,12,12,36,23,0],"gold":28,"neow_bonus":"ONE_RANDOM_RARE_CARD","is_prod":false,"is_daily":false,"chose_seed":false,"campfire_upgraded":1,"win_rate":0.0,"timestamp":1545605799,"path_taken":["M","?","?","?","M","M","?","E","T","R","$","R","$","?","R","BOSS","M","?","?","M","$","R","?","M"],"build_version":"2018-12-20","purchased_purges":0,"victory":false,"max_hp_per_floor":[80,80,80,80,80,80,80,80,80,80,80,80,80,80,80,80,80,80,80,80,80,80,80,80,80],"card_choices":[{"not_picked":["Shrug It Off","Carnage"],"picked":"Searing Blow","floor":1},{"not_picked":["Reckless Charge","Warcry"],"picked":"Intimidate","floor":2},{"not_picked":["Bloodletting","Sword Boomerang"],"picked":"Pommel Strike","floor":5},{"not_picked":["Clash","Twin Strike"],"picked":"Dropkick","floor":6},{"not_picked":["Body Slam","Twin Strike"],"picked":"Rupture","floor":8},{"not_picked":["Blood for Blood","Cleave"],"picked":"Iron Wave","floor":14},{"not_picked":["Limit Break+1","Bludgeon"],"picked":"Barricade","floor":16},{"not_picked":["Perfected Strike","Heavy Blade"],"picked":"Cleave+1","floor":18},{"not_picked":["Disarm+1","Uppercut"],"picked":"Body Slam+1","floor":21},{"not_picked":["Hemokinesis+1","Headbutt"],"picked":"Bloodletting+1","floor":24}],"player_experience":11389,"relics_obtained":[{"floor":8,"key":"Mercury Hourglass"},{"floor":9,"key":"Toxic Egg 2"},{"floor":14,"key":"Odd Mushroom"}],"event_choices":[{"damage_healed":0,"gold_gain":0,"cards_transformed":["Strike_R"],"player_choice":"Change","damage_taken":0,"max_hp_gain":0,"max_hp_loss":0,"event_name":"Living Wall","floor":3,"gold_loss":0,"cards_obtained":["Shockwave"]},{"damage_healed":0,"gold_gain":0,"player_choice":"Entered Light","damage_taken":16,"max_hp_gain":0,"max_hp_loss":0,"event_name":"Shining Light","floor":4,"gold_loss":0,"cards_upgraded":["Defend_R","Strike_R"]},{"damage_healed":0,"gold_gain":175,"player_choice":"AGREE","damage_taken":0,"max_hp_gain":0,"max_hp_loss":0,"event_name":"Liars Game","floor":7,"gold_loss":0,"cards_obtained":["Doubt"]},{"damage_healed":0,"gold_gain":0,"player_choice":"Fought Mushrooms","damage_taken":0,"max_hp_gain":0,"max_hp_loss":0,"event_name":"Mushrooms","floor":14,"gold_loss":0},{"damage_healed":0,"gold_gain":0,"player_choice":"Fight","damage_taken":0,"max_hp_gain":0,"max_hp_loss":0,"event_name":"Colosseum","floor":19,"gold_loss":0},{"damage_healed":0,"gold_gain":0,"player_choice":"Fled From Nobs","damage_taken":0,"max_hp_gain":0,"max_hp_loss":0,"event_name":"Colosseum","floor":19,"gold_loss":0},{"damage_healed":0,"gold_gain":0,"player_choice":"Trade","damage_taken":0,"relics_obtained":["NlothsMask"],"max_hp_gain":0,"max_hp_loss":0,"event_name":"FaceTrader","floor":20,"gold_loss":0}],"is_beta":false,"boss_relics":[{"not_picked":["Busted Crown","Velvet Choker"],"picked":"Black Blood"}],"items_purged_floors":[],"is_endless":false,"potions_floor_spawned":[2,5,6,16,19,24],"killed_by":"Cultist and Chosen","ascension_level":0}