{"gold_per_floor":[109,128,142,92,111,140,140,160,160,160,41,41,41,58,58,135,135,153,38,38,55,55,55,86,86],"floor_reached":25,"playtime":1070,"items_purged":[],"score":365,"play_id":"c416aab1-6398-4603-b0d3-0d0d8b3a6b1c","local_time":"20190209194042","is_ascension_mode":true,"campfire_choices":[{"data":"Armaments","floor":7,"key":"SMITH"},{"data":"Disarm","floor":10,"key":"SMITH"},{"data":"True Grit","floor":12,"key":"SMITH"},{"floor":15,"key":"REST"},{"floor":23,"key":"REST"}],"neow_cost":"NONE","seed_source_timestamp":1038503918918394,"circlet_count":0,"master_deck":["AscendersBane","Strike_R","Strike_R","Strike_R+1","Strike_R+1","Defend_R","Defend_R","Defend_R","Defend_R","Bash","True Grit+1","Armaments+1","Heavy Blade","Heavy Blade","Sword Boomerang","Disarm+1","Shrug It Off","Berserk","Iron Wave","Necronomicurse"],"relics":["Burning Blood","Red Skull","The Courier","Mango","Whetstone","Busted Crown","Lantern","Necronomicon","Ice Cream"],"potions_floor_usage":[25],"damage_taken":[{"damage":2,"enemies":"Small Slimes","floor":1,"turns":4},{"damage":12,"enemies":"Jaw Worm","floor":2,"turns":3},{"damage":6,"enemies":"Cultist","floor":3,"turns":4},{"damage":13,"enemies":"Blue Slaver","floor":5,"turns":4},{"damage":36,"enemies":"3 Sentries","floor":6,"turns":9},{"damage":1,"enemies":"Exordium Wildlife","floor":8,"turns":2},{"damage":17,"enemies":"Lots of Slimes","floor":14,"turns":5},{"damage":53,"enemies":"Slime Boss","floor":16,"turns":15},{"damage":43,"enemies":"Spheric Guardian","floor":18,"turns":6},{"damage":12,"enemies":"Shell Parasite","floor":21,"turns":4},{"damage":53,"enemies":"Gremlin Leader","floor":24,"turns":5},{"damage":18,"enemies":"Sentry and Sphere","floor":25,"turns":3}],"seed_played":"8323762857174190513","potions_obtained":[{"floor":2,"key":"EssenceOfSteel"},{"floor":13,"key":"FairyPotion"}],"is_trial":false,"path_per_floor":["M","M","M","?","M","E","R","M","T","R","$","R","?","M","R","B",null,"M","$","?","M","$","R","E","M"],"character_chosen":"IRONCLAD","items_purchased":["Whetstone","Lantern"],"campfire_rested":2,"item_purchase_floors":[11,19],"current_hp_per_floor":[76,70,70,70,63,33,33,38,52,52,52,52,52,41,69,22,76,39,39,23,17,17,45,15,0],"gold":86,"neow_bonus":"RANDOM_COMMON_RELIC","is_prod":false,"is_daily":false,"chose_seed":false,"campfire_upgraded":3,"win_rate":0,"timestamp":1549762842,"path_taken":["M","M","M","?","M","E","R","M","T","R","$","R","?","M","R","BOSS","M","?","?","?","?","R","E","M"],"build_version":"2019-01-23","purchased_purges":0,"victory":false,"max_hp_per_floor":[80,80,80,80,80,80,80,80,94,94,94,94,94,94,94,94,94,94,94,94,94,94,94,94,94],"card_choices":[{"not_picked":["Perfected Strike","Flex"],"picked":"True Grit","floor":1},{"not_picked":["Bloodletting","Searing Blow"],"picked":"Armaments","floor":2},{"not_picked":["Entrench","Carnage"],"picked":"Heavy Blade","floor":3},{"not_picked":["Flex","True Grit"],"picked":"Heavy Blade","floor":5},{"not_picked":["Cleave","Sever Soul"],"picked":"Sword Boomerang","floor":6},{"not_picked":["Blood for Blood","Clothesline"],"picked":"Disarm","floor":8},{"not_picked":["Sever Soul","Twin Strike"],"picked":"Shrug It Off","floor":14},{"not_picked":["Bludgeon","Juggernaut"],"picked":"Berserk","floor":16},{"not_picked":[],"picked":"Iron Wave","floor":18},{"not_picked":["Body Slam"],"picked":"SKIP","floor":21},{"not_picked":["Warcry"],"picked":"SKIP","floor":24}],"player_experience":537458,"relics_obtained":[{"floor":6,"key":"The Courier"},{"floor":9,"key":"Mango"},{"floor":20,"key":"Necronomicon"},{"floor":24,"key":"Ice Cream"}],"event_choices":[{"cards_removed":["Strike_R"],"damage_healed":0,"gold_gain":0,"player_choice":"Card Removal","damage_taken":0,"max_hp_gain":0,"max_hp_loss":0,"event_name":"The Cleric","floor":4,"gold_loss":50},{"damage_healed":0,"gold_gain":0,"player_choice":"Got Potions","damage_taken":0,"max_hp_gain":0,"max_hp_loss":0,"event_name":"Lab","floor":13,"gold_loss":0},{"damage_healed":0,"gold_gain":0,"player_choice":"Obtained Book","damage_taken":16,"max_hp_gain":0,"max_hp_loss":0,"event_name":"Cursed Tome","floor":20,"gold_loss":0}],"is_beta":false,"boss_relics":[{"not_picked":["Calling Bell","Black Blood"],"picked":"Busted Crown"}],"items_purged_floors":[],"is_endless":false,"potions_floor_spawned":[2,14,16,21],"killed_by":"Sentry and Sphere","ascension_level":13}