{"gold_per_floor":[118,118,136,156,29,29,54,54,54,54,79,59,22,40,40,40],"floor_reached":16,"playtime":537,"items_purged":["Strike_B"],"score":138,"play_id":"44c4c26d-514e-4fb9-ab12-c0a2123e425b","local_time":"20181021002416","is_ascension_mode":true,"campfire_choices":[{"data":"Genetic Algorithm","floor":6,"key":"SMITH"},{"data":"Zap","floor":15,"key":"SMITH"}],"neow_cost":"TEN_PERCENT_HP_LOSS","seed_source_timestamp":97208704737833,"circlet_count":0,"master_deck":["Strike_B","Strike_B","Defend_B","Defend_B","Defend_B","Defend_B","Zap+1","Dualcast","AscendersBane","Genetic Algorithm+1","Steam","Go for the Eyes","Ball Lightning","Conserve Battery","Go for the Eyes","BootSequence","Seek"],"relics":["Cracked Core","Dead Branch","Golden Idol","NlothsMask"],"potions_floor_usage":[],"damage_taken":[{"damage":8,"enemies":"2 Louse","floor":1,"turns":3},{"damage":0,"enemies":"Small Slimes","floor":3,"turns":3},{"damage":1,"enemies":"Jaw Worm","floor":4,"turns":3},{"damage":3,"enemies":"Looter","floor":7,"turns":3},{"damage":0,"enemies":"Red Slaver","floor":11,"turns":3},{"damage":0,"enemies":"Blue Slaver","floor":14,"turns":3},{"damage":37,"enemies":"Slime Boss","floor":16,"turns":11}],"seed_played":"-6248854024221399008","potions_obtained":[{"floor":4,"key":"SpeedPotion"},{"floor":12,"key":"EssenceOfSteel"},{"floor":14,"key":"SteroidPotion"}],"is_trial":false,"path_per_floor":["M","?","M","M","$","R","M","?","T","?","M","?","$","M","R"],"character_chosen":"DEFECT","items_purchased":["Ball Lightning","BootSequence"],"campfire_rested":0,"item_purchase_floors":[5,13],"current_hp_per_floor":[60,43,43,42,42,42,39,39,39,32,32,32,32,32,32,0],"gold":40,"neow_bonus":"ONE_RARE_RELIC","is_prod":false,"is_daily":false,"chose_seed":false,"campfire_upgraded":2,"win_rate":0,"timestamp":1540049056,"path_taken":["M","?","M","M","$","R","M","?","T","?","?","?","$","M","R","BOSS"],"build_version":"2018-10-19","purchased_purges":1,"victory":false,"max_hp_per_floor":[68,68,68,68,68,68,68,68,68,68,68,68,68,68,68,68],"card_choices":[{"not_picked":["Barrage","Streamline"],"picked":"Genetic Algorithm","floor":1},{"not_picked":["Barrage","Compile Driver"],"picked":"Steam","floor":3},{"not_picked":["Rebound","Doom and Gloom"],"picked":"Go for the Eyes","floor":4},{"not_picked":["Fusion","Hologram"],"picked":"Conserve Battery","floor":7},{"not_picked":["Doom and Gloom","Turbo"],"picked":"Go for the Eyes","floor":11},{"not_picked":["Go for the Eyes","Undo"],"picked":"Seek","floor":14}],"player_experience":524322,"relics_obtained":[],"event_choices":[{"damage_healed":0,"gold_gain":0,"player_choice":"Take Damage","damage_taken":17,"relics_obtained":["Golden Idol"],"max_hp_gain":0,"max_hp_loss":0,"event_name":"Golden Idol","floor":2,"gold_loss":0},{"damage_healed":0,"gold_gain":0,"player_choice":"Trade","damage_taken":0,"relics_obtained":["NlothsMask"],"max_hp_gain":0,"max_hp_loss":0,"event_name":"FaceTrader","floor":8,"gold_loss":0},{"cards_removed":["Strike_B"],"damage_healed":0,"gold_gain":0,"player_choice":"Card Removal","damage_taken":7,"max_hp_gain":0,"max_hp_loss":0,"event_name":"Golden Wing","floor":10,"gold_loss":0},{"damage_healed":0,"gold_gain":0,"player_choice":"Bought 1 Potion","damage_taken":0,"max_hp_gain":0,"max_hp_loss":0,"event_name":"The Woman in Blue","floor":12,"gold_loss":0}],"is_beta":true,"boss_relics":[],"items_purged_floors":[5],"is_endless":false,"potions_floor_spawned":[4,14],"killed_by":"Slime Boss","ascension_level":10}