{"gold_per_floor":[113,38,38,188,199,199,216,216,292,303,323,323,323,20,20,20],"floor_reached":16,"playtime":293,"items_purged":["Strike_B","Doubt"],"score":167,"play_id":"786ac6c7-59f5-4030-b1a5-f422f626526a","local_time":"20190104215631","is_ascension_mode":true,"campfire_choices":[{"data":"Zap","floor":6,"key":"SMITH"},{"data":"Loop","floor":8,"key":"SMITH"},{"data":"Dualcast","floor":12,"key":"SMITH"},{"data":"White Noise","floor":15,"key":"SMITH"}],"neow_cost":"NONE","seed_source_timestamp":1573125477653605,"circlet_count":0,"master_deck":["AscendersBane","Strike_B","Strike_B","Strike_B","Defend_B","Defend_B","Defend_B","Zap+1","Dualcast+1","Loop+1","FTL","Conserve Battery","White Noise+1","FTL"],"relics":["Cracked Core","NeowsBlessing","Sundial","DataDisk"],"potions_floor_usage":[16],"damage_taken":[{"damage":0,"enemies":"Small Slimes","floor":1,"turns":1},{"damage":0,"enemies":"Cultist","floor":5,"turns":1},{"damage":0,"enemies":"2 Louse","floor":7,"turns":1},{"damage":20,"enemies":"Exordium Wildlife","floor":10,"turns":4},{"damage":17,"enemies":"Lots of Slimes","floor":11,"turns":4},{"damage":20,"enemies":"The Guardian","floor":16,"turns":2}],"seed_played":"-4513834504506050966","potions_obtained":[{"floor":5,"key":"Dexterity Potion"},{"floor":11,"key":"SteroidPotion"}],"is_trial":false,"path_per_floor":["M","$","?","?","M","R","M","R","T","M","M","R","?","$","R","B"],"character_chosen":"DEFECT","items_purchased":["FTL","DataDisk"],"campfire_rested":0,"item_purchase_floors":[14,14],"current_hp_per_floor":[64,64,57,57,57,57,57,57,57,37,20,20,20,20,20,0],"gold":20,"neow_bonus":"THREE_ENEMY_KILL","is_prod":false,"is_daily":false,"chose_seed":false,"campfire_upgraded":4,"win_rate":0,"timestamp":1546606591,"path_taken":["M","$","?","?","M","R","M","R","T","M","M","R","?","$","R","BOSS"],"build_version":"2019-01-03v3","purchased_purges":2,"victory":false,"max_hp_per_floor":[71,71,71,71,71,71,71,71,71,71,71,71,71,71,71,71],"card_choices":[{"not_picked":["Leap","Compile Driver","Blizzard"],"picked":"SKIP","floor":1},{"not_picked":["Hologram","Gash"],"picked":"Loop","floor":5},{"not_picked":["Steam","Turbo"],"picked":"FTL","floor":7},{"not_picked":["Leap","Stack"],"picked":"Conserve Battery","floor":10},{"not_picked":["Go for the Eyes","Beam Cell"],"picked":"White Noise","floor":11}],"player_experience":751657,"relics_obtained":[{"floor":9,"key":"Sundial"}],"event_choices":[{"cards_removed":["Defend_B"],"damage_healed":0,"gold_gain":0,"player_choice":"Card Removal","damage_taken":7,"max_hp_gain":0,"max_hp_loss":0,"event_name":"Golden Wing","floor":3,"gold_loss":0},{"damage_healed":0,"gold_gain":150,"player_choice":"AGREE","damage_taken":0,"max_hp_gain":0,"max_hp_loss":0,"event_name":"Liars Game","floor":4,"gold_loss":0,"cards_obtained":["Doubt"]},{"damage_healed":0,"gold_gain":0,"player_choice":"Searched \u00270\u0027 times","damage_taken":0,"max_hp_gain":0,"max_hp_loss":0,"event_name":"Dead Adventurer","floor":13,"gold_loss":0}],"is_beta":false,"boss_relics":[],"items_purged_floors":[2,14],"is_endless":false,"potions_floor_spawned":[5,11],"killed_by":"The Guardian","ascension_level":17}