{"gold_per_floor":[109,109,120,45,58,58,89,89,89,89,104,118,197,226,226,226],"floor_reached":16,"playtime":758,"items_purged":["Pain"],"score":127,"play_id":"8b671041-007d-4d22-ab72-35ecf6fb2a9c","local_time":"20181020161749","is_ascension_mode":true,"campfire_choices":[{"data":"Backflip","floor":6,"key":"SMITH"},{"floor":8,"key":"REST"},{"data":"Survivor","floor":10,"key":"SMITH"},{"floor":15,"key":"REST"}],"neow_cost":"CURSE","seed_source_timestamp":917827870254858,"circlet_count":0,"master_deck":["Defend_G","Defend_G","Defend_G","Defend_G","Defend_G","Strike_G","Strike_G","Strike_G","Strike_G","Strike_G","Survivor+1","Neutralize+1","Corpse Explosion","Backflip+1","Acrobatics","Quick Slash","Outmaneuver","All Out Attack","Noxious Fumes","Flying Knee"],"relics":["Ring of the Snake","The Courier","Centennial Puzzle","Art of War"],"potions_floor_usage":[7,7],"damage_taken":[{"damage":11,"enemies":"Jaw Worm","floor":1,"turns":5},{"damage":3,"enemies":"Cultist","floor":3,"turns":4},{"damage":1,"enemies":"2 Louse","floor":5,"turns":3},{"damage":18,"enemies":"Lagavulin","floor":7,"turns":10},{"damage":4,"enemies":"Red Slaver","floor":11,"turns":4},{"damage":12,"enemies":"Gremlin Gang","floor":12,"turns":3},{"damage":12,"enemies":"3 Sentries","floor":14,"turns":4},{"damage":56,"enemies":"Slime Boss","floor":16,"turns":7}],"seed_played":"4709740962232730919","potions_obtained":[{"floor":3,"key":"SkillPotion"},{"floor":5,"key":"Block Potion"}],"is_trial":false,"path_per_floor":["M","?","M","$","M","R","E","R","T","R","M","M","?","E","R"],"character_chosen":"THE_SILENT","items_purchased":[],"campfire_rested":2,"item_purchase_floors":[],"current_hp_per_floor":[59,59,56,56,55,55,37,58,58,58,54,42,42,30,51,0],"gold":226,"neow_bonus":"THREE_RARE_CARDS","is_prod":false,"is_daily":false,"chose_seed":false,"campfire_upgraded":2,"win_rate":0,"timestamp":1540066669,"path_taken":["M","?","?","$","M","R","E","R","T","R","M","?","?","E","R","BOSS"],"build_version":"2018-10-18","purchased_purges":1,"victory":false,"max_hp_per_floor":[70,70,70,70,70,70,70,70,70,70,70,70,70,70,70,70],"card_choices":[{"not_picked":["Doppelganger","Night Terror"],"picked":"Corpse Explosion","floor":0},{"not_picked":["PiercingWail","Well Laid Plans"],"picked":"Backflip","floor":1},{"not_picked":["Dodge and Roll","Backflip"],"picked":"Acrobatics","floor":3},{"not_picked":["Dagger Spray","Endless Agony"],"picked":"Quick Slash","floor":5},{"not_picked":["Deflect","Predator"],"picked":"Outmaneuver","floor":7},{"not_picked":["Doppelganger","Deflect"],"picked":"All Out Attack","floor":11},{"not_picked":["Poisoned Stab","Escape Plan"],"picked":"Noxious Fumes","floor":12},{"not_picked":["Bane","Cloak And Dagger"],"picked":"Flying Knee","floor":14}],"player_experience":340336,"relics_obtained":[{"floor":7,"key":"The Courier"},{"floor":9,"key":"Centennial Puzzle"},{"floor":14,"key":"Art of War"}],"event_choices":[{"damage_healed":0,"gold_gain":0,"player_choice":"Forge","damage_taken":0,"max_hp_gain":0,"max_hp_loss":0,"event_name":"Accursed Blacksmith","floor":2,"gold_loss":0,"cards_upgraded":["Neutralize"]},{"damage_healed":0,"gold_gain":79,"player_choice":"Gained Gold","damage_taken":0,"max_hp_gain":0,"max_hp_loss":0,"event_name":"Golden Wing","floor":13,"gold_loss":0}],"is_beta":false,"boss_relics":[],"items_purged_floors":[4],"is_endless":false,"potions_floor_spawned":[3,5],"killed_by":"Slime Boss","ascension_level":3}