{"gold_per_floor":[119,119,134,59,59,59,76,76,124,142,169,169,182,200,200,305,305,315,334,344,434,107,107,125,125,125,125,141,170,181,191,191,289,289,300,300,311,326,326,326,352,151,151,186,186,186,186,197,197,197],"floor_reached":50,"playtime":7795,"items_purged":["Defend_G","Strike_G","Defend_G"],"score":551,"play_id":"a97271b2-8f46-4686-9df3-d4a5d8ec6f98","local_time":"20190207051257","is_ascension_mode":false,"campfire_choices":[{"data":"Neutralize","floor":6,"key":"SMITH"},{"floor":8,"key":"REST"},{"data":"Finisher","floor":15,"key":"SMITH"},{"floor":23,"key":"REST"},{"floor":32,"key":"REST"},{"floor":40,"key":"REST"},{"floor":45,"key":"REST"},{"floor":47,"key":"REST"},{"floor":49,"key":"REST"}],"neow_cost":"NONE","seed_source_timestamp":1408245152000687,"circlet_count":0,"master_deck":["Defend_G","Defend_G","Defend_G+1","Strike_G+1","Strike_G","Survivor","Neutralize+1","Heel Hook","Acrobatics","Corpse Explosion","Finisher+1","Terror","Burst","Escape Plan","Deadly Poison+1","Footwork","Poisoned Stab+1","Backflip","Cloak And Dagger","Phantasmal Killer","Backstab+1","Backflip+1","Adrenaline"],"relics":["Ring of the Snake","Boot","Omamori","The Specimen","Runic Pyramid","Lantern","Ornamental Fan","Pear","Velvet Choker","StoneCalendar","Snake Skull","Bag of Marbles"],"potions_floor_usage":[5,19,29,31,33,36,41,44,44,50],"damage_taken":[{"damage":0,"enemies":"Small Slimes","floor":1,"turns":3},{"damage":2,"enemies":"Jaw Worm","floor":3,"turns":5},{"damage":0,"enemies":"Cultist","floor":7,"turns":3},{"damage":1,"enemies":"Exordium Thugs","floor":10,"turns":7},{"damage":15,"enemies":"3 Sentries","floor":11,"turns":4},{"damage":3,"enemies":"3 Louse","floor":13,"turns":3},{"damage":4,"enemies":"Blue Slaver","floor":14,"turns":2},{"damage":25,"enemies":"Hexaghost","floor":16,"turns":8},{"damage":0,"enemies":"3 Byrds","floor":18,"turns":2},{"damage":0,"enemies":"Shell Parasite","floor":19,"turns":3},{"damage":39,"enemies":"Sentry and Sphere","floor":20,"turns":7},{"damage":2,"enemies":"Snecko","floor":24,"turns":4},{"damage":26,"enemies":"Snake Plant","floor":28,"turns":3},{"damage":16,"enemies":"Book of Stabbing","floor":29,"turns":5},{"damage":6,"enemies":"Cultist and Chosen","floor":30,"turns":3},{"damage":5,"enemies":"Sentry and Sphere","floor":31,"turns":4},{"damage":21,"enemies":"Automaton","floor":33,"turns":11},{"damage":14,"enemies":"Orb Walker","floor":35,"turns":4},{"damage":0,"enemies":"3 Shapes","floor":36,"turns":1},{"damage":28,"enemies":"Sphere and 2 Shapes","floor":37,"turns":6},{"damage":32,"enemies":"4 Shapes","floor":38,"turns":3},{"damage":30,"enemies":"Giant Head","floor":41,"turns":9},{"damage":7,"enemies":"Reptomancer","floor":44,"turns":6},{"damage":16,"enemies":"Writhing Mass","floor":48,"turns":4},{"damage":74,"enemies":"Time Eater","floor":50,"turns":12}],"seed_played":"-5869511525720128585","potions_obtained":[{"floor":3,"key":"Fruit Juice"},{"floor":13,"key":"FearPotion"},{"floor":14,"key":"Ancient Potion"},{"floor":16,"key":"SkillPotion"},{"floor":18,"key":"SkillPotion"},{"floor":28,"key":"SkillPotion"},{"floor":30,"key":"Block Potion"},{"floor":31,"key":"SmokeBomb"},{"floor":37,"key":"Dexterity Potion"},{"floor":41,"key":"EssenceOfSteel"},{"floor":48,"key":"FearPotion"}],"is_trial":false,"path_per_floor":["?","?","?","?","$","M","?","?","M","M","?","?"],"character_chosen":"THE_SILENT","items_purchased":["Lantern","Footwork","Adrenaline"],"campfire_rested":7,"item_purchase_floors":[22,22,42],"current_hp_per_floor":[77,77,75,75,55,55,55,79,79,78,63,47,44,40,40,15,82,82,82,43,27,27,51,49,76,76,76,50,44,38,33,60,39,92,78,78,50,18,18,45,15,15,15,8,35,35,62,46,73,0],"gold":197,"neow_bonus":"TEN_PERCENT_HP_BONUS","is_prod":false,"is_daily":false,"chose_seed":false,"campfire_upgraded":2,"win_rate":0.0,"timestamp":1549512777,"path_taken":["M","?","M","$","?","R","M","R","T","M","E","?","M","M","R","BOSS","M","M","M","?","?","R","?","?","T","?","?","E","M","M","R","BOSS","M","M","M","?","?","R","E","$","T","E","R","?","R","M","R","BOSS"],"build_version":"2019-01-23","purchased_purges":3,"victory":false,"max_hp_per_floor":[77,77,77,77,82,82,82,82,82,82,82,82,82,82,82,82,82,82,82,82,82,82,82,82,82,82,82,82,92,92,92,92,92,92,92,92,92,92,92,92,92,92,92,92,92,92,92,92,92,92],"card_choices":[{"not_picked":["Slice","PiercingWail","Tactician"],"picked":"SKIP","floor":1},{"not_picked":["Blade Dance","Prepared"],"picked":"Heel Hook","floor":3},{"not_picked":["Cloak And Dagger","Dagger Spray"],"picked":"Acrobatics","floor":7},{"not_picked":["Poisoned Stab","Backstab"],"picked":"Corpse Explosion","floor":10},{"not_picked":["Deflect","Skewer"],"picked":"Finisher","floor":11},{"not_picked":["Outmaneuver","Predator"],"picked":"Flying Knee","floor":13},{"not_picked":["Deflect","Bane"],"picked":"Terror","floor":14},{"not_picked":["Corpse Explosion","Night Terror"],"picked":"Burst","floor":16},{"not_picked":["Underhanded Strike","Expertise+1","Dagger Spray"],"picked":"SKIP","floor":18},{"not_picked":["Dodge and Roll","All Out Attack+1"],"picked":"Escape Plan","floor":19},{"not_picked":["Sucker Punch+1","Tactician"],"picked":"Deadly Poison+1","floor":20},{"not_picked":["Bane","Outmaneuver"],"picked":"Poisoned Stab+1","floor":24},{"not_picked":["Deflect","Dagger Spray","Flying Knee"],"picked":"SKIP","floor":28},{"not_picked":["Quick Slash+1","Accuracy+1"],"picked":"Backflip","floor":29},{"not_picked":["Backflip","Infinite Blades"],"picked":"Cloak And Dagger","floor":30},{"not_picked":["Cloak And Dagger","Acrobatics"],"picked":"Phantasmal Killer","floor":31},{"not_picked":["Endless Agony","Outmaneuver+1","Predator"],"picked":"SKIP","floor":35},{"not_picked":["Well Laid Plans","Slice","Dash"],"picked":"SKIP","floor":37},{"not_picked":["Quick Slash","Skewer+1"],"picked":"Backstab+1","floor":38},{"not_picked":["Skewer+1","Dodge and Roll"],"picked":"Backflip+1","floor":41},{"not_picked":["Dash","Well Laid Plans+1","Poisoned Stab+1"],"picked":"SKIP","floor":44},{"not_picked":["Caltrops+1","Dagger Spray+1","Acrobatics"],"picked":"SKIP","floor":48}],"player_experience":66034,"relics_obtained":[{"floor":9,"key":"Omamori"},{"floor":11,"key":"The Specimen"},{"floor":26,"key":"Ornamental Fan"},{"floor":29,"key":"Pear"},{"floor":41,"key":"StoneCalendar"},{"floor":43,"key":"Snake Skull"},{"floor":44,"key":"Bag of Marbles"}],"event_choices":[{"cards_removed":["Strike_G"],"damage_healed":0,"gold_gain":0,"player_choice":"Forget","damage_taken":0,"max_hp_gain":0,"max_hp_loss":0,"event_name":"Living Wall","floor":2,"gold_loss":0},{"damage_healed":0,"gold_gain":0,"player_choice":"Success","damage_taken":25,"relics_obtained":["Boot"],"max_hp_gain":0,"max_hp_loss":0,"event_name":"Scrap Ooze","floor":5,"gold_loss":0},{"damage_healed":0,"gold_gain":0,"player_choice":"Entered Light","damage_taken":16,"max_hp_gain":0,"max_hp_loss":0,"event_name":"Shining Light","floor":12,"gold_loss":0,"cards_upgraded":["Defend_G","Strike_G"]},{"damage_healed":0,"gold_gain":90,"player_choice":"GOLD ","damage_taken":16,"max_hp_gain":0,"max_hp_loss":0,"event_name":"Knowing Skull","floor":21,"potions_obtained":[],"gold_loss":0,"cards_obtained":[]},{"damage_healed":27,"gold_gain":0,"player_choice":"Heal","damage_taken":0,"max_hp_gain":0,"max_hp_loss":0,"event_name":"The Library","floor":25,"gold_loss":0},{"cards_removed":["Strike_G"],"damage_healed":0,"gold_gain":0,"player_choice":"Purged","damage_taken":0,"max_hp_gain":0,"max_hp_loss":0,"event_name":"Purifier","floor":27,"gold_loss":0},{"damage_healed":0,"gold_gain":0,"player_choice":"Ignored","damage_taken":0,"max_hp_gain":0,"max_hp_loss":0,"event_name":"Tomb of Lord Red Mask","floor":39,"gold_loss":0},{"cards_removed":["Flying Knee"],"damage_healed":0,"gold_gain":0,"player_choice":"Removed Attack","damage_taken":0,"max_hp_gain":0,"max_hp_loss":0,"event_name":"Falling","floor":46,"gold_loss":0}],"is_beta":false,"boss_relics":[{"not_picked":["Busted Crown","White Beast Statue"],"picked":"Runic Pyramid"},{"not_picked":["Fusion Hammer","Tiny House"],"picked":"Velvet Choker"}],"items_purged_floors":[4,22,42],"is_endless":false,"potions_floor_spawned":[3,13,14,16,18,28,30,31,37,41,48],"killed_by":"Time Eater","ascension_level":0}