{"gold_per_floor":[114,44,59,59,75,103,103,103,103,114,133,161,161,188,188,290,290,307,326,326,143,162,196,196,196],"floor_reached":25,"playtime":911,"items_purged":["Strike_B"],"score":337,"play_id":"45bac655-2614-4c95-817d-5c7ab4180148","local_time":"20181213211104","is_ascension_mode":true,"campfire_choices":[{"data":"Zap","floor":8,"key":"SMITH"},{"data":"Sweeping Beam","floor":13,"key":"SMITH"},{"data":"Coolheaded","floor":15,"key":"SMITH"},{"data":"Capacitor","floor":24,"key":"SMITH"}],"neow_cost":"NONE","seed_source_timestamp":444045910138206,"circlet_count":0,"master_deck":["Strike_B","Strike_B","Defend_B","Defend_B","Defend_B","Defend_B","Zap+1","Dualcast","Auto Shields","Ball Lightning","Coolheaded+1","Cold Snap","Sweeping Beam+1","Barrage","Static Discharge","Electrodynamics","Conserve Battery+1","Go for the Eyes","Capacitor+1","Chill+1","Storm","Reboot+1"],"relics":["FrozenCore","NeowsBlessing","Ginger","Kunai","Anchor","Toxic Egg 2","Dodecahedron"],"potions_floor_usage":[16,25,25],"damage_taken":[{"damage":0,"enemies":"Jaw Worm","floor":1,"turns":1},{"damage":0,"enemies":"Cultist","floor":3,"turns":1},{"damage":0,"enemies":"Small Slimes","floor":5,"turns":1},{"damage":12,"enemies":"3 Sentries","floor":6,"turns":8},{"damage":1,"enemies":"Exordium Wildlife","floor":10,"turns":4},{"damage":0,"enemies":"3 Louse","floor":11,"turns":2},{"damage":20,"enemies":"Lagavulin","floor":12,"turns":7},{"damage":8,"enemies":"3 Sentries","floor":14,"turns":5},{"damage":17,"enemies":"Hexaghost","floor":16,"turns":9},{"damage":16,"enemies":"Shell Parasite","floor":18,"turns":4},{"damage":4,"enemies":"2 Thieves","floor":19,"turns":3},{"damage":0,"enemies":"Chosen and Byrds","floor":22,"turns":6},{"damage":32,"enemies":"Book of Stabbing","floor":23,"turns":6},{"damage":26,"enemies":"Gremlin Leader","floor":25,"turns":5}],"seed_played":"1842783372715529904","potions_obtained":[{"floor":1,"key":"SpeedPotion"},{"floor":3,"key":"Fire Potion"},{"floor":6,"key":"Strength Potion"},{"floor":14,"key":"LiquidBronze"},{"floor":16,"key":"Poison Potion"},{"floor":23,"key":"FocusPotion"}],"is_trial":false,"path_per_floor":["M","$","M","?","M","E","?","R","T","M","M","E","R","E","R","B",null,"M","M","?","$","M","E","R","E"],"character_chosen":"DEFECT","items_purchased":["Ball Lightning","Coolheaded","Capacitor","Chill+1"],"campfire_rested":0,"item_purchase_floors":[2,2,21,21],"current_hp_per_floor":[68,68,68,61,61,49,85,85,85,84,84,64,64,56,56,39,74,58,54,54,54,54,22,22,0],"gold":196,"neow_bonus":"THREE_ENEMY_KILL","is_prod":false,"is_daily":false,"chose_seed":false,"campfire_upgraded":4,"win_rate":0,"timestamp":1544753464,"path_taken":["M","$","M","?","M","E","?","R","T","M","?","E","R","E","R","BOSS","M","M","?","$","M","E","R","E"],"build_version":"2018-12-13","purchased_purges":1,"victory":false,"max_hp_per_floor":[75,75,75,75,75,75,85,85,85,85,85,85,85,85,85,85,85,85,85,85,85,85,85,85,85],"card_choices":[{"not_picked":["Reprogram","Undo"],"picked":"Auto Shields","floor":1},{"not_picked":["Coolheaded","Steam"],"picked":"Cold Snap","floor":3},{"not_picked":["Aggregate","Hologram","BootSequence"],"picked":"SKIP","floor":5},{"not_picked":["Barrage","Auto Shields"],"picked":"Machine Learning","floor":6},{"not_picked":["Coolheaded","Hologram"],"picked":"Sweeping Beam","floor":10},{"not_picked":["Aggregate","Gash"],"picked":"Barrage","floor":11},{"not_picked":["Turbo","Steam Power","Redo"],"picked":"SKIP","floor":12},{"not_picked":["Scrape","Reprogram"],"picked":"Static Discharge","floor":14},{"not_picked":["Creative AI","Buffer"],"picked":"Electrodynamics","floor":16},{"not_picked":["Barrage+1","Redo+1"],"picked":"Conserve Battery+1","floor":18},{"not_picked":["Static Discharge","Turbo+1"],"picked":"Go for the Eyes","floor":19},{"not_picked":["Ball Lightning+1","Reprogram+1"],"picked":"Storm","floor":22},{"not_picked":["Rebound","Tempest+1"],"picked":"Reboot+1","floor":23}],"player_experience":330915,"relics_obtained":[{"floor":6,"key":"Ginger"},{"floor":9,"key":"Kunai"},{"floor":12,"key":"Anchor"},{"floor":14,"key":"Toxic Egg 2"},{"floor":23,"key":"Dodecahedron"}],"event_choices":[{"cards_removed":["Strike_B"],"damage_healed":0,"gold_gain":0,"player_choice":"Card Removal","damage_taken":7,"max_hp_gain":0,"max_hp_loss":0,"event_name":"Golden Wing","floor":4,"gold_loss":0},{"cards_removed":["Machine Learning"],"damage_healed":26,"gold_gain":0,"player_choice":"Offered Rare","damage_taken":0,"max_hp_gain":10,"max_hp_loss":0,"event_name":"Bonfire Elementals","floor":7,"gold_loss":0},{"damage_healed":0,"gold_gain":0,"player_choice":"Ignored","damage_taken":0,"max_hp_gain":0,"max_hp_loss":0,"event_name":"Ghosts","floor":20,"gold_loss":0}],"is_beta":false,"boss_relics":[{"not_picked":["Calling Bell","Fusion Hammer"],"picked":"FrozenCore"}],"items_purged_floors":[21],"is_endless":false,"potions_floor_spawned":[1,3,6,14,16,22,23],"killed_by":"Gremlin Leader","ascension_level":8}