{"gold_per_floor":[116,116,137,151,171,209,234,234,234,234,43,68,106,125,125,256,256,269,269,294,309,309],"floor_reached":22,"playtime":1734,"items_purged":[],"score":215,"play_id":"366cd899-ea23-48e7-9cbb-c5c59a61c530","local_time":"20190201210524","is_ascension_mode":false,"campfire_choices":[{"floor":8,"key":"REST"},{"floor":10,"key":"REST"},{"floor":15,"key":"REST"}],"neow_cost":"PERCENT_DAMAGE","seed_source_timestamp":2060455836942887,"circlet_count":0,"master_deck":["Strike_R","Strike_R","Strike_R","Strike_R","Strike_R","Defend_R","Defend_R","Defend_R","Defend_R","Bash","Uppercut","Metallicize","True Grit","Armaments","Whirlwind","Inflame","Flame Barrier","Offering","Spot Weakness","Pummel+1"],"relics":["Burning Blood","Golden Idol","Boot","Bottled Flame","Medical Kit","Odd Mushroom","White Beast Statue"],"potions_floor_usage":[6,16,20,21,22],"damage_taken":[{"damage":1,"enemies":"Cultist","floor":1,"turns":4},{"damage":1,"enemies":"Small Slimes","floor":3,"turns":3},{"damage":4,"enemies":"2 Louse","floor":4,"turns":4},{"damage":1,"enemies":"Exordium Thugs","floor":5,"turns":5},{"damage":42,"enemies":"Gremlin Nob","floor":6,"turns":6},{"damage":8,"enemies":"3 Louse","floor":7,"turns":3},{"damage":23,"enemies":"Blue Slaver","floor":12,"turns":5},{"damage":31,"enemies":"The Mushroom Lair","floor":13,"turns":7},{"damage":0,"enemies":"Lots of Slimes","floor":14,"turns":1},{"damage":20,"enemies":"The Guardian","floor":16,"turns":18},{"damage":18,"enemies":"Shell Parasite","floor":18,"turns":11},{"damage":44,"enemies":"Spheric Guardian","floor":20,"turns":10},{"damage":45,"enemies":"Snake Plant","floor":21,"turns":6},{"damage":27,"enemies":"Centurion and Healer","floor":22,"turns":6}],"seed_played":"-1937624699031715342","potions_obtained":[{"floor":3,"key":"SpeedPotion"},{"floor":6,"key":"Ancient Potion"},{"floor":13,"key":"PowerPotion"},{"floor":18,"key":"Regen Potion"},{"floor":20,"key":"Strength Potion"},{"floor":21,"key":"Weak Potion"}],"is_trial":false,"path_per_floor":["M","?","M","M","M","E","M","R","T","R","$","M","?","M","R","B",null,"M","$","M","M","M"],"character_chosen":"IRONCLAD","items_purchased":["Medical Kit"],"campfire_rested":3,"item_purchase_floors":[11],"current_hp_per_floor":[77,53,58,60,65,29,27,55,55,83,83,66,41,47,75,61,96,84,84,61,22,0],"gold":309,"neow_bonus":"TWENTY_PERCENT_HP_BONUS","is_prod":false,"is_daily":false,"chose_seed":false,"campfire_upgraded":0,"win_rate":0.0,"timestamp":1549091124,"path_taken":["M","?","M","M","M","E","M","R","T","R","$","M","?","M","R","BOSS","M","$","M","M","M"],"build_version":"2019-01-23","purchased_purges":0,"victory":false,"max_hp_per_floor":[96,96,96,96,96,96,96,96,96,96,96,96,96,96,96,96,96,96,96,96,96,96],"card_choices":[{"not_picked":["Clash","Dropkick"],"picked":"Uppercut","floor":1},{"not_picked":["Sword Boomerang","Clash"],"picked":"Metallicize","floor":3},{"not_picked":["Iron Wave","Searing Blow"],"picked":"True Grit","floor":4},{"not_picked":["Headbutt","Warcry"],"picked":"Armaments","floor":5},{"not_picked":["Rupture","Clash"],"picked":"Whirlwind","floor":6},{"not_picked":["Sever Soul","Dropkick"],"picked":"Inflame","floor":7},{"not_picked":["Feel No Pain","Clothesline"],"picked":"Flame Barrier","floor":12},{"not_picked":["Perfected Strike","Clothesline","Pommel Strike"],"picked":"SKIP","floor":14},{"not_picked":["Dark Embrace","Limit Break"],"picked":"Offering","floor":16},{"not_picked":["Thunderclap","Warcry","Sever Soul+1"],"picked":"SKIP","floor":18},{"not_picked":["Metallicize","Thunderclap"],"picked":"Spot Weakness","floor":20},{"not_picked":["Warcry+1","Perfected Strike+1"],"picked":"Pummel+1","floor":21}],"player_experience":55314,"relics_obtained":[{"floor":6,"key":"Boot"},{"floor":9,"key":"Bottled Flame"},{"floor":13,"key":"Odd Mushroom"}],"event_choices":[{"damage_healed":0,"gold_gain":0,"player_choice":"Take Damage","damage_taken":24,"relics_obtained":["Golden Idol"],"max_hp_gain":0,"max_hp_loss":0,"event_name":"Golden Idol","floor":2,"gold_loss":0},{"damage_healed":0,"gold_gain":0,"player_choice":"Fought Mushrooms","damage_taken":0,"max_hp_gain":0,"max_hp_loss":0,"event_name":"Mushrooms","floor":13,"gold_loss":0}],"is_beta":false,"boss_relics":[{"not_picked":["Snecko Eye","Eternal Feather"],"picked":"White Beast Statue"}],"items_purged_floors":[],"is_endless":false,"potions_floor_spawned":[3,6,13,18,20,21],"killed_by":"Centurion and Healer","ascension_level":0}