{"gold_per_floor":[116,116,15,15,15,15,31,31,57,57,57,19,40,54,54,180,180,198,222,240,255,268,307,330,330,330,330,330,245,245,269,269,395,395,409,434,434,434,455,455,355,371,371,118,118,118,132,153,153,153,153,153,53,53],"floor_reached":54,"playtime":2306,"items_purged":["Strike_R","Strike_R"],"score":674,"play_id":"b22478af-666a-4c5f-a65a-63494a8e572f","local_time":"20181224185543","is_ascension_mode":false,"campfire_choices":[{"data":"Armaments","floor":6,"key":"SMITH"},{"floor":8,"key":"RECALL"},{"data":"Entrench","floor":15,"key":"SMITH"},{"floor":25,"key":"REST"},{"data":"Inflame","floor":28,"key":"SMITH"},{"data":"Battle Trance","floor":30,"key":"SMITH"},{"data":"Shrug It Off","floor":32,"key":"SMITH"},{"data":"Barricade","floor":40,"key":"SMITH"},{"data":"Defend_R","floor":45,"key":"SMITH"},{"data":"Madness","floor":49,"key":"SMITH"},{"data":"Madness","floor":52,"key":"SMITH"}],"neow_cost":"TEN_PERCENT_HP_LOSS","seed_source_timestamp":609892014655308,"circlet_count":0,"master_deck":["Strike_R","Defend_R","Defend_R+1","Bash","Seeing Red","Pommel Strike+1","Inflame+1","Armaments+1","Battle Trance+1","Entrench+1","Flex","Inflame+1","Reaper","Headbutt+1","Seeing Red","Ghostly Armor+1","Reaper","Warcry+1","Shrug It Off+1","Barricade+1","Madness+1","Madness+1","Entrench+1","Sword Boomerang+1","Iron Wave+1","Parasite","Body Slam+1","Shrug It Off"],"relics":["Burning Blood","Golden Idol","Runic Dome","Blue Candle","Molten Egg 2","Calipers","Matryoshka","Mark of Pain","Bag of Marbles","Dodecahedron","Pantograph"],"potions_floor_usage":[36,54],"damage_taken":[{"damage":5,"enemies":"2 Louse","floor":1,"turns":2},{"damage":2,"enemies":"Jaw Worm","floor":7,"turns":3},{"damage":0,"enemies":"Cultist","floor":13,"turns":2},{"damage":0,"enemies":"Looter","floor":14,"turns":2},{"damage":33,"enemies":"The Guardian","floor":16,"turns":11},{"damage":11,"enemies":"Chosen","floor":18,"turns":5},{"damage":20,"enemies":"2 Thieves","floor":19,"turns":3},{"damage":25,"enemies":"Centurion and Healer","floor":20,"turns":5},{"damage":25,"enemies":"Snecko","floor":21,"turns":5},{"damage":17,"enemies":"Shelled Parasite and Fungi","floor":22,"turns":5},{"damage":46,"enemies":"Slavers","floor":23,"turns":7},{"damage":25,"enemies":"Snake Plant","floor":24,"turns":4},{"damage":19,"enemies":"Snecko","floor":31,"turns":7},{"damage":53,"enemies":"Collector","floor":33,"turns":14},{"damage":34,"enemies":"3 Darklings","floor":35,"turns":10},{"damage":31,"enemies":"Orb Walker","floor":36,"turns":4},{"damage":55,"enemies":"3 Darklings","floor":39,"turns":10},{"damage":16,"enemies":"Spire Growth","floor":42,"turns":6},{"damage":21,"enemies":"Jaw Worm Horde","floor":47,"turns":6},{"damage":6,"enemies":"Writhing Mass","floor":48,"turns":3},{"damage":48,"enemies":"Time Eater","floor":50,"turns":14},{"damage":81,"enemies":"Shield and Spear","floor":54,"turns":3}],"seed_played":"-5485166907980532269","potions_obtained":[{"floor":1,"key":"Strength Potion"},{"floor":16,"key":"LiquidBronze"},{"floor":20,"key":"SteroidPotion"},{"floor":21,"key":"Fire Potion"},{"floor":23,"key":"Energy Potion"},{"floor":42,"key":"Strength Potion"}],"is_trial":false,"path_per_floor":["M","?","$","?","?","R","M","R","T","?","?","$","M","M","R","B",null,"M","M","M","M","M","E","M","R","T","?","R","?","R","M","R","B",null,"M","M","?","?","M","R","$","M","T","$","R","?","M","M","R","B",null,"R","$","E"],"character_chosen":"IRONCLAD","items_purchased":["Armaments","Entrench","Pantograph","Shrug It Off","BloodPotion"],"campfire_rested":1,"item_purchase_floors":[3,12,44,53,53],"current_hp_per_floor":[72,54,54,54,40,40,44,44,44,37,37,37,43,49,49,22,72,72,72,59,53,58,34,22,43,43,43,43,43,43,57,57,50,72,72,57,48,48,39,39,39,51,51,51,51,51,72,72,72,54,72,72,72,0],"gold":53,"neow_bonus":"TRANSFORM_TWO_CARDS","is_prod":false,"is_daily":false,"chose_seed":false,"campfire_upgraded":9,"win_rate":0,"timestamp":1545645343,"path_taken":["M","?","$","?","?","R","?","R","T","?","?","$","M","M","R","BOSS","M","M","?","M","M","E","M","R","T","?","R","?","R","M","R","BOSS","M","M","?","?","M","R","$","M","T","?","R","?","?","?","R","BOSS","R","$","E"],"build_version":"2018-12-20","purchased_purges":2,"victory":false,"max_hp_per_floor":[72,72,72,72,72,72,72,72,72,72,72,72,72,72,72,72,72,72,72,72,72,72,72,72,72,72,72,72,72,72,72,72,72,72,72,72,72,72,72,72,72,72,72,72,72,72,72,72,72,72,72,72,72,72],"card_choices":[{"not_picked":["Seeing Red","Heavy Blade"],"picked":"Inflame","floor":1},{"not_picked":["Shrug It Off","Cleave"],"picked":"Battle Trance","floor":7},{"not_picked":["Sword Boomerang","Pommel Strike"],"picked":"Flex","floor":13},{"not_picked":["Armaments","Heavy Blade"],"picked":"Inflame","floor":14},{"not_picked":["Juggernaut","Feed"],"picked":"Reaper","floor":16},{"not_picked":["Disarm","Clash"],"picked":"Headbutt+1","floor":18},{"not_picked":["Sword Boomerang","Hemokinesis","Havoc"],"picked":"SKIP","floor":19},{"not_picked":["Pommel Strike","Rampage"],"picked":"Seeing Red","floor":20},{"not_picked":["Thunderclap","Warcry+1"],"picked":"Ghostly Armor+1","floor":21},{"not_picked":["Rampage","Armaments","Pummel"],"picked":"SKIP","floor":22},{"not_picked":["Seeing Red","Warcry"],"picked":"Reaper","floor":23},{"not_picked":["Havoc","Feel No Pain+1"],"picked":"Warcry+1","floor":24},{"not_picked":["Blood for Blood+1","Fire Breathing+1"],"picked":"Shrug It Off","floor":31},{"not_picked":["Double Tap","Feed+1"],"picked":"Barricade","floor":33},{"not_picked":["Sever Soul+1","Perfected Strike+1","Armaments+1"],"picked":"SKIP","floor":35},{"not_picked":["Havoc","Thunderclap+1","Warcry"],"picked":"SKIP","floor":36},{"not_picked":["Second Wind+1","Armaments"],"picked":"Entrench+1","floor":39},{"not_picked":["Iron Wave+1","Wild Strike+1"],"picked":"Sword Boomerang+1","floor":42},{"not_picked":["Seeing Red+1","True Grit"],"picked":"Iron Wave+1","floor":47},{"not_picked":["Searing Blow+1","Bludgeon+1"],"picked":"Body Slam+1","floor":48}],"player_experience":672318,"relics_obtained":[{"floor":23,"key":"Blue Candle"},{"floor":26,"key":"Molten Egg 2"},{"floor":43,"key":"Bag of Marbles"},{"floor":43,"key":"Dodecahedron"}],"event_choices":[{"damage_healed":0,"gold_gain":0,"player_choice":"Take Damage","damage_taken":18,"relics_obtained":["Golden Idol"],"max_hp_gain":0,"max_hp_loss":0,"event_name":"Golden Idol","floor":2,"gold_loss":0},{"damage_healed":0,"gold_gain":0,"player_choice":"Leave","damage_taken":0,"max_hp_gain":0,"max_hp_loss":0,"event_name":"The Cleric","floor":4,"gold_loss":0},{"damage_healed":0,"gold_gain":0,"player_choice":"Entered Light","damage_taken":14,"max_hp_gain":0,"max_hp_loss":0,"event_name":"Shining Light","floor":5,"gold_loss":0,"cards_upgraded":["Pommel Strike","Inflame"]},{"cards_removed":["Defend_R"],"damage_healed":0,"gold_gain":0,"player_choice":"Card Removal","damage_taken":7,"max_hp_gain":0,"max_hp_loss":0,"event_name":"Golden Wing","floor":10,"gold_loss":0},{"cards_removed":["Defend_R"],"damage_healed":0,"gold_gain":0,"player_choice":"Offered Basic","damage_taken":0,"max_hp_gain":0,"max_hp_loss":0,"event_name":"Bonfire Elementals","floor":11,"gold_loss":0},{"damage_healed":0,"gold_gain":0,"player_choice":"Opened","damage_taken":0,"relics_obtained":["Calipers"],"max_hp_gain":0,"max_hp_loss":0,"event_name":"The Mausoleum","floor":27,"gold_loss":0},{"damage_healed":0,"gold_gain":0,"player_choice":"Obtained Relic","damage_taken":0,"relics_obtained":["Matryoshka"],"max_hp_gain":0,"max_hp_loss":0,"event_name":"Addict","floor":29,"gold_loss":85},{"damage_healed":0,"gold_gain":0,"player_choice":"Embrace Madness","damage_taken":9,"max_hp_gain":0,"max_hp_loss":0,"event_name":"Winding Halls","floor":37,"gold_loss":0,"cards_obtained":["Madness","Madness"]},{"damage_healed":0,"gold_gain":0,"player_choice":"Ignored","damage_taken":0,"max_hp_gain":0,"max_hp_loss":0,"event_name":"Tomb of Lord Red Mask","floor":38,"gold_loss":0},{"damage_healed":0,"gold_gain":0,"player_choice":"Ignored","damage_taken":0,"max_hp_gain":0,"max_hp_loss":0,"event_name":"Mysterious Sphere","floor":46,"gold_loss":0}],"is_beta":false,"boss_relics":[{"not_picked":["Runic Cube","Fusion Hammer"],"picked":"Runic Dome"},{"not_picked":["Astrolabe","Busted Crown"],"picked":"Mark of Pain"}],"items_purged_floors":[3,41],"is_endless":false,"potions_floor_spawned":[1,16,20,21,23,33,42,47],"killed_by":"Shield and Spear","ascension_level":0}