{"gold_per_floor":[144,69,114,14,59,149,149,194,194,239,284,284,9,54,54,354,354,399,99,399,444,38,38,128,128,153,198,243,243,288,288,288,588,588,633,86,131,131,131,131,221,266,341,386,431,476,76,121,121,121],"floor_reached":51,"playtime":5182,"items_purged":["Strike_R","Defend_R","Defend_R","Strike_R","Decay","Strike_R"],"score":903,"play_id":"6e447d78-d533-42c3-97c4-348808ce0240","local_time":"20181010120417","daily_mods":["Cursed Run","Colorless Cards","Midas"],"is_ascension_mode":false,"campfire_choices":[{"floor":7.0,"key":"REST"},{"floor":12.0,"key":"REST"},{"floor":15.0,"key":"REST"},{"floor":23.0,"key":"REST"},{"floor":25.0,"key":"REST"},{"floor":29.0,"key":"DIG"},{"floor":32,"key":"REST"},{"floor":40,"key":"DIG"},{"floor":49,"key":"DIG"}],"neow_cost":"","seed_source_timestamp":0,"circlet_count":0,"master_deck":["Strike_R","Strike_R","Defend_R","Defend_R+1","Bash","Armaments","Shrug It Off","Iron Wave","Cleave","Decay","Dramatic Entrance","Burning Pact+1","Impervious","Pommel Strike","Headbutt+1","Armaments","Inflame+1","Normality","Finesse+1","Trip+1","Chrysalis","Infernal Blade","Shame","Juggernaut+1","Shame","Pain","Decay","Shrug It Off+1","Trip+1","Infernal Blade+1","Cleave+1","Warcry+1"],"special_seed":17814,"relics":["Cursed Key","Darkstone Periapt","Du-Vu Doll","Centennial Puzzle","Lantern","Vajra","Fusion Hammer","Bag of Marbles","Shovel","Frozen Egg 2","Oddly Smooth Stone","Thread and Needle","Strawberry","Ancient Tea Set","Calling Bell","Omamori","Toxic Egg 2","Mango","PreservedInsect","Anchor","War Paint","Paper Frog","Letter Opener","Pantograph","Happy Flower","Ice Cream"],"potions_floor_usage":[33,33,44,50,50],"damage_taken":[{"damage":1.0,"enemies":"Cultist","floor":1.0,"turns":3.0},{"damage":0.0,"enemies":"2 Louse","floor":3.0,"turns":4.0},{"damage":2.0,"enemies":"Jaw Worm","floor":5.0,"turns":3.0},{"damage":16.0,"enemies":"3 Sentries","floor":6.0,"turns":12.0},{"damage":3.0,"enemies":"2 Fungi Beasts","floor":8.0,"turns":4.0},{"damage":0.0,"enemies":"3 Louse","floor":10.0,"turns":2.0},{"damage":4.0,"enemies":"Exordium Thugs","floor":11.0,"turns":3.0},{"damage":0.0,"enemies":"Exordium Wildlife","floor":14.0,"turns":1.0},{"damage":31.0,"enemies":"Hexaghost","floor":16.0,"turns":9.0},{"damage":0.0,"enemies":"2 Thieves","floor":18.0,"turns":3.0},{"damage":5.0,"enemies":"Colosseum Slavers","floor":20.0,"turns":3.0},{"damage":52.0,"enemies":"Colosseum Nobs","floor":20.0,"turns":6.0},{"damage":6.0,"enemies":"Shell Parasite","floor":21.0,"turns":3.0},{"damage":25.0,"enemies":"Book of Stabbing","floor":24.0,"turns":5.0},{"damage":1.0,"enemies":"Centurion and Healer","floor":27.0,"turns":3.0},{"damage":6.0,"enemies":"Chosen and Byrds","floor":28.0,"turns":3.0},{"damage":6.0,"enemies":"Cultist and Chosen","floor":30.0,"turns":4.0},{"damage":67,"enemies":"Collector","floor":33,"turns":9},{"damage":9,"enemies":"3 Shapes","floor":35,"turns":2},{"damage":6,"enemies":"Orb Walker","floor":37,"turns":2},{"damage":13,"enemies":"Nemesis","floor":41,"turns":3},{"damage":22,"enemies":"Maw","floor":42,"turns":5},{"damage":0,"enemies":"4 Shapes","floor":44,"turns":1},{"damage":6,"enemies":"3 Darklings","floor":45,"turns":1},{"damage":0,"enemies":"Reptomancer","floor":46,"turns":3},{"damage":0,"enemies":"4 Shapes","floor":48,"turns":2},{"damage":77,"enemies":"Time Eater","floor":50,"turns":8}],"seed_played":"2650368186018201532","potions_obtained":[{"floor":6.0,"key":"Dexterity Potion"},{"floor":10.0,"key":"AttackPotion"},{"floor":11.0,"key":"Swift Potion"},{"floor":14.0,"key":"Block Potion"},{"floor":16.0,"key":"Energy Potion"},{"floor":18.0,"key":"SteroidPotion"},{"floor":28.0,"key":"Fire Potion"},{"floor":33,"key":"Swift Potion"},{"floor":37,"key":"Energy Potion"},{"floor":42,"key":"Regen Potion"},{"floor":45,"key":"Strength Potion"}],"is_trial":false,"path_per_floor":["M","$","M","$","M","E","R","M","T","M","M","R","$","M","R","B",null,"M","$","?","M","$","R","E","R","T","M","M","R","M","?","R","B",null,"M","$","M","$","?","R","E","M","T","M","M","M","$","M","R","B"],"character_chosen":"IRONCLAD","items_purchased":["Vajra","Bag of Marbles","Inflame+1","Oddly Smooth Stone","PreservedInsect","Anchor","Shrug It Off+1","Pantograph","Happy Flower"],"campfire_rested":6,"item_purchase_floors":[13,19,22,22,36,36,36,47,47],"current_hp_per_floor":[79,79,79,79,77,61,80,77,83,83,79,86,86,86,86,61,92,92,92,35,29,29,56,31,58,71,70,64,64,58,58,89,28,143,134,134,128,128,128,128,115,93,93,93,87,87,87,87,87,35],"gold":121,"neow_bonus":"","is_prod":false,"is_daily":true,"chose_seed":false,"campfire_upgraded":0,"win_rate":0,"timestamp":1539187457,"path_taken":["M","$","M","?","M","E","R","M","T","?","M","R","$","M","R","BOSS","M","$","?","M","$","R","E","R","T","M","M","R","M","?","R","BOSS","M","?","M","$","?","R","E","M","T","?","M","M","$","M","R","BOSS"],"build_version":"2018-10-04v2","purchased_purges":6,"victory":true,"max_hp_per_floor":[80,80,80,80,80,80,80,80,86,86,86,86,86,86,86,92,92,92,92,92,92,92,92,92,92,105,105,105,105,105,105,105,111,143,143,143,143,143,143,143,143,143,143,143,143,143,143,143,143,143],"card_choices":[{"not_picked":["Twin Strike","True Grit"],"picked":"Armaments","floor":1.0},{"not_picked":["Havoc","Clash"],"picked":"Shrug It Off","floor":3.0},{"not_picked":["Evolve","Body Slam"],"picked":"Iron Wave","floor":5.0},{"not_picked":["Forethought","Mind Blast"],"picked":"Cleave","floor":6.0},{"not_picked":["Dark Shackles","Twin Strike","Fire Breathing"],"picked":"SKIP","floor":8.0},{"not_picked":["Burning Pact","Corruption"],"picked":"Dramatic Entrance","floor":10.0},{"not_picked":["Flex","Finesse"],"picked":"Burning Pact","floor":11.0},{"not_picked":["Clothesline","Wild Strike","Twin Strike"],"picked":"SKIP","floor":14.0},{"not_picked":["Secret Technique","Thinking Ahead"],"picked":"Impervious","floor":16.0},{"not_picked":["Mind Blast","Bandage Up+1"],"picked":"Pommel Strike","floor":18.0},{"not_picked":["Heavy Blade+1","Flash of Steel"],"picked":"Headbutt+1","floor":20.0},{"not_picked":["Flex","Dramatic Entrance"],"picked":"Armaments","floor":21.0},{"not_picked":["Iron Wave","True Grit","Searing Blow"],"picked":"SKIP","floor":24.0},{"not_picked":["Shrug It Off","Flex"],"picked":"Finesse+1","floor":27.0},{"not_picked":["Mind Blast","Good Instincts+1"],"picked":"Trip+1","floor":28.0},{"not_picked":["Thunderclap+1","Twin Strike"],"picked":"Chrysalis","floor":30.0},{"not_picked":["The Bomb","Secret Technique"],"picked":"Juggernaut+1","floor":33},{"not_picked":["Wild Strike+1","Headbutt","Anger+1"],"picked":"SKIP","floor":35},{"not_picked":["Clothesline+1","Clash","Good Instincts+1"],"picked":"SKIP","floor":37},{"not_picked":["Deep Breath+1","Forethought+1"],"picked":"Trip+1","floor":39},{"not_picked":["Clothesline+1","Heavy Blade","Uppercut+1"],"picked":"SKIP","floor":41},{"not_picked":["Perfected Strike","Flex+1","Rupture+1"],"picked":"SKIP","floor":42},{"not_picked":["Anger+1","Madness+1"],"picked":"Infernal Blade+1","floor":44},{"not_picked":["PanicButton+1","Twin Strike+1"],"picked":"Cleave+1","floor":45},{"not_picked":["Transmutation+1","Twin Strike","Clothesline+1"],"picked":"SKIP","floor":46},{"not_picked":["Metallicize+1","Twin Strike"],"picked":"Warcry+1","floor":48}],"player_experience":217769,"relics_obtained":[{"floor":6.0,"key":"Centennial Puzzle"},{"floor":9.0,"key":"Lantern"},{"floor":20.0,"key":"Shovel"},{"floor":20.0,"key":"Frozen Egg 2"},{"floor":24.0,"key":"Thread and Needle"},{"floor":26.0,"key":"Strawberry"},{"floor":29.0,"key":"Ancient Tea Set"},{"floor":34,"key":"Omamori"},{"floor":34,"key":"Toxic Egg 2"},{"floor":34,"key":"Mango"},{"floor":40,"key":"War Paint"},{"floor":41,"key":"Paper Frog"},{"floor":43,"key":"Letter Opener"},{"floor":49,"key":"Ice Cream"}],"event_choices":[{"event_name":"Colosseum","player_choice":"Fight","floor":20.0,"damage_taken":0.0},{"event_name":"Colosseum","player_choice":"Fought Nobs","floor":20.0,"damage_taken":0.0},{"event_name":"The Library","player_choice":"Read","floor":31.0,"damage_taken":0.0},{"event_name":"SensoryStone","player_choice":"Memory 1","floor":39,"damage_taken":0}],"is_beta":false,"boss_relics":[{"not_picked":["Philosopher\u0027s Stone","Runic Cube"],"picked":"Fusion Hammer"},{"not_picked":["Lizard Tail","Tiny House"],"picked":"Calling Bell"}],"items_purged_floors":[2,4,13,19,22,36],"is_endless":false,"potions_floor_spawned":[6,10,11,14,16,18,20,28,30,33,37,42,45,46],"ascension_level":0}