{"gold_per_floor":[114,189,189,214,139,166,166,193,193,193,207,221,237,253,253,253],"floor_reached":16,"playtime":548,"items_purged":["Regret"],"score":110,"play_id":"c45fdb5f-cd49-4dc9-b4c3-d23683cc5e7c","local_time":"20181008204241","is_ascension_mode":false,"campfire_choices":[{"floor":7,"key":"REST"},{"data":"Zap","floor":10,"key":"SMITH"},{"floor":15,"key":"REST"}],"neow_cost":"NONE","seed_source_timestamp":82752375712184,"circlet_count":0,"master_deck":["Strike_B","Strike_B","Strike_B","Strike_B","Defend_B","Defend_B","Defend_B","Defend_B","Zap+1","Dualcast","Reboot","Conserve Battery","Barrage","Defragment+1","Auto Shields","Conserve Battery","Stack","Creative AI+1"],"relics":["Cracked Core","Juzu Bracelet","Potion Belt","Frozen Egg 2","Letter Opener","Mummified Hand"],"potions_floor_usage":[],"damage_taken":[{"damage":0,"enemies":"2 Louse","floor":1,"turns":2},{"damage":33,"enemies":"Gremlin Nob","floor":6,"turns":5},{"damage":42,"enemies":"Lagavulin","floor":8,"turns":10},{"damage":1,"enemies":"Jaw Worm","floor":11,"turns":3},{"damage":0,"enemies":"Small Slimes","floor":12,"turns":3},{"damage":0,"enemies":"Blue Slaver","floor":13,"turns":3},{"damage":0,"enemies":"3 Louse","floor":14,"turns":2},{"damage":34,"enemies":"Hexaghost","floor":16,"turns":11}],"seed_played":"-4531705412810771643","potions_obtained":[{"floor":6,"key":"SkillPotion"},{"floor":11,"key":"SteroidPotion"},{"floor":14,"key":"Swift Potion"}],"is_trial":false,"path_per_floor":["M","?","?","T","$","E","R","E","T","R","M","M","M","M","R"],"character_chosen":"DEFECT","items_purchased":[],"campfire_rested":2,"item_purchase_floors":[],"current_hp_per_floor":[75,64,64,64,64,31,53,11,11,11,10,10,10,10,32,0],"gold":253,"neow_bonus":"ONE_RANDOM_RARE_CARD","is_prod":false,"is_daily":false,"chose_seed":false,"campfire_upgraded":1,"win_rate":0,"timestamp":1538998961,"path_taken":["M","?","?","?","?","E","R","E","T","R","M","M","M","M","R","BOSS"],"build_version":"2018-10-04","purchased_purges":1,"victory":false,"max_hp_per_floor":[75,75,75,75,75,75,75,75,75,75,75,75,75,75,75,75],"card_choices":[{"not_picked":["Reinforced Body","Double Energy"],"picked":"Conserve Battery","floor":1},{"not_picked":["Melter","Tempest"],"picked":"Barrage","floor":6},{"not_picked":["Undo","Coolheaded"],"picked":"Defragment+1","floor":8},{"not_picked":["Rip and Tear","Undo"],"picked":"Auto Shields","floor":11},{"not_picked":["Hologram","Multi-Cast"],"picked":"Conserve Battery","floor":12},{"not_picked":["Compile Driver","Doom and Gloom"],"picked":"Stack","floor":13},{"not_picked":["Conserve Battery","Redo"],"picked":"Creative AI+1","floor":14}],"player_experience":485308,"relics_obtained":[{"floor":4,"key":"Potion Belt"},{"floor":6,"key":"Frozen Egg 2"},{"floor":8,"key":"Letter Opener"},{"floor":9,"key":"Mummified Hand"}],"event_choices":[{"event_name":"World of Goop","player_choice":"Gather Gold","floor":2,"damage_taken":0},{"event_name":"Big Fish","player_choice":"Box","floor":3,"damage_taken":0}],"is_beta":true,"boss_relics":[],"items_purged_floors":[5],"is_endless":false,"potions_floor_spawned":[6,11,14],"killed_by":"Hexaghost","ascension_level":0}