{"path_per_floor":["M","M","?","M","M","E","R","?","T","R","M","R","?","M","R","B"],"character_chosen":"DEFECT","items_purchased":[],"gold_per_floor":[14,25,25,37,52,79,79,79,104,104,115,115,115,129,129,224,224],"floor_reached":17,"campfire_rested":0,"playtime":860,"item_purchase_floors":[],"current_hp_per_floor":[67,67,67,65,58,24,24,9,16,16,16,16,36,36,36,4,82],"items_purged":[],"gold":224,"score":157,"play_id":"6b7cd53d-6f71-4ebd-9a0a-f3be3cf5846d","local_time":"20180601112239","is_prod":false,"is_daily":false,"chose_seed":false,"is_ascension_mode":false,"campfire_upgraded":4,"win_rate":0,"timestamp":1527819759,"campfire_choices":[{"data":"Dualcast","floor":7,"key":"SMITH"},{"data":"Zap","floor":10,"key":"SMITH"},{"data":"Capacitor","floor":12,"key":"SMITH"},{"data":"Go for the Eyes","floor":15,"key":"SMITH"}],"path_taken":["M","M","?","M","M","E","R","?","T","R","M","R","?","M","R","BOSS"],"build_version":"2018-05-30v2","seed_source_timestamp":5359752989587,"purchased_purges":0,"victory":false,"master_deck":["Strike_B","Strike_B","Strike_B","Strike_B","Defend_B","Defend_B+1","Defend_B","Defend_B+1","Zap+1","Dualcast+1","Beam Cell","Ball Lightning","Go for the Eyes+1","Core Surge","BootSequence","Capacitor+1","Parasite","Go for the Eyes","Biased Cognition"],"max_hp_per_floor":[75,75,75,75,75,75,75,75,82,82,82,82,82,82,82,82,82],"relics":["Cracked Core","Turnip","Juzu Bracelet","Strawberry","Velvet Choker"],"card_choices":[{"not_picked":["Rebound","Compile Driver"],"picked":"Beam Cell","floor":1},{"not_picked":["BootSequence","Steam"],"picked":"Ball Lightning","floor":2},{"not_picked":["Leap","Sunder"],"picked":"Go for the Eyes","floor":4},{"not_picked":["Genetic Algorithm","Barrage"],"picked":"Core Surge","floor":5},{"not_picked":["Stack","Recycle"],"picked":"BootSequence","floor":6},{"not_picked":["Darkness","Steam Power"],"picked":"Capacitor","floor":11},{"not_picked":["Rebound","Hologram"],"picked":"Go for the Eyes","floor":14},{"not_picked":["Multi-Cast","Buffer"],"picked":"Biased Cognition","floor":16}],"player_experience":220019,"potions_floor_usage":[],"damage_taken":[{"damage":8,"enemies":"Jaw Worm","floor":1,"turns":3},{"damage":0,"enemies":"Cultist","floor":2,"turns":3},{"damage":2,"enemies":"2 Louse","floor":4,"turns":2},{"damage":7,"enemies":"Blue Slaver","floor":5,"turns":3},{"damage":34,"enemies":"Lagavulin","floor":6,"turns":6},{"damage":0,"enemies":"2 Fungi Beasts","floor":11,"turns":2},{"damage":0,"enemies":"Looter","floor":14,"turns":3},{"damage":32,"enemies":"The Guardian","floor":16,"turns":10}],"relics_obtained":[{"floor":6,"key":"Juzu Bracelet"},{"floor":9,"key":"Strawberry"}],"event_choices":[{"event_name":"The Cleric","player_choice":"Leave","floor":3,"damage_taken":0},{"event_name":"Shining Light","player_choice":"Entered Light","floor":8,"damage_taken":0},{"event_name":"Mushrooms","player_choice":"Healed and dodged fight","floor":13,"damage_taken":0}],"boss_relics":[{"not_picked":["Eternal Feather","Sozu"],"picked":"Velvet Choker"}],"items_purged_floors":[],"potions_floor_spawned":[11,14],"seed_played":"4235139037492909377","ascension_level":0,"potions_obtained":[{"floor":11,"key":"SteroidPotion"},{"floor":14,"key":"FocusPotion"}],"is_trial":false}