{"gold_per_floor":[111,111,127,127,202,202,16,16,16,16,16,16,41,57,57,57],"floor_reached":16,"playtime":885,"items_purged":[],"score":88,"play_id":"fe229d6f-a85d-4742-9810-4c1179341ad2","local_time":"20190102184847","is_ascension_mode":false,"campfire_choices":[{"data":"Carnage","floor":6,"key":"SMITH"},{"data":"Combust","floor":8,"key":"SMITH"},{"data":"Forethought","floor":10,"key":"SMITH"},{"floor":12,"key":"REST"},{"data":"Searing Blow","floor":15,"key":"SMITH"}],"neow_cost":"NONE","seed_source_timestamp":989485902602647,"circlet_count":0,"master_deck":["Strike_R","Strike_R","Strike_R","Strike_R","Strike_R","Defend_R","Defend_R","Defend_R","Bash","Purity","Searing Blow+1","Carnage+1","Combust+1","Iron Wave","Forethought+1","Ghostly Armor","Inflame","Spot Weakness"],"relics":["Burning Blood","Golden Idol","Kunai","Darkstone Periapt"],"potions_floor_usage":[16,16],"damage_taken":[{"damage":17,"enemies":"Jaw Worm","floor":1,"turns":4},{"damage":5,"enemies":"Small Slimes","floor":3,"turns":3},{"damage":6,"enemies":"Cultist","floor":13,"turns":4},{"damage":4,"enemies":"Exordium Wildlife","floor":14,"turns":3},{"damage":72,"enemies":"Slime Boss","floor":16,"turns":8}],"seed_played":"-6750146468175808073","potions_obtained":[{"floor":1,"key":"Strength Potion"},{"floor":14,"key":"PowerPotion"}],"is_trial":false,"path_per_floor":["M","?","M","T","?","R","$","R","T","R","?","R","M","M","R","B"],"character_chosen":"IRONCLAD","items_purchased":["Combust","Iron Wave","Forethought"],"campfire_rested":1,"item_purchase_floors":[7,7,7],"current_hp_per_floor":[69,49,50,50,39,39,39,39,39,39,39,63,63,65,65,0],"gold":57,"neow_bonus":"RANDOM_COLORLESS","is_prod":false,"is_daily":false,"chose_seed":false,"campfire_upgraded":4,"win_rate":0.0,"timestamp":1546472927,"path_taken":["M","?","M","?","?","R","?","R","T","R","?","R","M","M","R","BOSS"],"build_version":"2018-12-20","purchased_purges":0,"victory":false,"max_hp_per_floor":[80,80,80,80,80,80,80,80,80,80,80,80,80,80,80,80],"card_choices":[{"not_picked":["Sword Boomerang","Headbutt"],"picked":"Searing Blow","floor":1},{"not_picked":["Clash","Thunderclap"],"picked":"Carnage","floor":3},{"not_picked":["Pummel","Rage"],"picked":"Inflame","floor":13},{"not_picked":["Rampage","Power Through"],"picked":"Spot Weakness","floor":14}],"player_experience":11883,"relics_obtained":[{"floor":4,"key":"Kunai"},{"floor":9,"key":"Darkstone Periapt"}],"event_choices":[{"damage_healed":0,"gold_gain":0,"player_choice":"Take Damage","damage_taken":20,"relics_obtained":["Golden Idol"],"max_hp_gain":0,"max_hp_loss":0,"event_name":"Golden Idol","floor":2,"gold_loss":0},{"damage_healed":0,"gold_gain":75,"player_choice":"Gather Gold","damage_taken":11,"max_hp_gain":0,"max_hp_loss":0,"event_name":"World of Goop","floor":5,"gold_loss":0},{"damage_healed":0,"gold_gain":0,"cards_transformed":["Defend_R"],"player_choice":"Transformed","damage_taken":0,"max_hp_gain":0,"max_hp_loss":0,"event_name":"Transmorgrifier","floor":11,"gold_loss":0,"cards_obtained":["Ghostly Armor"]}],"is_beta":false,"boss_relics":[],"items_purged_floors":[],"is_endless":false,"potions_floor_spawned":[1,14],"killed_by":"Slime Boss","ascension_level":0}