{"gold_per_floor":[114,114,127,142,29,70,95,95,95,110,10,10,25,25,25,115,115,130,55,55,5,5,5,43,43,97,113,113,127,170,183,183,282,282,300,300,185,185,204,204,254,254,254,269,1,24,24,48,48,48,48],"floor_reached":51,"playtime":4091,"items_purged":["Strike_G"],"score":1395,"play_id":"c0c8242d-b741-4751-834e-5b0927d948a5","local_time":"20181025045317","is_ascension_mode":true,"campfire_choices":[{"data":"Crippling Poison","floor":8,"key":"SMITH"},{"floor":15,"key":"REST"},{"floor":23,"key":"REST"},{"floor":25,"key":"REST"},{"floor":28,"key":"REST"},{"floor":32,"key":"REST"},{"data":"Noxious Fumes","floor":40,"key":"SMITH"},{"data":"Wraith Form v2","floor":42,"key":"SMITH"},{"floor":47,"key":"REST"},{"data":"Cloak And Dagger","floor":49,"key":"SMITH"}],"neow_cost":"NONE","seed_source_timestamp":499075195966700,"circlet_count":0,"master_deck":["Defend_G","Defend_G","Defend_G","Defend_G","Defend_G","Survivor","Neutralize","AscendersBane","Prepared+1","Tactician+1","Well Laid Plans","Underhanded Strike","After Image","Dagger Throw","Quick Slash","Noxious Fumes+1","Crippling Poison+1","Dodge and Roll","Dagger Spray","Wraith Form v2+1","Bouncing Flask","Cloak And Dagger+1","Leg Sweep","Leg Sweep","Bullet Time","PiercingWail","Backflip","Chrysalis","PiercingWail","Flying Knee","Predator","Acrobatics+1","Blur+1","Noxious Fumes+1","Leg Sweep+1"],"relics":["Astrolabe","Golden Idol","Letter Opener","Turnip","Gambling Chip","Snecko Eye","Dead Branch","Prayer Wheel","PreservedInsect","Ornamental Fan","Empty Cage","Ninja Scroll","Sundial"],"potions_floor_usage":[6,7,16,30,30,51,51],"damage_taken":[{"damage":0,"enemies":"2 Louse","floor":1,"turns":3},{"damage":7,"enemies":"Small Slimes","floor":3,"turns":6},{"damage":0,"enemies":"Cultist","floor":4,"turns":4},{"damage":23,"enemies":"Lagavulin","floor":6,"turns":10},{"damage":8,"enemies":"3 Louse","floor":7,"turns":2},{"damage":0,"enemies":"Looter","floor":10,"turns":3},{"damage":0,"enemies":"Blue Slaver","floor":13,"turns":3},{"damage":6,"enemies":"The Guardian","floor":16,"turns":10},{"damage":20,"enemies":"2 Thieves","floor":18,"turns":4},{"damage":35,"enemies":"Gremlin Leader","floor":24,"turns":7},{"damage":0,"enemies":"Spheric Guardian","floor":27,"turns":3},{"damage":9,"enemies":"Cultist and Chosen","floor":29,"turns":6},{"damage":6,"enemies":"Book of Stabbing","floor":30,"turns":4},{"damage":0,"enemies":"Centurion and Healer","floor":31,"turns":8},{"damage":0,"enemies":"Collector","floor":33,"turns":8},{"damage":6,"enemies":"Orb Walker","floor":35,"turns":4},{"damage":0,"enemies":"3 Shapes","floor":39,"turns":5},{"damage":0,"enemies":"Spire Growth","floor":44,"turns":5},{"damage":13,"enemies":"Writhing Mass","floor":46,"turns":9},{"damage":0,"enemies":"3 Darklings","floor":48,"turns":3},{"damage":50,"enemies":"Donu and Deca","floor":50,"turns":10},{"damage":11,"enemies":"Time Eater","floor":51,"turns":5}],"seed_played":"-4987396432266321786","potions_obtained":[{"floor":3,"key":"Block Potion"},{"floor":4,"key":"Explosive Potion"},{"floor":7,"key":"Strength Potion"},{"floor":24,"key":"Poison Potion"},{"floor":29,"key":"Block Potion"},{"floor":30,"key":"FearPotion"},{"floor":31,"key":"Energy Potion"},{"floor":35,"key":"SpeedPotion"}],"is_trial":false,"path_per_floor":["M","?","M","M","$","E","M","R","T","M","$","?","M","?","R","B",null,"M","?","?","$","$","R","E","R","T","M","R","M","E","M","R","B",null,"M","?","$","?","M","R","?","R","T","M","$","M","R","M","R","B"],"character_chosen":"THE_SILENT","items_purchased":["Dagger Throw","Quick Slash","Dodge and Roll","Cloak And Dagger","Ancient Potion","PiercingWail","Sundial"],"campfire_rested":6,"item_purchase_floors":[5,5,11,21,37,37,45],"current_hp_per_floor":[59,59,52,52,52,29,21,21,21,21,21,16,16,16,34,28,52,32,32,32,32,32,50,15,33,33,33,51,42,36,36,54,54,59,53,53,53,53,53,53,47,47,47,47,47,34,52,52,52,2,0],"gold":48,"neow_bonus":"BOSS_RELIC","is_prod":false,"is_daily":false,"chose_seed":false,"campfire_upgraded":4,"win_rate":0,"timestamp":1540457597,"path_taken":["M","?","M","M","$","E","M","R","T","?","$","?","M","?","R","BOSS","M","?","?","?","$","R","E","R","T","M","R","M","E","M","R","BOSS","M","?","$","?","M","R","?","R","T","M","$","?","R","M","R","BOSS","BOSS"],"build_version":"2018-10-19","purchased_purges":1,"victory":false,"max_hp_per_floor":[66,60,60,60,60,60,60,60,60,60,60,60,60,60,60,60,60,60,60,60,60,60,60,60,60,60,60,60,60,60,60,60,60,60,60,60,60,60,60,60,60,60,60,60,60,60,60,60,60,60,60],"card_choices":[{"not_picked":["Blade Dance","Distraction"],"picked":"Well Laid Plans","floor":1},{"not_picked":["Sucker Punch","Concentrate"],"picked":"Underhanded Strike","floor":3},{"not_picked":["Blade Dance","Setup"],"picked":"After Image","floor":4},{"not_picked":["Slice","Skewer"],"picked":"Noxious Fumes","floor":6},{"not_picked":["Prepared","Deadly Poison"],"picked":"Crippling Poison","floor":7},{"not_picked":["Deadly Poison","Heel Hook"],"picked":"Escape Plan","floor":10},{"not_picked":["Setup","Concentrate"],"picked":"Dagger Spray","floor":13},{"not_picked":["Tools of the Trade","Bullet Time"],"picked":"Wraith Form v2","floor":16},{"not_picked":["Deadly Poison+1","Prepared"],"picked":"Bouncing Flask","floor":18},{"not_picked":["Flechettes","Caltrops","Riddle With Holes"],"picked":"SKIP","floor":24},{"not_picked":["Backflip","Skewer"],"picked":"Leg Sweep","floor":27},{"not_picked":["Poisoned Stab","Heel Hook","Flying Knee"],"picked":"SKIP","floor":27},{"not_picked":["Poisoned Stab","Heel Hook","Flying Knee"],"picked":"SKIP","floor":27},{"not_picked":["Deadly Poison","Poisoned Stab"],"picked":"Leg Sweep","floor":29},{"not_picked":["Deflect","Sucker Punch","Dagger Spray"],"picked":"SKIP","floor":29},{"not_picked":["Deflect","Endless Agony"],"picked":"Bullet Time","floor":30},{"not_picked":["Dagger Spray","Choke"],"picked":"PiercingWail","floor":31},{"not_picked":["Dagger Spray","Dodge and Roll","Deflect+1"],"picked":"SKIP","floor":31},{"not_picked":["Underhanded Strike","Distraction"],"picked":"Backflip","floor":35},{"not_picked":["Blade Dance","Prepared","Flechettes"],"picked":"SKIP","floor":35},{"not_picked":["Mayhem","Flash of Steel"],"picked":"Chrysalis","floor":36},{"not_picked":["Acrobatics","Well Laid Plans"],"picked":"Predator","floor":39},{"not_picked":["Sucker Punch+1","Flying Knee","Dagger Throw"],"picked":"SKIP","floor":39},{"not_picked":["Dodge and Roll","Dagger Spray"],"picked":"Acrobatics+1","floor":44},{"not_picked":["All Out Attack","Slice"],"picked":"Blur+1","floor":44},{"not_picked":["Deflect","Skewer"],"picked":"Noxious Fumes+1","floor":46},{"not_picked":["Deflect","Dagger Throw","Tactician+1"],"picked":"SKIP","floor":46},{"not_picked":["Setup+1","Outmaneuver+1"],"picked":"Leg Sweep+1","floor":48},{"not_picked":["Endless Agony+1","Sucker Punch","Deflect+1"],"picked":"SKIP","floor":48}],"player_experience":1487296,"relics_obtained":[{"floor":6,"key":"Letter Opener"},{"floor":9,"key":"Turnip"},{"floor":24,"key":"Prayer Wheel"},{"floor":26,"key":"PreservedInsect"},{"floor":30,"key":"Ornamental Fan"},{"floor":43,"key":"Ninja Scroll"}],"event_choices":[{"damage_healed":0,"gold_gain":0,"player_choice":"Lose Max HP","damage_taken":0,"relics_obtained":["Golden Idol"],"max_hp_gain":0,"max_hp_loss":6,"event_name":"Golden Idol","floor":2,"gold_loss":0},{"damage_healed":0,"gold_gain":0,"player_choice":"Success","damage_taken":5,"relics_obtained":["Gambling Chip"],"max_hp_gain":0,"max_hp_loss":0,"event_name":"Scrap Ooze","floor":12,"gold_loss":0},{"damage_healed":0,"gold_gain":0,"player_choice":"Ignored","damage_taken":0,"max_hp_gain":0,"max_hp_loss":0,"event_name":"Liars Game","floor":14,"gold_loss":0},{"cards_removed":["Endless Agony"],"damage_healed":0,"gold_gain":0,"player_choice":"Gave Gold","damage_taken":0,"max_hp_gain":0,"max_hp_loss":0,"event_name":"Beggar","floor":19,"gold_loss":75},{"damage_healed":0,"gold_gain":0,"player_choice":"Stole Relic","damage_taken":0,"relics_obtained":["Dead Branch"],"max_hp_gain":0,"max_hp_loss":0,"event_name":"Addict","floor":20,"gold_loss":0,"cards_obtained":["Shame"]},{"damage_healed":0,"gold_gain":0,"player_choice":"Memory 1","damage_taken":0,"max_hp_gain":0,"max_hp_loss":0,"event_name":"SensoryStone","floor":36,"gold_loss":0},{"damage_healed":0,"gold_gain":0,"cards_transformed":["Escape Plan"],"player_choice":"Transformed","damage_taken":0,"max_hp_gain":0,"max_hp_loss":0,"event_name":"Transmorgrifier","floor":38,"gold_loss":0,"cards_obtained":["Flying Knee"]},{"damage_healed":0,"gold_gain":50,"player_choice":"Touch","damage_taken":6,"max_hp_gain":0,"max_hp_loss":0,"event_name":"FaceTrader","floor":41,"gold_loss":0}],"is_beta":true,"boss_relics":[{"not_picked":["Tiny House","Cursed Key"],"picked":"Snecko Eye"},{"not_picked":["Runic Dome","Eternal Feather"],"picked":"Empty Cage"}],"items_purged_floors":[11],"is_endless":false,"potions_floor_spawned":[3,4,7,24,29,30,31,35,46],"killed_by":"Time Eater","ascension_level":20}