{"gold_per_floor":[117,132,57,57,57,89,89,100,127,142,161,176,511,522,522,522],"floor_reached":16,"playtime":590,"items_purged":["Strike_G"],"score":195,"play_id":"ac81588d-1c21-4ab3-83af-d1c7572c1c47","local_time":"20190206015854","is_ascension_mode":true,"campfire_choices":[{"data":"Leg Sweep","floor":7,"key":"SMITH"},{"floor":15,"key":"REST"}],"neow_cost":"NONE","seed_source_timestamp":6483756043987,"circlet_count":0,"master_deck":["Defend_G","Defend_G","Defend_G","Defend_G","Defend_G","Strike_G+1","Strike_G","Strike_G","Survivor","Neutralize","Poisoned Stab","Poisoned Stab+1","Leg Sweep+1","Envenom","Backflip","PiercingWail"],"relics":["Ring of the Snake","NeowsBlessing","Boot","Whetstone","Old Coin"],"potions_floor_usage":[13,13,16],"damage_taken":[{"damage":0,"enemies":"Small Slimes","floor":1,"turns":1},{"damage":0,"enemies":"Jaw Worm","floor":2,"turns":1},{"damage":0,"enemies":"Gremlin Nob","floor":6,"turns":1},{"damage":0,"enemies":"2 Louse","floor":8,"turns":2},{"damage":6,"enemies":"Large Slime","floor":10,"turns":8},{"damage":1,"enemies":"2 Fungi Beasts","floor":11,"turns":3},{"damage":11,"enemies":"Looter","floor":12,"turns":4},{"damage":26,"enemies":"3 Sentries","floor":13,"turns":11},{"damage":0,"enemies":"3 Louse","floor":14,"turns":5},{"damage":51,"enemies":"Slime Boss","floor":16,"turns":7}],"seed_played":"-4152201543858631960","potions_obtained":[{"floor":6,"key":"SkillPotion"},{"floor":11,"key":"Fire Potion"},{"floor":12,"key":"Strength Potion"}],"is_trial":false,"path_per_floor":["M","M","$","?","?","E","R","M","T","M","M","M","E","M","R","B"],"character_chosen":"THE_SILENT","items_purchased":[],"campfire_rested":1,"item_purchase_floors":[],"current_hp_per_floor":[63,63,63,63,63,63,63,63,63,57,56,45,19,19,40,0],"gold":522,"neow_bonus":"THREE_ENEMY_KILL","is_prod":false,"is_daily":false,"chose_seed":false,"campfire_upgraded":1,"win_rate":0,"timestamp":1549436334,"path_taken":["M","M","$","?","?","E","R","M","T","M","M","?","E","M","R","BOSS"],"build_version":"2019-01-23","purchased_purges":1,"victory":false,"max_hp_per_floor":[70,70,70,70,70,70,70,70,70,70,70,70,70,70,70,70],"card_choices":[{"not_picked":["Slice","Heel Hook"],"picked":"Poisoned Stab","floor":1},{"not_picked":["Eviscerate","Finisher"],"picked":"Poisoned Stab","floor":2},{"not_picked":["Poisoned Stab","Acrobatics"],"picked":"Leg Sweep","floor":6},{"not_picked":["Slice","Deflect","Calculated Gamble"],"picked":"SKIP","floor":8},{"not_picked":["Concentrate","Escape Plan","Acrobatics"],"picked":"SKIP","floor":10},{"not_picked":["Reflex","Acrobatics"],"picked":"Envenom","floor":11},{"not_picked":["Endless Agony","Flechettes","Flying Knee"],"picked":"SKIP","floor":12},{"not_picked":["Outmaneuver","Slice"],"picked":"Backflip","floor":13},{"not_picked":["Dash","Eviscerate"],"picked":"PiercingWail","floor":14}],"player_experience":464768,"relics_obtained":[{"floor":6,"key":"Boot"},{"floor":9,"key":"Whetstone"},{"floor":13,"key":"Old Coin"}],"event_choices":[{"damage_healed":0,"gold_gain":0,"player_choice":"Ignored","damage_taken":0,"max_hp_gain":0,"max_hp_loss":0,"event_name":"Liars Game","floor":4,"gold_loss":0},{"cards_removed":["Strike_G"],"damage_healed":0,"gold_gain":0,"player_choice":"Forget","damage_taken":0,"max_hp_gain":0,"max_hp_loss":0,"event_name":"Living Wall","floor":5,"gold_loss":0}],"is_beta":false,"boss_relics":[],"items_purged_floors":[3],"is_endless":false,"potions_floor_spawned":[6,11,12],"killed_by":"Slime Boss","ascension_level":8}