{"gold_per_floor":[111,111,123,123,141,170,184,215,215,215,215,180,180,197,197,197],"floor_reached":16,"playtime":1436,"items_purged":[],"score":110,"play_id":"23e9d68a-3424-4c6b-9e24-7f54d87e7425","local_time":"20190126030655","is_ascension_mode":false,"campfire_choices":[{"data":"Defend_B","floor":11,"key":"SMITH"},{"data":"Steam","floor":13,"key":"SMITH"},{"data":"Self Repair","floor":15,"key":"SMITH"}],"neow_cost":"NONE","seed_source_timestamp":90573111957306,"circlet_count":0,"master_deck":["Strike_B","Strike_B","Strike_B","Strike_B","Defend_B+1","Defend_B","Defend_B","Defend_B","Zap","Dualcast","Self Repair+1","Go for the Eyes","Steam+1"],"relics":["Cracked Core","Dream Catcher","Smiling Mask","Bag of Preparation"],"potions_floor_usage":[6,6,8,16],"damage_taken":[{"damage":3,"enemies":"2 Louse","floor":1,"turns":2},{"damage":1,"enemies":"Cultist","floor":3,"turns":4},{"damage":0,"enemies":"Small Slimes","floor":5,"turns":3},{"damage":13,"enemies":"3 Sentries","floor":6,"turns":6},{"damage":5,"enemies":"3 Louse","floor":7,"turns":4},{"damage":33,"enemies":"Lagavulin","floor":8,"turns":8},{"damage":0,"enemies":"2 Fungi Beasts","floor":14,"turns":4},{"damage":70,"enemies":"Hexaghost","floor":16,"turns":14}],"seed_played":"-2601061346901808366","potions_obtained":[{"floor":0,"key":"Weak Potion"},{"floor":0,"key":"Explosive Potion"},{"floor":0,"key":"EntropicBrew"},{"floor":3,"key":"Block Potion"},{"floor":7,"key":"Energy Potion"},{"floor":8,"key":"Strength Potion"}],"is_trial":false,"path_per_floor":["M","?","M","$","M","E","M","E","T","?","R","?","R","M","R","B"],"character_chosen":"DEFECT","items_purchased":[],"campfire_rested":0,"item_purchase_floors":[],"current_hp_per_floor":[72,72,75,75,75,69,71,45,45,45,45,63,63,70,70,0],"gold":197,"neow_bonus":"THREE_SMALL_POTIONS","is_prod":false,"is_daily":false,"chose_seed":false,"campfire_upgraded":3,"win_rate":0.0,"timestamp":1548490015,"path_taken":["M","?","M","$","?","E","M","E","T","?","R","?","R","M","R","BOSS"],"build_version":"2019-01-23","purchased_purges":0,"victory":false,"max_hp_per_floor":[75,75,75,75,75,75,75,75,75,75,75,75,75,75,75,75],"card_choices":[{"not_picked":["Consume","Reprogram"],"picked":"Self Repair","floor":1},{"not_picked":["Redo","Blizzard","Go for the Eyes"],"picked":"SKIP","floor":3},{"not_picked":["Streamline","Stack","Barrage"],"picked":"SKIP","floor":5},{"not_picked":["Redo","Storm","Compile Driver"],"picked":"SKIP","floor":6},{"not_picked":["Genetic Algorithm","Chill"],"picked":"Go for the Eyes","floor":7},{"not_picked":["Chill","Go for the Eyes"],"picked":"Steam","floor":8},{"not_picked":["Redo","Conserve Battery","Amplify"],"picked":"SKIP","floor":14}],"player_experience":101299,"relics_obtained":[{"floor":6,"key":"Dream Catcher"},{"floor":8,"key":"Smiling Mask"},{"floor":9,"key":"Bag of Preparation"}],"event_choices":[{"damage_healed":0,"gold_gain":0,"player_choice":"Bought 0 Potions","damage_taken":0,"max_hp_gain":0,"max_hp_loss":0,"event_name":"The Woman in Blue","floor":2,"gold_loss":0},{"damage_healed":0,"gold_gain":0,"player_choice":"Ignored","damage_taken":0,"max_hp_gain":0,"max_hp_loss":0,"event_name":"Golden Wing","floor":10,"gold_loss":0},{"damage_healed":18,"gold_gain":0,"player_choice":"Healed","damage_taken":0,"max_hp_gain":0,"max_hp_loss":0,"event_name":"The Cleric","floor":12,"gold_loss":35}],"is_beta":false,"boss_relics":[],"items_purged_floors":[],"is_endless":false,"potions_floor_spawned":[3,7,8],"killed_by":"Hexaghost","ascension_level":0}