{"gold_per_floor":[110,37,51,21,37,37,37,55,55,73,89,39,63,63,63,63],"floor_reached":16,"playtime":688,"items_purged":[],"score":101,"play_id":"286ca899-1fef-4a5e-91f9-e86d2d04834d","local_time":"20181118140430","is_ascension_mode":true,"campfire_choices":[{"data":"Rip and Tear","floor":6,"key":"SMITH"},{"floor":15,"key":"REST"}],"neow_cost":"NONE","seed_source_timestamp":338111637622857,"circlet_count":0,"master_deck":["Strike_B","Strike_B","Strike_B","Strike_B","Defend_B","Defend_B","Defend_B","Defend_B","Zap","Dualcast","Normality","Sweeping Beam","Rip and Tear+1","Steam","Rebound","Sweeping Beam","Rebound","Melter"],"relics":["Calling Bell","Bag of Preparation","Darkstone Periapt","WingedGreaves","Bronze Scales"],"potions_floor_usage":[16,16,16],"damage_taken":[{"damage":8,"enemies":"Jaw Worm","floor":1,"turns":5},{"damage":20,"enemies":"Cultist","floor":3,"turns":5},{"damage":3,"enemies":"Small Slimes","floor":5,"turns":4},{"damage":9,"enemies":"2 Fungi Beasts","floor":8,"turns":3},{"damage":18,"enemies":"Blue Slaver","floor":10,"turns":4},{"damage":8,"enemies":"3 Louse","floor":11,"turns":2},{"damage":29,"enemies":"Slime Boss","floor":16,"turns":9}],"seed_played":"3708351235064589575","potions_obtained":[{"floor":1,"key":"Block Potion"},{"floor":4,"key":"SkillPotion"},{"floor":4,"key":"FocusPotion"},{"floor":11,"key":"AttackPotion"}],"is_trial":false,"path_per_floor":["M","$","M","?","M","R","?","M","T","M","M","?","T","$","R","B"],"character_chosen":"DEFECT","items_purchased":["Rip and Tear"],"campfire_rested":1,"item_purchase_floors":[2],"current_hp_per_floor":[67,67,47,47,44,44,37,28,28,10,2,2,2,2,24,0],"gold":63,"neow_bonus":"BOSS_RELIC","is_prod":false,"is_daily":false,"chose_seed":false,"campfire_upgraded":1,"win_rate":0,"timestamp":1542567870,"path_taken":["M","$","M","?","?","R","?","M","T","M","M","?","?","$","R","BOSS"],"build_version":"2018-11-15","purchased_purges":0,"victory":false,"max_hp_per_floor":[75,75,75,75,75,75,75,75,75,75,75,75,75,75,75,75],"card_choices":[{"not_picked":["Stack","Loop"],"picked":"Sweeping Beam","floor":1},{"not_picked":["Darkness","Fusion"],"picked":"Steam","floor":3},{"not_picked":["Storm","Doom and Gloom"],"picked":"Rebound","floor":5},{"not_picked":["Creative AI","Redo"],"picked":"Sweeping Beam","floor":8},{"not_picked":["Leap","Steam"],"picked":"Rebound","floor":10},{"not_picked":["Double Energy","Hello World"],"picked":"Melter","floor":11}],"player_experience":156170,"relics_obtained":[{"floor":0,"key":"Bag of Preparation"},{"floor":0,"key":"Darkstone Periapt"},{"floor":0,"key":"WingedGreaves"},{"floor":13,"key":"Bronze Scales"}],"event_choices":[{"damage_healed":0,"gold_gain":0,"player_choice":"Bought 2 Potions","damage_taken":0,"max_hp_gain":0,"max_hp_loss":0,"event_name":"The Woman in Blue","floor":4,"gold_loss":0},{"cards_removed":["Doubt"],"damage_healed":0,"gold_gain":0,"player_choice":"Card Removal","damage_taken":7,"max_hp_gain":0,"max_hp_loss":0,"event_name":"Golden Wing","floor":7,"gold_loss":0},{"cards_removed":["Doubt"],"damage_healed":0,"gold_gain":0,"player_choice":"Card Removal","damage_taken":0,"max_hp_gain":0,"max_hp_loss":0,"event_name":"The Cleric","floor":12,"gold_loss":50}],"is_beta":false,"boss_relics":[],"items_purged_floors":[],"is_endless":false,"potions_floor_spawned":[1,10,11],"killed_by":"Slime Boss","ascension_level":2}