{"gold_per_floor":[111,111,111,129,145,145,178,188,234,316,316,335,335,355,355,455,455,472,472,483,10,20,20,48,48,48,48,62,62,62,75,75,175,175,191,210,258,258,178,178,196,196,196,106,106,116,75,75,75,75],"floor_reached":51,"playtime":2449,"items_purged":["Strike_B","Strike_B"],"score":729,"play_id":"f69c45fb-b0f2-4ea7-ada5-9f50febeb674","local_time":"20190109093016","is_ascension_mode":true,"campfire_choices":[{"data":"Darkness","floor":6,"key":"SMITH"},{"floor":11,"key":"REST"},{"data":"Zap","floor":13,"key":"SMITH"},{"data":"Coolheaded","floor":15,"key":"SMITH"},{"floor":23,"key":"REST"},{"floor":27,"key":"REST"},{"data":"Defragment","floor":29,"key":"SMITH"},{"floor":32,"key":"REST"},{"floor":40,"key":"REST"},{"floor":42,"key":"REST"},{"floor":45,"key":"REST"},{"floor":49,"key":"REST"}],"neow_cost":"NONE","seed_source_timestamp":38760702256978,"circlet_count":0,"master_deck":["Strike_B","Defend_B","Defend_B","Defend_B","Defend_B+1","Zap+1","Dualcast+1","Sunder+1","Darkness+1","Beam Cell","Coolheaded+1","Rebound","Static Discharge","Buffer","Self Repair","White Noise","Capacitor","Conserve Battery","Steam+1","Defragment+1","Shame","Consume","Electrodynamics","Redo+1","Streamline","Self Repair+1","Writhe","Barrage+1","Auto Shields+1","Stack"],"relics":["Cracked Core","NeowsBlessing","The Courier","DataDisk","Question Card","Velvet Choker","Bag of Preparation","Ancient Tea Set","Nunchaku","Strawberry","Mercury Hourglass","FossilizedHelix","Fusion Hammer","Ginger","Pen Nib"],"potions_floor_usage":[4,12,12,33,36,37,48,50],"damage_taken":[{"damage":0,"enemies":"Jaw Worm","floor":1,"turns":1},{"damage":0,"enemies":"2 Louse","floor":4,"turns":1},{"damage":0,"enemies":"Cultist","floor":5,"turns":1},{"damage":23,"enemies":"Lagavulin","floor":7,"turns":4},{"damage":8,"enemies":"Red Slaver","floor":8,"turns":3},{"damage":3,"enemies":"3 Louse","floor":12,"turns":3},{"damage":4,"enemies":"2 Fungi Beasts","floor":14,"turns":3},{"damage":27,"enemies":"Slime Boss","floor":16,"turns":4},{"damage":12,"enemies":"Chosen","floor":18,"turns":5},{"damage":20,"enemies":"Shell Parasite","floor":20,"turns":4},{"damage":30,"enemies":"Shelled Parasite and Fungi","floor":22,"turns":5},{"damage":36,"enemies":"Book of Stabbing","floor":24,"turns":5},{"damage":8,"enemies":"Centurion and Healer","floor":28,"turns":6},{"damage":18,"enemies":"Snake Plant","floor":31,"turns":4},{"damage":41,"enemies":"Automaton","floor":33,"turns":8},{"damage":14,"enemies":"Orb Walker","floor":35,"turns":3},{"damage":26,"enemies":"3 Darklings","floor":36,"turns":4},{"damage":52,"enemies":"2 Orb Walkers","floor":37,"turns":5},{"damage":33,"enemies":"4 Shapes","floor":41,"turns":5},{"damage":27,"enemies":"Sphere and 2 Shapes","floor":46,"turns":3},{"damage":0,"enemies":"Jaw Worm Horde","floor":48,"turns":1},{"damage":45,"enemies":"Donu and Deca","floor":50,"turns":7}],"seed_played":"2038826699167697156","potions_obtained":[{"floor":1,"key":"Fruit Juice"},{"floor":5,"key":"Block Potion"},{"floor":8,"key":"Block Potion"},{"floor":14,"key":"FairyPotion"},{"floor":22,"key":"Ancient Potion"},{"floor":24,"key":"SpeedPotion"},{"floor":28,"key":"LiquidBronze"},{"floor":33,"key":"EssenceOfSteel"},{"floor":37,"key":"SmokeBomb"},{"floor":41,"key":"Swift Potion"}],"is_trial":false,"path_per_floor":["M","?","?","M","M","R","E","M","T","T","R","M","R","M","R","B",null,"M","?","M","$","M","R","E","$","T","R","M","R","?","M","R","B",null,"M","M","?","?","$","R","M","R","T","?","R","M","$","M","R","B",null],"character_chosen":"DEFECT","items_purchased":["Ancient Tea Set","Nunchaku","Capacitor","Stack"],"campfire_rested":8,"item_purchase_floors":[21,21,21,47],"current_hp_per_floor":[75,75,60,65,65,65,42,34,34,34,58,55,55,51,51,24,80,68,68,55,55,32,56,34,34,34,60,59,59,59,48,74,40,87,80,61,16,38,38,64,38,64,64,64,87,67,67,84,87,59],"gold":75,"neow_bonus":"THREE_ENEMY_KILL","is_prod":false,"is_daily":false,"chose_seed":false,"campfire_upgraded":4,"win_rate":0,"timestamp":1547044216,"path_taken":["M","?","?","?","M","R","E","M","T","?","R","?","R","M","R","BOSS","M","?","?","$","M","R","E","?","T","R","M","R","?","M","R","BOSS","M","M","?","?","?","R","M","R","T","?","R","?","$","M","R","BOSS"],"build_version":"2019-01-03v4","purchased_purges":2,"victory":true,"max_hp_per_floor":[75,75,75,80,80,80,80,80,80,80,80,80,80,80,80,80,80,80,80,80,80,80,80,87,87,87,87,87,87,87,87,87,87,87,87,87,87,87,87,87,87,87,87,87,87,87,87,87,87,87],"card_choices":[{"not_picked":["Force Field","Barrage"],"picked":"Sunder","floor":1},{"not_picked":["Steam Power","Cold Snap"],"picked":"Darkness","floor":4},{"not_picked":["Redo","Compile Driver"],"picked":"Beam Cell","floor":5},{"not_picked":["Steam","FTL"],"picked":"Coolheaded","floor":7},{"not_picked":["Recycle","Turbo","Reprogram"],"picked":"SKIP","floor":8},{"not_picked":["Steam","Blizzard","Conserve Battery"],"picked":"Rebound","floor":12},{"not_picked":["Rebound","Sunder","Heatsinks"],"picked":"Static Discharge","floor":14},{"not_picked":["Core Surge","Meteor Strike","Fission"],"picked":"Buffer","floor":16},{"not_picked":["Compile Driver","Leap+1","Reprogram"],"picked":"Self Repair","floor":18},{"not_picked":["Heatsinks","Leap","Beam Cell+1"],"picked":"White Noise","floor":20},{"not_picked":["Coolheaded","Rebound","Go for the Eyes"],"picked":"Conserve Battery","floor":22},{"not_picked":["Storm","Amplify","FTL+1"],"picked":"Steam+1","floor":24},{"not_picked":["Redo","Doom and Gloom","Turbo"],"picked":"Defragment","floor":28},{"not_picked":["Leap+1","Steam+1","Lockon"],"picked":"Consume","floor":31},{"not_picked":["Fission","Core Surge","Seek"],"picked":"Electrodynamics","floor":33},{"not_picked":["Chill+1","Cold Snap","FTL"],"picked":"Redo+1","floor":35},{"not_picked":["Reprogram","Cold Snap","Blizzard+1"],"picked":"Streamline","floor":36},{"not_picked":["Sweeping Beam","Beam Cell+1","Turbo+1"],"picked":"Self Repair","floor":37},{"not_picked":["Sweeping Beam+1","Recycle+1","Rip and Tear+1"],"picked":"Barrage+1","floor":41},{"not_picked":["Heatsinks+1","Hologram","Go for the Eyes"],"picked":"Auto Shields+1","floor":46}],"player_experience":184660,"relics_obtained":[{"floor":7,"key":"The Courier"},{"floor":9,"key":"DataDisk"},{"floor":10,"key":"Question Card"},{"floor":19,"key":"Bag of Preparation"},{"floor":24,"key":"Strawberry"},{"floor":26,"key":"Mercury Hourglass"},{"floor":37,"key":"Ginger"},{"floor":43,"key":"Pen Nib"}],"event_choices":[{"damage_healed":0,"gold_gain":0,"player_choice":"Grow","damage_taken":0,"max_hp_gain":0,"max_hp_loss":0,"event_name":"Living Wall","floor":2,"gold_loss":0,"cards_upgraded":["Sunder"]},{"damage_healed":0,"gold_gain":0,"player_choice":"Entered Light","damage_taken":15,"max_hp_gain":0,"max_hp_loss":0,"event_name":"Shining Light","floor":3,"gold_loss":0,"cards_upgraded":["Defend_B","Dualcast"]},{"damage_healed":0,"gold_gain":0,"player_choice":"Relic","damage_taken":0,"max_hp_gain":0,"max_hp_loss":0,"event_name":"Wheel of Change","floor":19,"gold_loss":0},{"damage_healed":0,"gold_gain":0,"player_choice":"Stole Relic","damage_taken":0,"relics_obtained":["FossilizedHelix"],"max_hp_gain":0,"max_hp_loss":0,"event_name":"Addict","floor":30,"gold_loss":0,"cards_obtained":["Shame"]},{"damage_healed":0,"gold_gain":0,"player_choice":"Fight","damage_taken":0,"max_hp_gain":0,"max_hp_loss":0,"event_name":"Mysterious Sphere","floor":37,"gold_loss":0},{"damage_healed":22,"gold_gain":0,"player_choice":"Writhe","damage_taken":0,"max_hp_gain":0,"max_hp_loss":0,"event_name":"Winding Halls","floor":38,"gold_loss":0,"cards_obtained":["Writhe"]},{"cards_removed":["Strike_B"],"damage_healed":0,"gold_gain":0,"player_choice":"Upgrade and Remove","damage_taken":0,"max_hp_gain":0,"max_hp_loss":0,"event_name":"Designer","floor":44,"gold_loss":90,"cards_upgraded":["Self Repair"]}],"is_beta":false,"boss_relics":[{"not_picked":["Lizard Tail","Runic Dome"],"picked":"Velvet Choker"},{"not_picked":["Coffee Dripper","Cursed Key"],"picked":"Fusion Hammer"}],"items_purged_floors":[21,39],"is_endless":false,"potions_floor_spawned":[1,5,8,14,22,24,28,33,37,41],"ascension_level":2}