{"gold_per_floor":[112,112,128,144,163,163,163,163,245,245,288,302,326,349,349,442,442,462,462,482,500,500],"floor_reached":22,"playtime":1118,"items_purged":[],"score":380,"play_id":"df092715-3a11-4ad9-90a5-ead9419ea690","local_time":"20190121215342","is_ascension_mode":true,"campfire_choices":[{"data":"Neutralize","floor":6,"key":"SMITH"},{"data":"Caltrops","floor":8,"key":"SMITH"},{"data":"Dagger Throw","floor":10,"key":"SMITH"},{"data":"Footwork","floor":15,"key":"SMITH"}],"neow_cost":"NONE","seed_source_timestamp":107808210939900,"circlet_count":0,"master_deck":["AscendersBane","Defend_G","Defend_G","Defend_G","Defend_G","Defend_G","Strike_G","Strike_G","Strike_G","Strike_G","Strike_G","Survivor","Neutralize+1","Caltrops+1","Backflip","Dagger Throw+1","Adrenaline","PiercingWail","Cloak And Dagger","Footwork+1","Corpse Explosion","Noxious Fumes","Dash","Blade Dance","Wraith Form v2","Dagger Spray+1","Pain","Dodge and Roll","PiercingWail"],"relics":["Eternal Feather","Snake Skull","Golden Idol","Shuriken","Happy Flower","Orrery","WarpedTongs"],"potions_floor_usage":[5,16,21,22],"damage_taken":[{"damage":8,"enemies":"Jaw Worm","floor":1,"turns":7},{"damage":7,"enemies":"2 Louse","floor":3,"turns":3},{"damage":1,"enemies":"Cultist","floor":4,"turns":4},{"damage":0,"enemies":"Lots of Slimes","floor":5,"turns":2},{"damage":35,"enemies":"3 Sentries","floor":11,"turns":9},{"damage":0,"enemies":"Red Slaver","floor":12,"turns":4},{"damage":0,"enemies":"2 Fungi Beasts","floor":13,"turns":3},{"damage":0,"enemies":"Looter","floor":14,"turns":3},{"damage":20,"enemies":"Hexaghost","floor":16,"turns":13},{"damage":16,"enemies":"Chosen","floor":18,"turns":7},{"damage":20,"enemies":"3 Byrds","floor":20,"turns":4},{"damage":8,"enemies":"Cultist and Chosen","floor":21,"turns":5},{"damage":15,"enemies":"Sentry and Sphere","floor":22,"turns":3}],"seed_played":"-4017766782578081183","potions_obtained":[{"floor":1,"key":"Explosive Potion"},{"floor":5,"key":"Dexterity Potion"},{"floor":13,"key":"Weak Potion"},{"floor":14,"key":"Strength Potion"},{"floor":18,"key":"SpeedPotion"}],"is_trial":false,"path_per_floor":["M","?","M","M","M","R","?","R","T","R","E","M","M","M","R","B",null,"M","?","M","M","M"],"character_chosen":"THE_SILENT","items_purchased":[],"campfire_rested":0,"item_purchase_floors":[],"current_hp_per_floor":[51,40,33,32,32,41,41,50,50,59,24,24,24,24,36,16,49,33,33,13,5,0],"gold":500,"neow_bonus":"BOSS_RELIC","is_prod":false,"is_daily":false,"chose_seed":false,"campfire_upgraded":4,"win_rate":0,"timestamp":1548125622,"path_taken":["M","?","M","M","M","R","?","R","T","R","E","M","M","M","R","BOSS","M","?","?","?","M"],"build_version":"2019-01-16","purchased_purges":0,"victory":false,"max_hp_per_floor":[66,66,66,66,66,66,60,60,60,60,60,60,60,60,60,60,60,60,60,60,60,60],"card_choices":[{"not_picked":["Sucker Punch","Backflip"],"picked":"Caltrops","floor":1},{"not_picked":["Caltrops","Endless Agony"],"picked":"Backflip","floor":3},{"not_picked":["Flechettes","Blade Dance"],"picked":"Dagger Throw","floor":4},{"not_picked":["Dagger Spray","Deflect"],"picked":"Adrenaline","floor":5},{"not_picked":["Eviscerate","Distraction"],"picked":"PiercingWail","floor":11},{"not_picked":["Well Laid Plans","Flying Knee"],"picked":"Cloak And Dagger","floor":12},{"not_picked":["Dagger Spray","Blade Dance"],"picked":"Footwork","floor":13},{"not_picked":["Sucker Punch","Accuracy","Expertise"],"picked":"SKIP","floor":14},{"not_picked":["Doppelganger","Grand Finale"],"picked":"Corpse Explosion","floor":16},{"not_picked":["Backstab","Reflex"],"picked":"Noxious Fumes","floor":17},{"not_picked":["Acrobatics","Bane"],"picked":"Dash","floor":17},{"not_picked":["Slice","Quick Slash"],"picked":"Blade Dance","floor":17},{"not_picked":["PiercingWail","Prepared"],"picked":"Wraith Form v2","floor":17},{"not_picked":["Sucker Punch","Flechettes"],"picked":"Dagger Spray+1","floor":18},{"not_picked":["Flying Knee","Tactician+1"],"picked":"Dodge and Roll","floor":20},{"not_picked":["Outmaneuver","Envenom"],"picked":"PiercingWail","floor":21}],"player_experience":1919162,"relics_obtained":[{"floor":9,"key":"Shuriken"},{"floor":11,"key":"Happy Flower"}],"event_choices":[{"damage_healed":0,"gold_gain":0,"player_choice":"Success","damage_taken":11,"relics_obtained":["Snake Skull"],"max_hp_gain":0,"max_hp_loss":0,"event_name":"Scrap Ooze","floor":2,"gold_loss":0},{"damage_healed":0,"gold_gain":0,"player_choice":"Lose Max HP","damage_taken":0,"relics_obtained":["Golden Idol"],"max_hp_gain":0,"max_hp_loss":6,"event_name":"Golden Idol","floor":7,"gold_loss":0},{"damage_healed":0,"gold_gain":0,"player_choice":"Rummage","damage_taken":0,"relics_obtained":["WarpedTongs"],"max_hp_gain":0,"max_hp_loss":0,"event_name":"Accursed Blacksmith","floor":19,"gold_loss":0,"cards_obtained":["Pain"]}],"is_beta":true,"boss_relics":[{"not_picked":["Black Star","Calling Bell"],"picked":"Orrery"}],"items_purged_floors":[],"is_endless":false,"potions_floor_spawned":[1,5,13,14,18,20],"killed_by":"Sentry and Sphere","ascension_level":20}