{"gold_per_floor":[114,134,153,25,40,40,51,80,126,126,142,142,142,142,142,219,219,229,244,34,34,52,52,70,70,93,105,124,124,124,137,137,209,209,228,247,1,1,13,13,42,42,68,94,94,104,104,20,20,20],"floor_reached":51,"playtime":3899,"items_purged":["Pain"],"score":1626,"play_id":"8d8fb5cc-93d7-4b67-97e8-8c9b6c5285c2","local_time":"20190119181345","is_ascension_mode":true,"campfire_choices":[{"data":"True Grit","floor":6.0,"key":"SMITH"},{"floor":10.0,"key":"REST"},{"data":"Barricade","floor":13.0,"key":"SMITH"},{"data":"Shockwave","floor":15.0,"key":"SMITH"},{"data":"Pommel Strike","floor":23.0,"key":"SMITH"},{"data":"Offering","floor":30.0,"key":"SMITH"},{"data":"Power Through","floor":32.0,"key":"SMITH"},{"data":"Impervious","floor":40.0,"key":"SMITH"},{"data":"Perfected Strike","floor":42.0,"key":"SMITH"},{"data":"Battle Trance","floor":47.0,"key":"SMITH"},{"data":"Feel No Pain","floor":49.0,"key":"SMITH"}],"neow_cost":"NONE","seed_source_timestamp":0,"circlet_count":0,"master_deck":["AscendersBane","Strike_R","Strike_R","Strike_R","Strike_R","Strike_R","Defend_R","Defend_R","Defend_R","Defend_R","Bash","Barricade+1","True Grit+1","Power Through+1","Shockwave+1","Perfected Strike","Armaments+1","Offering+1","Body Slam","Impervious+1","Perfected Strike+1","Headbutt","Pommel Strike+1","Shrug It Off","Feel No Pain+1","Flame Barrier+1","Exhume","Doubt","Pain","Shrug It Off","Battle Trance+1"],"special_seed":0,"relics":["Burning Blood","Omamori","Bag of Preparation","Blue Candle","Snecko Eye","Medical Kit","Necronomicon","PreservedInsect","MutagenicStrength","Calling Bell","Centennial Puzzle","Pear","Torii","Anchor","WarpedTongs","Boot","Blood Vial","Nunchaku","The Courier"],"potions_floor_usage":[50],"damage_taken":[{"damage":9.0,"enemies":"2 Louse","floor":1.0,"turns":3.0},{"damage":14.0,"enemies":"Small Slimes","floor":2.0,"turns":4.0},{"damage":29.0,"enemies":"Jaw Worm","floor":3.0,"turns":4.0},{"damage":0.0,"enemies":"Lots of Slimes","floor":5.0,"turns":2.0},{"damage":11.0,"enemies":"Looter","floor":7.0,"turns":2.0},{"damage":24.0,"enemies":"Gremlin Nob","floor":8.0,"turns":4.0},{"damage":6.0,"enemies":"Red Slaver","floor":11.0,"turns":4.0},{"damage":6.0,"enemies":"Slime Boss","floor":16.0,"turns":10.0},{"damage":6.0,"enemies":"Spheric Guardian","floor":18.0,"turns":3.0},{"damage":6.0,"enemies":"2 Thieves","floor":19.0,"turns":3.0},{"damage":0.0,"enemies":"Sentry and Sphere","floor":22.0,"turns":3.0},{"damage":6.0,"enemies":"Snecko","floor":24.0,"turns":4.0},{"damage":0.0,"enemies":"Centurion and Healer","floor":27.0,"turns":4.0},{"damage":6.0,"enemies":"3 Cultists","floor":28.0,"turns":4.0},{"damage":13.0,"enemies":"Snake Plant","floor":31.0,"turns":2.0},{"damage":6.0,"enemies":"Champ","floor":33.0,"turns":7.0},{"damage":2.0,"enemies":"3 Shapes","floor":35.0,"turns":4.0},{"damage":1.0,"enemies":"Orb Walker","floor":36.0,"turns":3.0},{"damage":8.0,"enemies":"Jaw Worm Horde","floor":39.0,"turns":4.0},{"damage":8.0,"enemies":"Nemesis","floor":41.0,"turns":5.0},{"damage":8.0,"enemies":"Giant Head","floor":44.0,"turns":4.0},{"damage":2.0,"enemies":"Transient","floor":46.0,"turns":6.0},{"damage":23,"enemies":"Donu and Deca","floor":50,"turns":15}],"seed_played":"-284822051827644678","potions_obtained":[{"floor":2.0,"key":"Explosive Potion"},{"floor":3.0,"key":"Explosive Potion"},{"floor":5.0,"key":"AttackPotion"},{"floor":8.0,"key":"GamblersBrew"},{"floor":18.0,"key":"EssenceOfSteel"},{"floor":24.0,"key":"SneckoOil"},{"floor":31.0,"key":"AttackPotion"},{"floor":35.0,"key":"Block Potion"}],"is_trial":false,"path_per_floor":["M","M","M","$","M","R","M","E","T","R","M","?","R","?","R","B",null,"M","M","$","?","M","R","M","?","T","M","M","?","R","M","R","B",null,"M","M","$","?","M","R","E","R","T","E","$","M","R","?","R","B",null],"character_chosen":"IRONCLAD","items_purchased":["Power Through","Shockwave","Medical Kit","Anchor"],"campfire_rested":1,"item_purchase_floors":[4,4,20,37],"current_hp_per_floor":[65,57,34,34,40,40,35,17,17,39,39,28,28,28,28,28,63,63,63,63,42,48,48,48,48,48,54,54,54,54,47,47,47,78,82,85,85,85,83,83,81,81,81,81,81,85,85,85,85,68],"gold":20,"neow_bonus":"ONE_RANDOM_RARE_CARD","is_prod":false,"is_daily":false,"chose_seed":false,"campfire_upgraded":10,"win_rate":0,"timestamp":1547939625,"path_taken":["M","M","M","$","M","R","M","E","T","R","M","?","R","?","R","BOSS","M","M","$","?","M","R","M","?","T","M","M","?","R","M","R","BOSS","M","M","$","?","M","R","E","R","T","E","$","?","R","?","R","BOSS"],"build_version":"2019-01-17v2","purchased_purges":1,"victory":true,"max_hp_per_floor":[75,75,75,75,75,75,75,75,75,75,75,75,75,75,75,75,75,75,75,75,75,75,75,75,75,75,75,75,75,75,75,75,75,85,85,85,85,85,85,85,85,85,85,85,85,85,85,85,85,85],"card_choices":[{"not_picked":["Anger","Reckless Charge","Seeing Red"],"picked":"SKIP","floor":1.0},{"not_picked":["Perfected Strike","Spot Weakness"],"picked":"True Grit","floor":2.0},{"not_picked":["Second Wind","Flex","Rage"],"picked":"SKIP","floor":3.0},{"not_picked":["Fire Breathing","Perfected Strike","Dual Wield"],"picked":"SKIP","floor":5.0},{"not_picked":["Fire Breathing","Dual Wield"],"picked":"Perfected Strike","floor":5.0},{"not_picked":["Body Slam","True Grit"],"picked":"Armaments","floor":7.0},{"not_picked":["Burning Pact","Feel No Pain"],"picked":"Offering","floor":8.0},{"not_picked":["Whirlwind","Clothesline"],"picked":"Body Slam","floor":11.0},{"not_picked":["Exhume","Offering"],"picked":"Impervious","floor":16.0},{"not_picked":["Searing Blow","Bloodletting"],"picked":"Perfected Strike","floor":18.0},{"not_picked":["True Grit","Cleave"],"picked":"Headbutt","floor":19.0},{"not_picked":["Warcry","Ghostly Armor"],"picked":"Pommel Strike","floor":22.0},{"not_picked":["Thunderclap+1","Anger","Flex"],"picked":"SKIP","floor":24.0},{"not_picked":["Juggernaut","Pommel Strike"],"picked":"Shrug It Off","floor":27.0},{"not_picked":["Wild Strike","Sentinel"],"picked":"Feel No Pain","floor":28.0},{"not_picked":["Hemokinesis","Uppercut"],"picked":"Flame Barrier+1","floor":31.0},{"not_picked":["Juggernaut","Bludgeon"],"picked":"Exhume","floor":33.0},{"not_picked":["Clash","Cleave+1","Headbutt"],"picked":"SKIP","floor":35.0},{"not_picked":["Dropkick","Warcry","Clothesline"],"picked":"SKIP","floor":36.0},{"not_picked":["Second Wind+1","Headbutt"],"picked":"Shrug It Off","floor":39.0},{"not_picked":["Whirlwind","Second Wind","Armaments"],"picked":"SKIP","floor":41.0},{"not_picked":["Immolate","Heavy Blade","Thunderclap+1"],"picked":"SKIP","floor":44.0},{"not_picked":["Headbutt","Sever Soul"],"picked":"Battle Trance","floor":46.0}],"player_experience":485842,"relics_obtained":[{"floor":8.0,"key":"Omamori"},{"floor":9.0,"key":"Bag of Preparation"},{"floor":21.0,"key":"Necronomicon"},{"floor":26.0,"key":"PreservedInsect"},{"floor":34.0,"key":"Centennial Puzzle"},{"floor":34.0,"key":"Pear"},{"floor":34.0,"key":"Torii"},{"floor":41.0,"key":"Boot"},{"floor":43.0,"key":"Blood Vial"},{"floor":44.0,"key":"Nunchaku"}],"event_choices":[{"damage_healed":0.0,"max_hp_gain":0.0,"max_hp_loss":0.0,"gold_gain":0.0,"event_name":"Scrap Ooze","player_choice":"Success","floor":12.0,"gold_loss":0.0,"damage_taken":11.0,"relics_obtained":["Blue Candle"]},{"damage_healed":0.0,"max_hp_gain":0.0,"max_hp_loss":0.0,"gold_gain":0.0,"event_name":"Living Wall","player_choice":"Grow","floor":14.0,"gold_loss":0.0,"damage_taken":0.0,"cards_upgraded":["Armaments"]},{"damage_healed":0.0,"max_hp_gain":0.0,"max_hp_loss":0.0,"gold_gain":0.0,"event_name":"Cursed Tome","player_choice":"Obtained Book","floor":21.0,"gold_loss":0.0,"damage_taken":21.0},{"damage_healed":0.0,"max_hp_gain":0.0,"max_hp_loss":0.0,"gold_gain":0.0,"event_name":"Ghosts","player_choice":"Ignored","floor":25.0,"gold_loss":0.0,"damage_taken":0.0},{"damage_healed":0.0,"max_hp_gain":0.0,"max_hp_loss":0.0,"gold_gain":0.0,"event_name":"Drug Dealer","player_choice":"Inject Mutagens","floor":29.0,"gold_loss":0.0,"damage_taken":0.0,"relics_obtained":["MutagenicStrength"]},{"damage_healed":0.0,"max_hp_gain":0.0,"max_hp_loss":0.0,"gold_gain":0.0,"event_name":"Accursed Blacksmith","player_choice":"Rummage","floor":38.0,"gold_loss":0.0,"damage_taken":0.0,"relics_obtained":["WarpedTongs"],"cards_obtained":["Pain"]},{"damage_healed":0.0,"max_hp_gain":0.0,"max_hp_loss":0.0,"gold_gain":0.0,"event_name":"WeMeetAgain","player_choice":"Paid Gold","floor":48.0,"gold_loss":84.0,"damage_taken":0.0,"relics_obtained":["The Courier"]}],"is_beta":false,"boss_relics":[{"not_picked":["Cursed Key","Runic Pyramid"],"picked":"Snecko Eye"},{"not_picked":["Lizard Tail","Eternal Feather"],"picked":"Calling Bell"}],"items_purged_floors":[37],"is_endless":false,"potions_floor_spawned":[2,3,5,8,18,24,28,31,35,36,41,44],"ascension_level":19}