{"gold_per_floor":[116,136,150,6,19,51,51,51,51,382,367],"floor_reached":11,"playtime":556,"items_purged":[],"score":87,"play_id":"49c24508-af23-4be0-94d9-fafd2074ae3d","local_time":"20190113134836","is_ascension_mode":true,"campfire_choices":[{"data":"Defragment","floor":8,"key":"SMITH"}],"neow_cost":"NONE","seed_source_timestamp":994740388315770,"circlet_count":0,"master_deck":["Strike_B","Strike_B","Strike_B","Defend_B","Defend_B","Defend_B","Defend_B","Zap","Dualcast","Reboot","Chaos","Echo Form","Cold Snap","Defragment+1","Conserve Battery","Reprogram","Compile Driver","Blizzard"],"relics":["Cracked Core","Ornamental Fan","StoneCalendar","Old Coin"],"potions_floor_usage":[],"damage_taken":[{"damage":1,"enemies":"Jaw Worm","floor":1,"turns":4},{"damage":4,"enemies":"Small Slimes","floor":2,"turns":4},{"damage":1,"enemies":"Cultist","floor":3,"turns":4},{"damage":5,"enemies":"Blue Slaver","floor":5,"turns":3},{"damage":25,"enemies":"3 Sentries","floor":6,"turns":9},{"damage":27,"enemies":"Lagavulin","floor":10,"turns":6},{"damage":8,"enemies":"Exordium Thugs","floor":11,"turns":1}],"seed_played":"-8829370447108139083","potions_obtained":[{"floor":2,"key":"EssenceOfSteel"},{"floor":6,"key":"Regen Potion"}],"is_trial":false,"path_per_floor":["M","M","M","$","M","E","?","R","T","E","M"],"character_chosen":"DEFECT","items_purchased":["Cold Snap","Defragment","Conserve Battery"],"campfire_rested":0,"item_purchase_floors":[4,4,4],"current_hp_per_floor":[74,70,69,69,64,39,32,32,32,5,0],"gold":367,"neow_bonus":"ONE_RANDOM_RARE_CARD","is_prod":false,"is_daily":false,"chose_seed":false,"campfire_upgraded":1,"win_rate":0,"timestamp":1547383716,"path_taken":["M","M","M","$","M","E","?","R","T","E","M"],"build_version":"2019-01-10","purchased_purges":0,"victory":false,"max_hp_per_floor":[75,75,75,75,75,75,75,75,75,75,75],"card_choices":[{"not_picked":["Go for the Eyes","Gash","Rebound"],"picked":"SKIP","floor":1},{"not_picked":["Rip and Tear","Gash"],"picked":"Chaos","floor":2},{"not_picked":["Stack","Sweeping Beam"],"picked":"Echo Form","floor":3},{"not_picked":["Reinforced Body","Undo"],"picked":"Reprogram","floor":5},{"not_picked":["Streamline","Hyperbeam"],"picked":"Compile Driver","floor":6},{"not_picked":["Coolheaded","Cold Snap"],"picked":"Blizzard","floor":10}],"player_experience":163883,"relics_obtained":[{"floor":6,"key":"Ornamental Fan"},{"floor":9,"key":"StoneCalendar"},{"floor":10,"key":"Old Coin"}],"event_choices":[{"cards_removed":["Strike_B"],"damage_healed":0,"gold_gain":0,"player_choice":"Card Removal","damage_taken":7,"max_hp_gain":0,"max_hp_loss":0,"event_name":"Golden Wing","floor":7,"gold_loss":0}],"is_beta":false,"boss_relics":[],"items_purged_floors":[],"is_endless":false,"potions_floor_spawned":[2,6],"killed_by":"Exordium Thugs","ascension_level":1}