{"gold_per_floor":[112,112,112,128,145,172,57,57,104,121,139,139,39,4,4,108,108,124,224,234,109,126,126,226,226,226,226,245,264,264,280,280,280],"floor_reached":33,"playtime":1025,"items_purged":["Defend_B","Parasite","Strike_B"],"score":247,"play_id":"0b16a799-8612-4cb7-ae0d-176330ee92a2","local_time":"20181118231729","is_ascension_mode":false,"campfire_choices":[{"data":"Defragment","floor":8,"key":"SMITH"},{"floor":15,"key":"RECALL"},{"data":"Thunder Strike","floor":23,"key":"SMITH"},{"floor":27,"key":"REST"},{"floor":30,"key":"REST"},{"data":"Zap","floor":32,"key":"SMITH"}],"neow_cost":"PERCENT_DAMAGE","seed_source_timestamp":8068893572963,"circlet_count":0,"master_deck":["Defend_B","Defend_B","Zap+1","Dualcast","Reboot","Beam Cell","Conserve Battery","Ball Lightning","Ball Lightning","Seek","Defragment+1","Double Energy","Coolheaded","Thunder Strike+1","Ball Lightning","Capacitor","Capacitor","Darkness","Conserve Battery+1","Steam+1","Barrage"],"relics":["Cracked Core","Bronze Scales","Happy Flower","Sozu","Bird Faced Urn","Matryoshka","Bottled Flame","Toxic Egg 2"],"potions_floor_usage":[31],"damage_taken":[{"damage":6,"enemies":"Jaw Worm","floor":1,"turns":3},{"damage":0,"enemies":"2 Louse","floor":4,"turns":2},{"damage":0,"enemies":"Small Slimes","floor":5,"turns":2},{"damage":18,"enemies":"Lagavulin","floor":6,"turns":6},{"damage":9,"enemies":"3 Louse","floor":10,"turns":2},{"damage":4,"enemies":"2 Fungi Beasts","floor":11,"turns":2},{"damage":12,"enemies":"Hexaghost","floor":16,"turns":6},{"damage":15,"enemies":"2 Thieves","floor":18,"turns":4},{"damage":0,"enemies":"Shell Parasite","floor":20,"turns":2},{"damage":0,"enemies":"Cultist and Chosen","floor":22,"turns":3},{"damage":28,"enemies":"Colosseum Slavers","floor":24,"turns":4},{"damage":26,"enemies":"Colosseum Nobs","floor":24,"turns":4},{"damage":14,"enemies":"3 Cultists","floor":28,"turns":4},{"damage":7,"enemies":"Centurion and Healer","floor":29,"turns":4},{"damage":9,"enemies":"Cultist and Chosen","floor":31,"turns":6},{"damage":46,"enemies":"Collector","floor":33,"turns":6}],"seed_played":"-3454079326534805567","potions_obtained":[{"floor":1,"key":"SpeedPotion"},{"floor":6,"key":"FearPotion"},{"floor":11,"key":"Fire Potion"}],"is_trial":false,"path_per_floor":["M","?","?","M","M","E","$","R","T","M","M","?","$","?","R","B",null,"M","?","M","$","M","R","?","?","T","R","M","M","R","M","R","B"],"character_chosen":"DEFECT","items_purchased":["Defragment"],"campfire_rested":2,"item_purchase_floors":[7],"current_hp_per_floor":[48,48,41,41,41,23,23,23,23,14,10,28,28,46,46,34,72,57,57,57,57,57,57,3,3,3,24,14,13,34,31,31,0],"gold":280,"neow_bonus":"TRANSFORM_TWO_CARDS","is_prod":false,"is_daily":false,"chose_seed":false,"campfire_upgraded":3,"win_rate":0,"timestamp":1542550649,"path_taken":["M","?","?","M","M","E","?","R","T","M","M","?","$","?","R","BOSS","M","?","?","$","M","R","?","?","T","R","?","M","R","M","R","BOSS"],"build_version":"2018-11-15","purchased_purges":3,"victory":false,"max_hp_per_floor":[75,75,75,75,75,75,75,75,75,75,75,75,72,72,72,72,72,72,72,72,72,72,72,72,72,72,72,72,72,72,72,72,72],"card_choices":[{"not_picked":["Chaos","Rebound"],"picked":"Conserve Battery","floor":1},{"not_picked":["Compile Driver","Darkness"],"picked":"Ball Lightning","floor":4},{"not_picked":["Stack","BootSequence"],"picked":"Ball Lightning","floor":5},{"not_picked":["Barrage","Ball Lightning"],"picked":"Seek","floor":6},{"not_picked":["Stack","Steam"],"picked":"Double Energy","floor":10},{"not_picked":["Reinforced Body","Streamline"],"picked":"Coolheaded","floor":11},{"not_picked":["Seek","Reboot"],"picked":"Thunder Strike","floor":16},{"not_picked":["Heatsinks+1","Blizzard"],"picked":"Ball Lightning","floor":18},{"not_picked":["Hologram","Barrage"],"picked":"Capacitor","floor":20},{"not_picked":["Heatsinks","Double Energy+1"],"picked":"Capacitor","floor":22},{"not_picked":["Hologram+1","Leap+1"],"picked":"Conserve Battery+1","floor":28},{"not_picked":["Beam Cell","Sunder"],"picked":"Steam+1","floor":29},{"not_picked":["Sunder","Lockon"],"picked":"Barrage","floor":31}],"player_experience":589197,"relics_obtained":[{"floor":6,"key":"Happy Flower"},{"floor":24,"key":"Bird Faced Urn"},{"floor":24,"key":"Matryoshka"},{"floor":26,"key":"Bottled Flame"},{"floor":26,"key":"Toxic Egg 2"}],"event_choices":[{"cards_removed":["Defend_B"],"damage_healed":0,"gold_gain":0,"player_choice":"Forget","damage_taken":0,"max_hp_gain":0,"max_hp_loss":0,"event_name":"Living Wall","floor":2,"gold_loss":0},{"damage_healed":0,"gold_gain":0,"player_choice":"Success","damage_taken":7,"relics_obtained":["Bronze Scales"],"max_hp_gain":0,"max_hp_loss":0,"event_name":"Scrap Ooze","floor":3,"gold_loss":0},{"damage_healed":18,"gold_gain":0,"player_choice":"Healed and dodged fight","damage_taken":0,"max_hp_gain":0,"max_hp_loss":0,"event_name":"Mushrooms","floor":12,"gold_loss":0,"cards_obtained":["Parasite"]},{"damage_healed":18,"gold_gain":0,"player_choice":"Healed","damage_taken":0,"max_hp_gain":0,"max_hp_loss":0,"event_name":"The Cleric","floor":14,"gold_loss":35},{"damage_healed":0,"gold_gain":100,"player_choice":"Pray","damage_taken":0,"max_hp_gain":0,"max_hp_loss":0,"event_name":"Golden Shrine","floor":19,"gold_loss":0},{"damage_healed":0,"gold_gain":0,"player_choice":"Fight","damage_taken":0,"max_hp_gain":0,"max_hp_loss":0,"event_name":"Colosseum","floor":24,"gold_loss":0},{"damage_healed":0,"gold_gain":0,"player_choice":"Fought Nobs","damage_taken":0,"max_hp_gain":0,"max_hp_loss":0,"event_name":"Colosseum","floor":24,"gold_loss":0},{"damage_healed":0,"gold_gain":0,"cards_transformed":["Strike_B"],"player_choice":"Transformed","damage_taken":0,"max_hp_gain":0,"max_hp_loss":0,"event_name":"Transmorgrifier","floor":25,"gold_loss":0,"cards_obtained":["Darkness"]}],"is_beta":false,"boss_relics":[{"not_picked":["Astrolabe","Coffee Dripper"],"picked":"Sozu"}],"items_purged_floors":[7,13,21],"is_endless":false,"potions_floor_spawned":[1,6,11,20,22,28,29,31],"killed_by":"Collector","ascension_level":0}