{"gold_per_floor":[213,213,233,252,252,252,286,302,371,383,395,108,108,139,139,234,234,252,266,97,97,97,97,109,109,136,154,85,85,9,9],"floor_reached":31,"playtime":1916,"items_purged":["Defend_B","Strike_B"],"score":306,"play_id":"74b84a20-15c3-49af-8d13-bdb0d875fbe7","local_time":"20181023034908","is_ascension_mode":true,"campfire_choices":[{"data":"Consume","floor":6,"key":"SMITH"},{"floor":13,"key":"REST"},{"floor":15,"key":"REST"},{"data":"Zap","floor":23,"key":"SMITH"},{"data":"Conserve Battery","floor":25,"key":"SMITH"}],"neow_cost":"NONE","seed_source_timestamp":1130951848657203,"circlet_count":0,"master_deck":["Strike_B","Strike_B","Defend_B","Defend_B","Defend_B","Zap+1","Dualcast","Consume+1","Hologram","Ball Lightning","Conserve Battery+1","FTL","Undo","Electrodynamics+1","Cold Snap","Compile Driver","Creative AI+1","Capacitor+1","Capacitor+1","FTL","RitualDagger","Conserve Battery+1","Scrape","Undo"],"relics":["Cracked Core","Calipers","Frozen Egg 2","Vajra","Coffee Dripper","Art of War"],"potions_floor_usage":[7,7,14,16,24,24,27,31,31],"damage_taken":[{"damage":0,"enemies":"Small Slimes","floor":1,"turns":3},{"damage":8,"enemies":"Jaw Worm","floor":3,"turns":4},{"damage":1,"enemies":"Cultist","floor":4,"turns":3},{"damage":4,"enemies":"Gremlin Nob","floor":7,"turns":4},{"damage":8,"enemies":"Exordium Wildlife","floor":8,"turns":3},{"damage":8,"enemies":"3 Louse","floor":10,"turns":3},{"damage":13,"enemies":"Large Slime","floor":11,"turns":5},{"damage":3,"enemies":"3 Sentries","floor":14,"turns":3},{"damage":5,"enemies":"The Guardian","floor":16,"turns":11},{"damage":13,"enemies":"2 Thieves","floor":18,"turns":4},{"damage":14,"enemies":"Shell Parasite","floor":19,"turns":6},{"damage":33,"enemies":"Cultist and Chosen","floor":24,"turns":5},{"damage":11,"enemies":"Snake Plant","floor":27,"turns":5},{"damage":13,"enemies":"Centurion and Healer","floor":31,"turns":1}],"seed_played":"5951716949669376875","potions_obtained":[{"floor":3,"key":"EssenceOfSteel"},{"floor":4,"key":"EssenceOfSteel"},{"floor":10,"key":"Fire Potion"},{"floor":11,"key":"Block Potion"},{"floor":14,"key":"Fire Potion"},{"floor":19,"key":"Energy Potion"},{"floor":24,"key":"AttackPotion"},{"floor":27,"key":"Fire Potion"}],"is_trial":false,"path_per_floor":["M","?","M","M","?","R","E","M","T","M","M","$","R","E","R","B",null,"M","M","$","?","?","R","M","R","T","M","$","?","$"],"character_chosen":"DEFECT","items_purchased":["Electrodynamics+1","Cold Snap","FTL","Undo","Regen Potion"],"campfire_rested":2,"item_purchase_floors":[12,12,20,28,30],"current_hp_per_floor":[75,80,72,71,64,64,60,52,52,44,31,31,55,52,76,71,78,65,51,51,45,45,45,12,12,12,1,1,1,1,0],"gold":9,"neow_bonus":"HUNDRED_GOLD","is_prod":false,"is_daily":false,"chose_seed":false,"campfire_upgraded":3,"win_rate":0,"timestamp":1540280948,"path_taken":["M","?","M","M","?","R","E","M","T","M","?","$","R","E","R","BOSS","M","M","$","?","?","R","?","R","T","M","?","?","$","M"],"build_version":"2018-10-18","purchased_purges":2,"victory":false,"max_hp_per_floor":[75,80,80,80,80,80,80,80,80,80,80,80,80,80,80,80,80,80,80,80,80,80,80,80,80,80,80,80,80,80,80],"card_choices":[{"not_picked":["Compile Driver","Steam"],"picked":"Consume","floor":1},{"not_picked":["Compile Driver","Leap"],"picked":"Hologram","floor":3},{"not_picked":["Coolheaded","Skim"],"picked":"Ball Lightning","floor":4},{"not_picked":["Redo","Tempest"],"picked":"Conserve Battery","floor":7},{"not_picked":["Tempest","Compile Driver"],"picked":"FTL","floor":8},{"not_picked":["Steam Power","Stack","Melter"],"picked":"SKIP","floor":10},{"not_picked":["Aggregate","Compile Driver"],"picked":"Undo","floor":11},{"not_picked":["Ball Lightning","Multi-Cast"],"picked":"Compile Driver","floor":14},{"not_picked":["Rainbow","Hyperbeam"],"picked":"Creative AI+1","floor":16},{"not_picked":["Cold Snap","Conserve Battery"],"picked":"Capacitor+1","floor":18},{"not_picked":["Chill","Barrage"],"picked":"Capacitor+1","floor":19},{"not_picked":["Gash+1","Streamline"],"picked":"Conserve Battery","floor":24},{"not_picked":["Chaos","Ball Lightning"],"picked":"Scrape","floor":27}],"player_experience":377796,"relics_obtained":[{"floor":7,"key":"Calipers"},{"floor":9,"key":"Frozen Egg 2"},{"floor":14,"key":"Vajra"},{"floor":26,"key":"Art of War"}],"event_choices":[{"damage_healed":0,"gold_gain":0,"player_choice":"Donut","damage_taken":0,"max_hp_gain":5,"max_hp_loss":0,"event_name":"Big Fish","floor":2,"gold_loss":0},{"cards_removed":["Strike_B"],"damage_healed":0,"gold_gain":0,"player_choice":"Card Removal","damage_taken":7,"max_hp_gain":0,"max_hp_loss":0,"event_name":"Golden Wing","floor":5,"gold_loss":0},{"damage_healed":0,"gold_gain":0,"player_choice":"Joined the Cult","damage_taken":6,"max_hp_gain":0,"max_hp_loss":0,"event_name":"Nest","floor":21,"gold_loss":0,"cards_obtained":["RitualDagger"]},{"damage_healed":0,"gold_gain":0,"player_choice":"Ignored","damage_taken":0,"max_hp_gain":0,"max_hp_loss":0,"event_name":"The Mausoleum","floor":22,"gold_loss":0},{"damage_healed":0,"gold_gain":0,"player_choice":"Upgraded","damage_taken":0,"max_hp_gain":0,"max_hp_loss":0,"event_name":"Upgrade Shrine","floor":29,"gold_loss":0,"cards_upgraded":["Conserve Battery"]}],"is_beta":false,"boss_relics":[{"not_picked":["Runic Pyramid","Pandora\u0027s Box"],"picked":"Coffee Dripper"}],"items_purged_floors":[12,20],"is_endless":false,"potions_floor_spawned":[3,4,10,11,14,19,24,27],"killed_by":"Centurion and Healer","ascension_level":5}