{"gold_per_floor":[111,111,121,196,272,298,298,310,357,357,389,389,414,427,427,427],"floor_reached":16,"playtime":374,"items_purged":[],"score":277,"play_id":"412034ab-f9ff-4f79-affb-55e32dccff55","local_time":"20181229172705","is_ascension_mode":true,"campfire_choices":[{"data":"Dualcast","floor":7,"key":"SMITH"},{"data":"Zap","floor":10,"key":"SMITH"},{"data":"Seek","floor":12,"key":"SMITH"},{"data":"Fission","floor":15,"key":"SMITH"}],"neow_cost":"NONE","seed_source_timestamp":1038493561394214,"circlet_count":0,"master_deck":["AscendersBane","Strike_B","Strike_B","Strike_B","Strike_B","Defend_B","Defend_B","Defend_B","Defend_B+1","Zap+1","Dualcast+1","Gash+1","Chill","Core Surge","Conserve Battery","Seek+1","Fission+1","Gash"],"relics":["Cracked Core","NeowsBlessing","Tiny Chest","Question Card","PreservedInsect","Sundial","Ornamental Fan"],"potions_floor_usage":[13],"damage_taken":[{"damage":0,"enemies":"2 Louse","floor":1,"turns":1},{"damage":0,"enemies":"Jaw Worm","floor":3,"turns":1},{"damage":0,"enemies":"Lagavulin","floor":6,"turns":1},{"damage":1,"enemies":"Cultist","floor":8,"turns":3},{"damage":8,"enemies":"3 Sentries","floor":11,"turns":7},{"damage":0,"enemies":"Gremlin Nob","floor":13,"turns":2},{"damage":11,"enemies":"Exordium Wildlife","floor":14,"turns":3},{"damage":24,"enemies":"The Guardian","floor":16,"turns":10}],"seed_played":"5281230469171271116","potions_obtained":[{"floor":3,"key":"Explosive Potion"},{"floor":13,"key":"Explosive Potion"}],"is_trial":false,"path_per_floor":["M","?","M","?","T","E","R","M","T","R","E","R","E","M","R","B"],"character_chosen":"DEFECT","items_purchased":[],"campfire_rested":0,"item_purchase_floors":[],"current_hp_per_floor":[68,53,53,42,42,42,42,41,41,41,33,33,33,22,22,0],"gold":427,"neow_bonus":"THREE_ENEMY_KILL","is_prod":false,"is_daily":false,"chose_seed":false,"campfire_upgraded":4,"win_rate":0,"timestamp":1546072025,"path_taken":["M","?","M","?","?","E","R","M","T","R","E","R","E","M","R","BOSS"],"build_version":"2018-12-20","purchased_purges":0,"victory":false,"max_hp_per_floor":[75,75,75,75,75,75,75,75,75,75,75,75,75,75,75,75],"card_choices":[{"not_picked":["Stack","Chaos"],"picked":"Gash","floor":1},{"not_picked":["Barrage","Redo"],"picked":"Chill","floor":3},{"not_picked":["Fusion","Recycle"],"picked":"Core Surge","floor":6},{"not_picked":["Sweeping Beam","Leap","Go for the Eyes"],"picked":"Conserve Battery","floor":8},{"not_picked":["Cold Snap","Consume","Sunder"],"picked":"Seek","floor":11},{"not_picked":["Hologram","Barrage","Steam"],"picked":"Fission","floor":13},{"not_picked":["Coolheaded","Barrage","Turbo"],"picked":"Gash","floor":14}],"player_experience":688521,"relics_obtained":[{"floor":5,"key":"Tiny Chest"},{"floor":6,"key":"Question Card"},{"floor":9,"key":"PreservedInsect"},{"floor":11,"key":"Sundial"},{"floor":13,"key":"Ornamental Fan"}],"event_choices":[{"damage_healed":0,"gold_gain":0,"player_choice":"Entered Light","damage_taken":15,"max_hp_gain":0,"max_hp_loss":0,"event_name":"Shining Light","floor":2,"gold_loss":0,"cards_upgraded":["Gash","Defend_B"]},{"damage_healed":0,"gold_gain":75,"player_choice":"Gather Gold","damage_taken":11,"max_hp_gain":0,"max_hp_loss":0,"event_name":"World of Goop","floor":4,"gold_loss":0}],"is_beta":false,"boss_relics":[],"items_purged_floors":[],"is_endless":false,"potions_floor_spawned":[3,13],"killed_by":"The Guardian","ascension_level":13}