{"gold_per_floor":[111,3,18,32,52,52,68,68,68,68,99,130,142,154,166,252,264,291,321,384,396,408,420,445,457,520,544,581,608,6,6,6,84,84,98,23,123,143,158,158,188,188,188,188,214,243,243,255,255,255],"floor_reached":50,"playtime":3612,"items_purged":["Strike_G"],"score":1090,"play_id":"38afe12b-e044-4700-aada-f73708087da7","local_time":"20181127051612","is_ascension_mode":true,"campfire_choices":[{"data":"Neutralize","floor":6.0,"key":"SMITH"},{"data":"Noxious Fumes","floor":8.0,"key":"SMITH"},{"floor":10.0,"key":"REST"},{"floor":13.0,"key":"REST"},{"floor":15.0,"key":"REST"},{"floor":23.0,"key":"REST"},{"floor":25.0,"key":"REST"},{"data":"Discovery","floor":32.0,"key":"SMITH"},{"floor":40.0,"key":"REST"},{"floor":42.0,"key":"REST"},{"floor":44.0,"key":"REST"},{"floor":47,"key":"REST"},{"floor":49,"key":"REST"}],"neow_cost":"NONE","seed_source_timestamp":341873757981200,"circlet_count":0,"master_deck":["AscendersBane","Defend_G","Defend_G","Defend_G","Defend_G","Defend_G","Strike_G","Strike_G","Strike_G","Survivor","Neutralize+1","Dagger Throw","Discovery+1","Sucker Punch","Finisher","Noxious Fumes+1","Bouncing Flask","Blur","Caltrops+1","Poisoned Stab","Cloak And Dagger+1","Footwork","Dash","Mayhem","Burst","Backflip+1","Dodge and Roll+1"],"special_seed":0,"relics":["Lizard Tail","Potion Belt","MawBank","Busted Crown","Anchor","Strawberry","Shuriken","HandDrill","Snecko Eye","Unceasing Top","Orichalcum","The Specimen","Bronze Scales","Girya"],"potions_floor_usage":[46,46,50],"damage_taken":[{"damage":4.0,"enemies":"Cultist","floor":1.0,"turns":5.0},{"damage":8.0,"enemies":"2 Louse","floor":3.0,"turns":3.0},{"damage":8.0,"enemies":"Small Slimes","floor":4.0,"turns":4.0},{"damage":14.0,"enemies":"Exordium Thugs","floor":5.0,"turns":9.0},{"damage":3.0,"enemies":"Looter","floor":7.0,"turns":4.0},{"damage":20.0,"enemies":"Lagavulin","floor":11.0,"turns":6.0},{"damage":13.0,"enemies":"Large Slime","floor":12.0,"turns":7.0},{"damage":25.0,"enemies":"The Guardian","floor":16.0,"turns":10.0},{"damage":10.0,"enemies":"Spheric Guardian","floor":18.0,"turns":5.0},{"damage":7.0,"enemies":"3 Byrds","floor":19.0,"turns":5.0},{"damage":18.0,"enemies":"Colosseum Slavers","floor":21.0,"turns":4.0},{"damage":35.0,"enemies":"Shelled Parasite and Fungi","floor":24.0,"turns":5.0},{"damage":41.0,"enemies":"Cultist and Chosen","floor":27.0,"turns":7.0},{"damage":10.0,"enemies":"Book of Stabbing","floor":28.0,"turns":5.0},{"damage":5.0,"enemies":"Chosen and Byrds","floor":29.0,"turns":4.0},{"damage":41.0,"enemies":"Champ","floor":33.0,"turns":13.0},{"damage":9.0,"enemies":"Orb Walker","floor":35.0,"turns":4.0},{"damage":19.0,"enemies":"Mind Bloom Boss Battle","floor":37.0,"turns":8.0},{"damage":0.0,"enemies":"3 Shapes","floor":38.0,"turns":6.0},{"damage":22.0,"enemies":"3 Darklings","floor":39.0,"turns":5.0},{"damage":43.0,"enemies":"Giant Head","floor":41.0,"turns":9.0},{"damage":43,"enemies":"Reptomancer","floor":46,"turns":8},{"damage":3,"enemies":"Writhing Mass","floor":48,"turns":8},{"damage":71,"enemies":"Time Eater","floor":50,"turns":11}],"seed_played":"3104102186073852801","potions_obtained":[{"floor":3.0,"key":"EssenceOfSteel"},{"floor":5.0,"key":"LiquidBronze"},{"floor":7.0,"key":"Poison Potion"},{"floor":18.0,"key":"AttackPotion"},{"floor":24.0,"key":"GhostInAJar"},{"floor":27.0,"key":"Ancient Potion"},{"floor":29.0,"key":"Fruit Juice"},{"floor":33.0,"key":"LiquidBronze"},{"floor":38.0,"key":"Swift Potion"},{"floor":41.0,"key":"Ancient Potion"},{"floor":46,"key":"GhostInAJar"}],"is_trial":false,"path_per_floor":["M","$","M","M","M","R","M","R","T","R","E","M","R","$","R","B",null,"M","M","T","?","?","R","M","R","T","M","E","M","$","?","R","B",null,"M","$","?","M","M","R","E","R","T","R","T","E","R","M","R","B"],"character_chosen":"THE_SILENT","items_purchased":["Discovery","Dash","Mayhem","HandDrill","GhostInAJar","AttackPotion"],"campfire_rested":10,"item_purchase_floors":[2,30,30,30,30,30],"current_hp_per_floor":[55,55,47,39,25,25,22,22,22,41,21,8,27,27,46,21,55,45,38,38,20,20,39,4,23,30,36,26,21,21,83,88,47,78,69,69,50,50,28,54,11,37,37,63,63,20,46,43,69,0],"gold":255,"neow_bonus":"BOSS_RELIC","is_prod":false,"is_daily":false,"chose_seed":false,"campfire_upgraded":3,"win_rate":0,"timestamp":1543313772,"path_taken":["M","$","M","M","M","R","M","R","T","R","E","M","R","$","R","BOSS","M","M","?","?","?","R","M","R","T","M","E","?","?","?","R","BOSS","M","$","?","M","M","R","E","R","T","R","?","E","R","M","R","BOSS"],"build_version":"2018-11-15","purchased_purges":1,"victory":false,"max_hp_per_floor":[66,66,66,66,66,66,66,66,66,66,66,66,66,66,66,66,66,66,66,66,66,66,66,66,66,73,73,73,73,73,83,88,88,88,88,88,88,88,88,88,88,88,88,88,88,88,88,88,88,88],"card_choices":[{"not_picked":["Deflect","Backflip"],"picked":"Dagger Throw","floor":1.0},{"not_picked":["Bane","Masterful Stab","Slice"],"picked":"SKIP","floor":3.0},{"not_picked":["Deflect","Phantasmal Killer"],"picked":"Sucker Punch","floor":4.0},{"not_picked":["Accuracy","Slice"],"picked":"Finisher","floor":5.0},{"not_picked":["Blur","Sucker Punch"],"picked":"Noxious Fumes","floor":7.0},{"not_picked":["Expertise","Underhanded Strike"],"picked":"Bouncing Flask","floor":11.0},{"not_picked":["Finisher","Dodge and Roll"],"picked":"Blur","floor":12.0},{"not_picked":["A Thousand Cuts","Storm of Steel"],"picked":"Doppelganger","floor":16.0},{"not_picked":["All Out Attack"],"picked":"SKIP","floor":18.0},{"not_picked":[],"picked":"Caltrops+1","floor":19.0},{"not_picked":[],"picked":"Cloak And Dagger+1","floor":24.0},{"not_picked":["Deflect"],"picked":"SKIP","floor":27.0},{"not_picked":[],"picked":"Footwork","floor":28.0},{"not_picked":["Tactician"],"picked":"SKIP","floor":29.0},{"not_picked":[],"picked":"Burst","floor":33.0},{"not_picked":["Distraction"],"picked":"SKIP","floor":35.0},{"not_picked":[],"picked":"Backflip+1","floor":37.0},{"not_picked":[],"picked":"Dodge and Roll+1","floor":38.0},{"not_picked":["Deadly Poison+1"],"picked":"SKIP","floor":39.0},{"not_picked":["Poisoned Stab+1"],"picked":"SKIP","floor":41.0},{"not_picked":["Deflect"],"picked":"SKIP","floor":46},{"not_picked":["Expertise"],"picked":"SKIP","floor":48}],"player_experience":1695280,"relics_obtained":[{"floor":9.0,"key":"Potion Belt"},{"floor":11.0,"key":"MawBank"},{"floor":20.0,"key":"Anchor"},{"floor":26.0,"key":"Strawberry"},{"floor":28.0,"key":"Shuriken"},{"floor":37.0,"key":"Unceasing Top"},{"floor":41.0,"key":"Orichalcum"},{"floor":43.0,"key":"The Specimen"},{"floor":45.0,"key":"Bronze Scales"},{"floor":46,"key":"Girya"}],"event_choices":[{"damage_healed":0.0,"max_hp_gain":0.0,"max_hp_loss":0.0,"gold_gain":0.0,"event_name":"Colosseum","player_choice":"Fight","floor":21.0,"gold_loss":0.0,"damage_taken":0.0},{"damage_healed":0.0,"max_hp_gain":0.0,"max_hp_loss":0.0,"gold_gain":0.0,"event_name":"Colosseum","player_choice":"Fled From Nobs","floor":21.0,"gold_loss":0.0,"damage_taken":0.0},{"damage_healed":0.0,"max_hp_gain":0.0,"max_hp_loss":0.0,"gold_gain":0.0,"cards_transformed":["Strike_G"],"event_name":"Transmorgrifier","player_choice":"Transformed","floor":22.0,"gold_loss":0.0,"damage_taken":0.0,"cards_obtained":["Poisoned Stab"]},{"cards_removed":["Doppelganger"],"damage_healed":52.0,"max_hp_gain":10.0,"max_hp_loss":0.0,"gold_gain":0.0,"event_name":"Bonfire Elementals","player_choice":"Offered Rare","floor":31.0,"gold_loss":0.0,"damage_taken":0.0},{"damage_healed":0.0,"max_hp_gain":0.0,"max_hp_loss":0.0,"gold_gain":0.0,"event_name":"MindBloom","player_choice":"Fight","floor":37.0,"gold_loss":0.0,"damage_taken":0.0}],"is_beta":true,"boss_relics":[{"not_picked":["WristBlade","Black Star"],"picked":"Busted Crown"},{"not_picked":["Calling Bell","Runic Dome"],"picked":"Snecko Eye"}],"items_purged_floors":[36],"is_endless":false,"potions_floor_spawned":[3,5,7,18,24,27,29,33,38,41,46],"killed_by":"Time Eater","ascension_level":20}