{"gold_per_floor":[114,129,144,144,159,159,174,174,174,193,30,68,87,106,106,231,231,250,175,194,213,232,270,270,270,320,320,339,339,358,416,416,541,541,560,560,579,79,412,412,62,62,62,62,0,30,30,45,45,45],"floor_reached":51,"playtime":3355,"items_purged":[],"score":819,"play_id":"80c60bf1-b8ad-4405-98cb-516367d6f37d","local_time":"20190204145351","daily_mods":["Draft","Colorless Cards","Night Terrors"],"is_ascension_mode":false,"campfire_choices":[{"data":"Magnetism","floor":15,"key":"SMITH"},{"floor":27,"key":"REST"},{"floor":29,"key":"REST"},{"data":"Go for the Eyes","floor":32,"key":"SMITH"},{"data":"Defragment","floor":40,"key":"SMITH"},{"data":"Rainbow","floor":42,"key":"SMITH"},{"data":"Discovery","floor":47,"key":"SMITH"},{"data":"Panache","floor":49,"key":"SMITH"}],"neow_cost":"","seed_source_timestamp":0,"circlet_count":0,"master_deck":["Enlightenment","Go for the Eyes+1","Cold Snap","Self Repair","Sunder+1","Conserve Battery","Compile Driver","Ball Lightning","Beam Cell","Undo","Finesse","Panacea","Trip","Cold Snap","Sweeping Beam","Cold Snap","Coolheaded","Bandage Up","Machine Learning","Magnetism+1","Amplify","Bandage Up+1","Discovery+1","Dramatic Entrance","Ball Lightning+1","Sadistic Nature","Bite","Bite","Bite","Bite","Bite","Ball Lightning","Redo","Rainbow+1","Go for the Eyes+1","Coolheaded+1","Defragment+1","All For One","Panache+1","Blind+1"],"special_seed":17931,"relics":["Cracked Core","Peace Pipe","Calipers","Philosopher\u0027s Stone","Omamori","DataDisk","Lantern","Sozu","Pen Nib","TheAbacus","Runic Capacitor","Bag of Marbles","Du-Vu Doll","Red Mask","Potion Belt"],"potions_floor_usage":[12,12,13,22,23,28],"damage_taken":[{"damage":0,"enemies":"Small Slimes","floor":1,"turns":2},{"damage":0,"enemies":"Jaw Worm","floor":2,"turns":2},{"damage":0,"enemies":"2 Louse","floor":3,"turns":2},{"damage":0,"enemies":"Blue Slaver","floor":5,"turns":4},{"damage":0,"enemies":"2 Fungi Beasts","floor":7,"turns":3},{"damage":4,"enemies":"Gremlin Gang","floor":10,"turns":2},{"damage":0,"enemies":"Gremlin Nob","floor":12,"turns":4},{"damage":6,"enemies":"3 Louse","floor":13,"turns":2},{"damage":5,"enemies":"Exordium Wildlife","floor":14,"turns":4},{"damage":19,"enemies":"The Guardian","floor":16,"turns":8},{"damage":17,"enemies":"Shell Parasite","floor":18,"turns":4},{"damage":11,"enemies":"Spheric Guardian","floor":20,"turns":4},{"damage":30,"enemies":"3 Cultists","floor":21,"turns":5},{"damage":41,"enemies":"Shelled Parasite and Fungi","floor":22,"turns":5},{"damage":26,"enemies":"Slavers","floor":23,"turns":4},{"damage":30,"enemies":"Colosseum Slavers","floor":24,"turns":3},{"damage":32,"enemies":"Sentry and Sphere","floor":28,"turns":5},{"damage":9,"enemies":"Chosen and Byrds","floor":30,"turns":3},{"damage":29,"enemies":"Book of Stabbing","floor":31,"turns":5},{"damage":55,"enemies":"Automaton","floor":33,"turns":11},{"damage":17,"enemies":"Orb Walker","floor":35,"turns":3},{"damage":14,"enemies":"3 Darklings","floor":37,"turns":5},{"damage":10,"enemies":"Giant Head","floor":46,"turns":6},{"damage":0,"enemies":"Transient","floor":48,"turns":5},{"damage":50,"enemies":"Awakened One","floor":50,"turns":11}],"seed_played":"-1671587602843192700","potions_obtained":[{"floor":5,"key":"Explosive Potion"},{"floor":7,"key":"Regen Potion"},{"floor":10,"key":"Dexterity Potion"},{"floor":12,"key":"Weak Potion"},{"floor":14,"key":"SteroidPotion"},{"floor":16,"key":"Poison Potion"},{"floor":28,"key":"Fruit Juice"},{"floor":30,"key":"SteroidPotion"}],"is_trial":false,"path_per_floor":["M","M","M","$","M","?","M","?","T","M","$","E","M","M","R","B",null,"M","?","M","M","M","E","?","?","T","R","M","R","M","E","R","B",null,"M","?","M","$","?","R","$","R","T","$","?","E","R","M","R","B",null],"character_chosen":"DEFECT","items_purchased":["Machine Learning","Defragment","All For One","Pen Nib","TheAbacus","Runic Capacitor","Bag of Marbles"],"campfire_rested":2,"item_purchase_floors":[11,38,38,38,38,41,41],"current_hp_per_floor":[75,75,75,75,75,75,75,57,57,53,53,75,75,75,75,67,75,73,73,75,62,45,32,12,12,12,47,35,47,46,39,39,11,47,47,47,47,47,47,47,47,47,47,47,47,47,47,47,47,24],"gold":45,"neow_bonus":"","is_prod":false,"is_daily":true,"chose_seed":false,"campfire_upgraded":6,"win_rate":0,"timestamp":1549310031,"path_taken":["M","M","M","$","M","?","M","?","T","M","$","E","M","M","R","BOSS","M","?","M","M","M","E","?","?","T","R","?","R","M","E","R","BOSS","M","?","?","$","?","R","$","R","T","?","?","E","R","M","R","BOSS"],"build_version":"2019-01-23","purchased_purges":0,"victory":true,"max_hp_per_floor":[75,75,75,75,75,75,75,75,75,75,75,75,75,75,75,75,75,75,75,75,75,75,75,75,52,52,47,52,47,47,47,47,47,47,47,47,47,47,47,47,47,47,47,47,47,47,47,47,47,47],"card_choices":[{"not_picked":["Streamline","Rebound"],"picked":"Enlightenment","floor":0},{"not_picked":["Leap","Blizzard"],"picked":"Go for the Eyes","floor":0},{"not_picked":["Steam","Discovery"],"picked":"Cold Snap","floor":0},{"not_picked":["Auto Shields","Swift Strike"],"picked":"Hologram","floor":0},{"not_picked":["Redo","FTL"],"picked":"Self Repair","floor":0},{"not_picked":["Gash","Redo"],"picked":"Sunder","floor":0},{"not_picked":["Steam","Reprogram"],"picked":"Conserve Battery","floor":0},{"not_picked":["Redo","Stack"],"picked":"Compile Driver","floor":0},{"not_picked":["Conserve Battery","Tempest"],"picked":"Ball Lightning","floor":0},{"not_picked":["Redo","Dark Shackles"],"picked":"Beam Cell","floor":0},{"not_picked":["Tempest","Redo"],"picked":"Undo","floor":0},{"not_picked":["Enlightenment","Sweeping Beam"],"picked":"Finesse","floor":0},{"not_picked":["Go for the Eyes","Redo"],"picked":"Panacea","floor":0},{"not_picked":["Stack","Impatience"],"picked":"Trip","floor":0},{"not_picked":["Rebound","Conserve Battery"],"picked":"Cold Snap","floor":0},{"not_picked":["Gash","Rebound"],"picked":"Sweeping Beam","floor":1},{"not_picked":["Conserve Battery","Stack"],"picked":"Cold Snap","floor":2},{"not_picked":["Reprogram","Rebound","Rip and Tear"],"picked":"SKIP","floor":3},{"not_picked":["Dramatic Entrance","Gash"],"picked":"Coolheaded","floor":5},{"not_picked":["Gash","Hologram","Beam Cell"],"picked":"SKIP","floor":7},{"not_picked":["Melter","Turbo"],"picked":"Bandage Up","floor":10},{"not_picked":["Force Field","Defragment"],"picked":"Magnetism","floor":12},{"not_picked":["Sweeping Beam","Cold Snap","Leap"],"picked":"SKIP","floor":13},{"not_picked":["Turbo","Beam Cell","Conserve Battery"],"picked":"SKIP","floor":14},{"not_picked":["Secret Technique","The Bomb"],"picked":"Amplify","floor":16},{"not_picked":["Lockon","Sweeping Beam+1"],"picked":"Bandage Up+1","floor":18},{"not_picked":["Compile Driver","Skim"],"picked":"Discovery","floor":20},{"not_picked":["Steam Power","Compile Driver"],"picked":"Dramatic Entrance","floor":21},{"not_picked":["Finesse","Auto Shields"],"picked":"Ball Lightning+1","floor":22},{"not_picked":["Streamline","Enlightenment"],"picked":"Sadistic Nature","floor":23},{"not_picked":["Steam","Coolheaded"],"picked":"Ball Lightning","floor":28},{"not_picked":["Impatience","Enlightenment+1"],"picked":"Redo","floor":30},{"not_picked":["Go for the Eyes","Ball Lightning","Stack"],"picked":"SKIP","floor":31},{"not_picked":["Magnetism","Transmutation"],"picked":"Rainbow","floor":33},{"not_picked":["Hologram+1","Jack Of All Trades+1"],"picked":"Go for the Eyes+1","floor":35},{"not_picked":["Redo","Streamline+1"],"picked":"Coolheaded+1","floor":37},{"not_picked":["Chrysalis","Steam"],"picked":"Panache","floor":46},{"not_picked":["Streamline","Conserve Battery"],"picked":"Blind+1","floor":48}],"player_experience":854429,"relics_obtained":[{"floor":9,"key":"Peace Pipe"},{"floor":12,"key":"Calipers"},{"floor":23,"key":"Omamori"},{"floor":26,"key":"DataDisk"},{"floor":31,"key":"Lantern"},{"floor":43,"key":"Du-Vu Doll"},{"floor":46,"key":"Potion Belt"}],"event_choices":[{"damage_healed":0,"gold_gain":0,"player_choice":"Grow","damage_taken":0,"max_hp_gain":0,"max_hp_loss":0,"event_name":"Living Wall","floor":6,"gold_loss":0,"cards_upgraded":["Sunder"]},{"damage_healed":0,"gold_gain":0,"player_choice":"Take Damage","damage_taken":18,"relics_obtained":["Golden Idol"],"max_hp_gain":0,"max_hp_loss":0,"event_name":"Golden Idol","floor":8,"gold_loss":0},{"cards_removed":["Hologram"],"damage_healed":0,"gold_gain":0,"player_choice":"Gave Gold","damage_taken":0,"max_hp_gain":0,"max_hp_loss":0,"event_name":"Beggar","floor":19,"gold_loss":75},{"damage_healed":0,"gold_gain":0,"player_choice":"Fight","damage_taken":0,"max_hp_gain":0,"max_hp_loss":0,"event_name":"Colosseum","floor":24,"gold_loss":0},{"damage_healed":0,"gold_gain":0,"player_choice":"Fled From Nobs","damage_taken":0,"max_hp_gain":0,"max_hp_loss":0,"event_name":"Colosseum","floor":24,"gold_loss":0},{"damage_healed":0,"gold_gain":0,"player_choice":"Became a vampire","damage_taken":0,"max_hp_gain":0,"max_hp_loss":23,"event_name":"Vampires","floor":25,"gold_loss":0,"cards_obtained":["Bite","Bite","Bite","Bite","Bite"]},{"damage_healed":0,"gold_gain":0,"player_choice":"Ignored","damage_taken":0,"max_hp_gain":0,"max_hp_loss":0,"event_name":"SecretPortal","floor":36,"gold_loss":0},{"damage_healed":0,"gold_gain":333,"player_choice":"Gave Idol","damage_taken":0,"max_hp_gain":0,"max_hp_loss":0,"event_name":"The Moai Head","floor":39,"relics_lost":["Golden Idol"],"gold_loss":0},{"damage_healed":0,"gold_gain":0,"player_choice":"Paid","damage_taken":0,"relics_obtained":["Red Mask"],"max_hp_gain":0,"max_hp_loss":0,"event_name":"Tomb of Lord Red Mask","floor":45,"gold_loss":62}],"is_beta":false,"boss_relics":[{"not_picked":["Snecko Eye","Ectoplasm"],"picked":"Philosopher\u0027s Stone"},{"not_picked":["Runic Dome","Empty Cage"],"picked":"Sozu"}],"items_purged_floors":[],"is_endless":false,"potions_floor_spawned":[5,7,10,12,14,16,18,20,28,30,37,46],"ascension_level":0}