{"gold_per_floor":[112,130,130,305,230,270,235,235,261,261,277,302,121,142,142,273,273,297,297,222,51,51,51,87,108,108,122,145,158,158,189,189,318,318,334,334,334,359,9,9,50,75,75,75,113,129,147,147],"floor_reached":48,"playtime":1814,"items_purged":["Doubt"],"score":637,"play_id":"50ad0fed-9f3c-4ff1-ad87-3c7a917bd7d2","local_time":"20190106011541","is_ascension_mode":true,"campfire_choices":[{"data":"Madness","floor":8,"key":"SMITH"},{"data":"Flame Barrier","floor":10,"key":"SMITH"},{"data":"Spot Weakness","floor":15,"key":"SMITH"},{"floor":23,"key":"REST"},{"floor":30,"key":"REST"},{"data":"Apotheosis","floor":32,"key":"SMITH"},{"data":"Limit Break","floor":40,"key":"SMITH"}],"neow_cost":"NONE","seed_source_timestamp":128512465323471,"circlet_count":0,"master_deck":["Strike_R","Strike_R","Strike_R+1","Strike_R","Defend_R","Defend_R","Defend_R","Defend_R","Bash","Madness+1","Cleave","Flame Barrier+1","Anger","Infernal Blade","Spot Weakness+1","Shrug It Off","Immolate","Flame Barrier","Rampage","Apotheosis+1","Sever Soul","Sword Boomerang+1","Heavy Blade+1","Shrug It Off+1","Heavy Blade","Bludgeon+1","Madness","Madness","Spot Weakness+1","Limit Break+1","Flex+1","Regret","Battle Trance"],"relics":["Burning Blood","Golden Idol","Bottled Flame","Bag of Preparation","Vajra","Busted Crown","Incense Burner","Sundial","Red Mask","Cursed Key","Sling","Whetstone","Ancient Tea Set","Dream Catcher"],"potions_floor_usage":[6,16,28,45,45,46,46],"damage_taken":[{"damage":1,"enemies":"Cultist","floor":1,"turns":3},{"damage":6,"enemies":"Small Slimes","floor":2,"turns":3},{"damage":40,"enemies":"3 Sentries","floor":6,"turns":8},{"damage":0,"enemies":"2 Louse","floor":11,"turns":2},{"damage":7,"enemies":"Large Slime","floor":12,"turns":6},{"damage":3,"enemies":"3 Louse","floor":14,"turns":2},{"damage":20,"enemies":"Slime Boss","floor":16,"turns":8},{"damage":19,"enemies":"Spheric Guardian","floor":18,"turns":4},{"damage":34,"enemies":"Gremlin Leader","floor":24,"turns":5},{"damage":4,"enemies":"3 Byrds","floor":25,"turns":3},{"damage":0,"enemies":"Centurion and Healer","floor":27,"turns":4},{"damage":8,"enemies":"3 Cultists","floor":28,"turns":4},{"damage":16,"enemies":"Chosen and Byrds","floor":29,"turns":5},{"damage":0,"enemies":"Masked Bandits","floor":31,"turns":2},{"damage":33,"enemies":"Automaton","floor":33,"turns":7},{"damage":0,"enemies":"3 Shapes","floor":35,"turns":2},{"damage":4,"enemies":"Orb Walker","floor":38,"turns":2},{"damage":26,"enemies":"Reptomancer","floor":41,"turns":3},{"damage":6,"enemies":"Sphere and 2 Shapes","floor":42,"turns":3},{"damage":28,"enemies":"Giant Head","floor":45,"turns":6},{"damage":38,"enemies":"Writhing Mass","floor":46,"turns":7},{"damage":7,"enemies":"3 Darklings","floor":47,"turns":4},{"damage":16,"enemies":"4 Shapes","floor":48,"turns":1}],"seed_played":"-6273427411235478255","potions_obtained":[{"floor":1,"key":"LiquidBronze"},{"floor":11,"key":"SkillPotion"},{"floor":27,"key":"SkillPotion"},{"floor":29,"key":"GamblersBrew"},{"floor":33,"key":"SpeedPotion"},{"floor":35,"key":"GamblersBrew"},{"floor":42,"key":"Regen Potion"},{"floor":45,"key":"GamblersBrew"}],"is_trial":false,"path_per_floor":["M","M","?","?","$","E","?","R","T","R","M","M","$","M","R","B",null,"M","?","?","$","?","R","E","M","T","M","M","M","R","?","R","B",null,"M","?","?","M","$","R","E","M","T","?","E","M","M","M"],"character_chosen":"IRONCLAD","items_purchased":["Vajra","Spot Weakness","Apotheosis","Limit Break","Sling"],"campfire_rested":2,"item_purchase_floors":[13,13,21,39,39],"current_hp_per_floor":[80,80,80,80,80,46,66,66,66,66,72,71,71,74,74,60,80,67,67,67,67,67,80,52,54,54,60,58,48,72,78,78,51,80,80,70,70,72,72,72,52,52,52,52,44,12,11,0],"gold":147,"neow_bonus":"RANDOM_COLORLESS","is_prod":false,"is_daily":false,"chose_seed":false,"campfire_upgraded":5,"win_rate":0,"timestamp":1546758941,"path_taken":["M","?","?","?","$","E","?","R","T","R","M","M","$","M","R","BOSS","M","?","?","?","?","R","E","M","T","M","M","?","R","?","R","BOSS","M","?","?","M","?","R","E","M","T","?","E","?","?","?"],"build_version":"2019-01-03v4","purchased_purges":1,"victory":false,"max_hp_per_floor":[80,80,80,80,80,80,80,80,80,80,80,80,80,80,80,80,80,80,80,80,80,80,80,80,80,80,80,80,80,80,80,80,80,80,80,80,80,80,80,80,80,80,80,80,80,80,80,80],"card_choices":[{"not_picked":["Sentinel","Wild Strike"],"picked":"Cleave","floor":1},{"not_picked":["Wild Strike","Combust"],"picked":"Flame Barrier","floor":2},{"not_picked":["Anger","Armaments","Cleave"],"picked":"SKIP","floor":6},{"not_picked":["Armaments","Cleave"],"picked":"Anger","floor":6},{"not_picked":["Clash","Sever Soul","Searing Blow"],"picked":"SKIP","floor":11},{"not_picked":["Evolve","Sever Soul"],"picked":"Infernal Blade","floor":12},{"not_picked":["Ghostly Armor","True Grit"],"picked":"Shrug It Off","floor":14},{"not_picked":["Double Tap","Exhume"],"picked":"Immolate","floor":16},{"not_picked":[],"picked":"Flame Barrier","floor":18},{"not_picked":[],"picked":"Sword Boomerang+1","floor":24},{"not_picked":[],"picked":"Heavy Blade+1","floor":25},{"not_picked":[],"picked":"Shrug It Off+1","floor":27},{"not_picked":["Pommel Strike"],"picked":"SKIP","floor":28},{"not_picked":["Reckless Charge+1"],"picked":"SKIP","floor":29},{"not_picked":[],"picked":"Heavy Blade","floor":31},{"not_picked":[],"picked":"Bludgeon","floor":33},{"not_picked":["Entrench"],"picked":"SKIP","floor":35},{"not_picked":[],"picked":"Spot Weakness+1","floor":38},{"not_picked":["Sword Boomerang+1"],"picked":"SKIP","floor":41},{"not_picked":[],"picked":"Flex+1","floor":42},{"not_picked":[],"picked":"Battle Trance","floor":45},{"not_picked":["Havoc+1"],"picked":"SKIP","floor":46},{"not_picked":["Entrench+1"],"picked":"SKIP","floor":47}],"player_experience":278136,"relics_obtained":[{"floor":6,"key":"Bottled Flame"},{"floor":9,"key":"Bag of Preparation"},{"floor":24,"key":"Incense Burner"},{"floor":26,"key":"Sundial"},{"floor":31,"key":"Red Mask"},{"floor":41,"key":"Whetstone"},{"floor":43,"key":"Ancient Tea Set"},{"floor":45,"key":"Dream Catcher"}],"event_choices":[{"damage_healed":0,"gold_gain":0,"player_choice":"Take Wound","damage_taken":0,"relics_obtained":["Golden Idol"],"max_hp_gain":0,"max_hp_loss":0,"event_name":"Golden Idol","floor":3,"gold_loss":0,"cards_obtained":["Injury"]},{"damage_healed":0,"gold_gain":175,"player_choice":"AGREE","damage_taken":0,"max_hp_gain":0,"max_hp_loss":0,"event_name":"Liars Game","floor":4,"gold_loss":0,"cards_obtained":["Doubt"]},{"damage_healed":20,"gold_gain":0,"player_choice":"Healed","damage_taken":0,"max_hp_gain":0,"max_hp_loss":0,"event_name":"The Cleric","floor":7,"gold_loss":35},{"damage_healed":0,"gold_gain":0,"player_choice":"Read","damage_taken":0,"max_hp_gain":0,"max_hp_loss":0,"event_name":"The Library","floor":19,"gold_loss":0,"cards_obtained":["Rampage"]},{"cards_removed":["Injury"],"damage_healed":0,"gold_gain":0,"player_choice":"Gave Gold","damage_taken":0,"max_hp_gain":0,"max_hp_loss":0,"event_name":"Beggar","floor":20,"gold_loss":75},{"damage_healed":0,"gold_gain":0,"cards_transformed":["Strike_R"],"player_choice":"Transformed","damage_taken":0,"max_hp_gain":0,"max_hp_loss":0,"event_name":"Transmorgrifier","floor":22,"gold_loss":0,"cards_obtained":["Sever Soul"]},{"damage_healed":0,"gold_gain":0,"player_choice":"Fought Bandits","damage_taken":0,"max_hp_gain":0,"max_hp_loss":0,"event_name":"Masked Bandits","floor":31,"gold_loss":0},{"damage_healed":0,"gold_gain":0,"player_choice":"Embrace Madness","damage_taken":10,"max_hp_gain":0,"max_hp_loss":0,"event_name":"Winding Halls","floor":36,"gold_loss":0,"cards_obtained":["Madness","Madness"]},{"damage_healed":0,"gold_gain":0,"player_choice":"Ignored","damage_taken":0,"max_hp_gain":0,"max_hp_loss":0,"event_name":"Mysterious Sphere","floor":37,"gold_loss":0},{"damage_healed":0,"gold_gain":0,"player_choice":"Ignored","damage_taken":0,"max_hp_gain":0,"max_hp_loss":0,"event_name":"SecretPortal","floor":44,"gold_loss":0}],"is_beta":false,"boss_relics":[{"not_picked":["Runic Pyramid","Black Star"],"picked":"Busted Crown"},{"not_picked":["Runic Dome","Calling Bell"],"picked":"Cursed Key"}],"items_purged_floors":[5],"is_endless":false,"potions_floor_spawned":[1,11,27,29,33,35,42,45],"killed_by":"4 Shapes","ascension_level":4}