{"gold_per_floor":[115,40,54,54,68,68,103,103,103,103,114,289,306,325,325,429,429,443,443,455,467,392,392,239,256,256,256,270,203,223,223,223,325,325,345,345,345,345,364,364,381,393,393,410,371,138,153,167,167,167],"floor_reached":50,"playtime":2015,"items_purged":["Strike_B","Defend_B"],"score":473,"play_id":"2f835d76-057f-46f9-a941-918ead5316b8","local_time":"20181017004430","is_ascension_mode":false,"campfire_choices":[{"data":"Zap","floor":6,"key":"SMITH"},{"data":"Go for the Eyes","floor":10,"key":"SMITH"},{"data":"Defragment","floor":15,"key":"SMITH"},{"data":"Go for the Eyes","floor":23,"key":"SMITH"},{"floor":32,"key":"REST"},{"data":"Thinking Ahead","floor":40,"key":"SMITH"},{"floor":49,"key":"REST"}],"neow_cost":"NONE","seed_source_timestamp":521582038900699,"circlet_count":0,"master_deck":["Defend_B","Zap+1","Dualcast","Machine Learning","Go for the Eyes+1","Beam Cell","BootSequence","Barrage","Conserve Battery","Doubt","Defragment+1","Electrodynamics","Multi-Cast+1","Sweeping Beam+1","Recycle+1","Go for the Eyes+1","Glacier","Stack+1","Conserve Battery","Capacitor","Thunder Strike","Self Repair","Thinking Ahead+1","Cold Snap","Ball Lightning","Barrage+1","Coolheaded+1","Static Discharge","Loop","Thinking Ahead+1","Redo+1"],"relics":["Cracked Core","Kunai","Darkstone Periapt","Blue Candle","Astrolabe","Ice Cream","Sundial","MutagenicStrength","Nuclear Battery","Toxic Egg 2"],"potions_floor_usage":[50,50,50],"damage_taken":[{"damage":1,"enemies":"Cultist","floor":1,"turns":3},{"damage":0,"enemies":"Small Slimes","floor":3,"turns":3},{"damage":0,"enemies":"2 Louse","floor":5,"turns":3},{"damage":3,"enemies":"Lagavulin","floor":7,"turns":8},{"damage":5,"enemies":"Large Slime","floor":11,"turns":5},{"damage":3,"enemies":"2 Fungi Beasts","floor":13,"turns":3},{"damage":16,"enemies":"Lots of Slimes","floor":14,"turns":4},{"damage":28,"enemies":"The Guardian","floor":16,"turns":11},{"damage":11,"enemies":"3 Byrds","floor":18,"turns":3},{"damage":8,"enemies":"Shell Parasite","floor":20,"turns":4},{"damage":6,"enemies":"Snecko","floor":21,"turns":5},{"damage":0,"enemies":"Centurion and Healer","floor":25,"turns":4},{"damage":10,"enemies":"Snake Plant","floor":28,"turns":3},{"damage":4,"enemies":"Snecko","floor":30,"turns":6},{"damage":13,"enemies":"Colosseum Slavers","floor":31,"turns":3},{"damage":8,"enemies":"Champ","floor":33,"turns":14},{"damage":1,"enemies":"3 Shapes","floor":35,"turns":4},{"damage":2,"enemies":"3 Darklings","floor":39,"turns":5},{"damage":4,"enemies":"Transient","floor":41,"turns":5},{"damage":4,"enemies":"Sphere and 2 Shapes","floor":42,"turns":4},{"damage":15,"enemies":"Maw","floor":44,"turns":7},{"damage":48,"enemies":"Jaw Worm Horde","floor":47,"turns":3},{"damage":3,"enemies":"Sphere and 2 Shapes","floor":48,"turns":3},{"damage":55,"enemies":"Donu and Deca","floor":50,"turns":4}],"seed_played":"5267202650113598187","potions_obtained":[{"floor":5,"key":"Dexterity Potion"},{"floor":14,"key":"Ancient Potion"},{"floor":16,"key":"Dexterity Potion"}],"is_trial":false,"path_per_floor":["M","$","M","?","M","R","E","?","T","R","M","?","M","M","R","B",null,"M","T","M","M","?","R","$","M","T","?","M","$","M","?","R","B",null,"M","?","?","?","M","R","M","M","T","M","$","$","M","M","R"],"character_chosen":"DEFECT","items_purchased":["Conserve Battery","Capacitor","Static Discharge","Loop","Thinking Ahead+1"],"campfire_rested":2,"item_purchase_floors":[24,29,45,46,46],"current_hp_per_floor":[74,74,74,71,71,71,68,68,68,68,63,69,66,50,50,22,81,70,70,62,56,56,56,56,56,56,56,46,46,42,29,53,45,81,80,80,80,80,81,81,81,77,77,69,69,69,21,25,49,0],"gold":167,"neow_bonus":"ONE_RANDOM_RARE_CARD","is_prod":false,"is_daily":false,"chose_seed":false,"campfire_upgraded":5,"win_rate":0,"timestamp":1539704670,"path_taken":["M","?","?","?","M","R","E","?","T","R","M","?","M","M","R","BOSS","M","?","M","?","?","R","$","M","T","?","M","?","M","?","R","BOSS","M","?","?","?","M","R","M","?","T","?","?","$","M","M","R","BOSS"],"build_version":"2018-10-15v2","purchased_purges":2,"victory":false,"max_hp_per_floor":[75,75,75,75,75,75,75,75,75,75,75,81,81,81,81,81,81,81,81,81,81,81,81,81,81,81,81,81,81,81,81,81,81,81,81,81,81,81,81,81,81,81,81,81,81,81,81,81,81,81],"card_choices":[{"not_picked":["Leap","Stack"],"picked":"Go for the Eyes","floor":1},{"not_picked":["Stack","Steam"],"picked":"Beam Cell","floor":3},{"not_picked":["Hologram","Turbo"],"picked":"BootSequence","floor":5},{"not_picked":["Rebound","Blizzard"],"picked":"Barrage","floor":7},{"not_picked":["Lockon","Barrage"],"picked":"Conserve Battery","floor":11},{"not_picked":["Steam","Sweeping Beam"],"picked":"Defragment","floor":13},{"not_picked":["Sunder","BootSequence","Sweeping Beam"],"picked":"SKIP","floor":14},{"not_picked":["Seek","Amplify"],"picked":"Electrodynamics","floor":16},{"not_picked":["Turbo","Streamline+1"],"picked":"Go for the Eyes","floor":18},{"not_picked":["Leap","Cold Snap"],"picked":"Glacier","floor":20},{"not_picked":["Sweeping Beam","Coolheaded"],"picked":"Stack+1","floor":21},{"not_picked":["Rebound","Streamline","Turbo"],"picked":"SKIP","floor":25},{"not_picked":["Hologram+1","Meteor Strike"],"picked":"Redo+1","floor":28},{"not_picked":["Consume","Sweeping Beam+1","Force Field"],"picked":"SKIP","floor":30},{"not_picked":["Seek","Machine Learning"],"picked":"Thunder Strike","floor":33},{"not_picked":["Gash+1","Compile Driver"],"picked":"Self Repair","floor":35},{"not_picked":["Jack Of All Trades","Forethought"],"picked":"Thinking Ahead","floor":38},{"not_picked":["Auto Shields+1","Redo"],"picked":"Cold Snap","floor":39},{"not_picked":["Storm+1","Streamline"],"picked":"Ball Lightning","floor":41},{"not_picked":["Steam","Beam Cell+1"],"picked":"Barrage+1","floor":42},{"not_picked":["Sweeping Beam+1","Hologram+1"],"picked":"Coolheaded+1","floor":44},{"not_picked":["Lockon","Sunder"],"picked":"Redo+1","floor":47},{"not_picked":["Undo+1","Sweeping Beam+1","Storm+1"],"picked":"SKIP","floor":48}],"player_experience":515524,"relics_obtained":[{"floor":7,"key":"Darkstone Periapt"},{"floor":9,"key":"Blue Candle"},{"floor":19,"key":"Ice Cream"},{"floor":26,"key":"Sundial"},{"floor":43,"key":"Toxic Egg 2"}],"event_choices":[{"event_name":"Scrap Ooze","player_choice":"success","floor":4,"damage_taken":3},{"event_name":"Purifier","player_choice":"One Purge","floor":8,"damage_taken":0},{"event_name":"Liars Game","player_choice":"agreed","floor":12,"damage_taken":0},{"event_name":"Beggar","player_choice":"Gave Gold","floor":22,"damage_taken":0},{"event_name":"Drug Dealer","player_choice":"Inject Mutagens","floor":27,"damage_taken":0},{"event_name":"Colosseum","player_choice":"Fight","floor":31,"damage_taken":0},{"event_name":"Colosseum","player_choice":"Fled From Nobs","floor":31,"damage_taken":0},{"event_name":"SecretPortal","player_choice":"Rejected Portal.","floor":36,"damage_taken":0},{"event_name":"Falling","player_choice":"Removed Skill","floor":37,"damage_taken":0},{"event_name":"SensoryStone","player_choice":"Memory 1","floor":38,"damage_taken":0}],"is_beta":true,"boss_relics":[{"not_picked":["White Beast Statue","Runic Dome"],"picked":"Astrolabe"},{"not_picked":["Empty Cage","FrozenCore"],"picked":"Nuclear Battery"}],"items_purged_floors":[2,24],"is_endless":false,"potions_floor_spawned":[5,14,16,20,28,33,41,47],"killed_by":"Donu and Deca","ascension_level":0}