{"gold_per_floor":[111,186,361,361,361,361,401,401,401,434,434,447,447,486,486,609,609,595,12,32,45,45,76,76,76],"floor_reached":25,"playtime":1375,"items_purged":["Doubt"],"score":324,"play_id":"580b7b78-7346-4835-a532-eb10ffa4bc03","local_time":"20190113220735","is_ascension_mode":true,"campfire_choices":[{"floor":6,"key":"REST"},{"floor":8,"key":"RECALL"},{"data":"Survivor","floor":11,"key":"SMITH"},{"data":"Sucker Punch","floor":13,"key":"SMITH"},{"data":"Finisher","floor":15,"key":"SMITH"},{"floor":24,"key":"REST"}],"neow_cost":"NONE","seed_source_timestamp":412339021439600,"circlet_count":0,"master_deck":["Defend_G","Defend_G","Defend_G","Defend_G","Defend_G+1","Strike_G","Strike_G","Strike_G+1","Survivor+1","Neutralize","Infinite Blades","Injury","Deadly Poison","Finisher+1","Sucker Punch+1","Dagger Throw","Envenom","Dagger Throw","Cloak And Dagger+1","Prepared","Slice"],"relics":["Ring of the Snake","NeowsBlessing","Golden Idol","Strawberry","Lantern","Calipers","Pear","Empty Cage","Singing Bowl","Sundial","Smiling Mask"],"potions_floor_usage":[16],"damage_taken":[{"damage":0,"enemies":"2 Louse","floor":1,"turns":1},{"damage":0,"enemies":"3 Sentries","floor":7,"turns":1},{"damage":0,"enemies":"Lagavulin","floor":10,"turns":1},{"damage":5,"enemies":"Small Slimes","floor":12,"turns":4},{"damage":39,"enemies":"Gremlin Nob","floor":14,"turns":6},{"damage":24,"enemies":"Hexaghost","floor":16,"turns":12},{"damage":9,"enemies":"2 Thieves","floor":18,"turns":4},{"damage":21,"enemies":"Spheric Guardian","floor":20,"turns":5},{"damage":18,"enemies":"Snake Plant","floor":21,"turns":5},{"damage":25,"enemies":"Gremlin Leader","floor":23,"turns":9},{"damage":46,"enemies":"Slavers","floor":25,"turns":4}],"seed_played":"-1900009458682183503","potions_obtained":[{"floor":7,"key":"Dexterity Potion"},{"floor":10,"key":"Swift Potion"},{"floor":14,"key":"GhostInAJar"},{"floor":20,"key":"Block Potion"}],"is_trial":false,"path_per_floor":["M","?","?","?","?","R","E","R","T","E","R","M","R","E","R","B",null,"M","$","M","M","?","E","R","E"],"character_chosen":"THE_SILENT","items_purchased":["Singing Bowl","Sundial"],"campfire_rested":2,"item_purchase_floors":[19,19],"current_hp_per_floor":[70,59,59,45,45,66,73,73,73,73,73,68,68,39,39,15,87,78,78,57,39,39,14,40,0],"gold":76,"neow_bonus":"THREE_ENEMY_KILL","is_prod":false,"is_daily":false,"chose_seed":false,"campfire_upgraded":3,"win_rate":0,"timestamp":1547446055,"path_taken":["M","?","?","?","?","R","E","R","T","E","R","M","R","E","R","BOSS","M","$","M","M","?","E","R","E"],"build_version":"2019-01-10","purchased_purges":1,"victory":false,"max_hp_per_floor":[70,70,70,70,70,70,77,77,77,77,77,77,77,87,87,87,87,87,87,87,87,87,87,87,87],"card_choices":[{"not_picked":["Slice","Skewer"],"picked":"Infinite Blades","floor":1},{"not_picked":["All Out Attack","Riddle With Holes"],"picked":"Deadly Poison","floor":7},{"not_picked":["Malaise","Blade Dance"],"picked":"Finisher","floor":10},{"not_picked":["Flying Knee","Well Laid Plans"],"picked":"Sucker Punch","floor":12},{"not_picked":["Flying Knee","Skewer"],"picked":"Dagger Throw","floor":14},{"not_picked":["Die Die Die","Glass Knife"],"picked":"Envenom","floor":16},{"not_picked":["Underhanded Strike","Dodge and Roll"],"picked":"Dagger Throw","floor":18},{"not_picked":["Heel Hook","Eviscerate"],"picked":"Cloak And Dagger+1","floor":20},{"not_picked":["Predator","Choke"],"picked":"Prepared","floor":21},{"not_picked":["Calculated Gamble","Acrobatics"],"picked":"Slice","floor":23}],"player_experience":210507,"relics_obtained":[{"floor":7,"key":"Strawberry"},{"floor":9,"key":"Lantern"},{"floor":10,"key":"Calipers"},{"floor":14,"key":"Pear"},{"floor":23,"key":"Smiling Mask"}],"event_choices":[{"damage_healed":0,"gold_gain":75,"player_choice":"Gather Gold","damage_taken":11,"max_hp_gain":0,"max_hp_loss":0,"event_name":"World of Goop","floor":2,"gold_loss":0},{"damage_healed":0,"gold_gain":175,"player_choice":"AGREE","damage_taken":0,"max_hp_gain":0,"max_hp_loss":0,"event_name":"Liars Game","floor":3,"gold_loss":0,"cards_obtained":["Doubt"]},{"damage_healed":0,"gold_gain":0,"player_choice":"Entered Light","damage_taken":14,"max_hp_gain":0,"max_hp_loss":0,"event_name":"Shining Light","floor":4,"gold_loss":0,"cards_upgraded":["Strike_G","Defend_G"]},{"damage_healed":0,"gold_gain":0,"player_choice":"Take Wound","damage_taken":0,"relics_obtained":["Golden Idol"],"max_hp_gain":0,"max_hp_loss":0,"event_name":"Golden Idol","floor":5,"gold_loss":0,"cards_obtained":["Injury"]},{"damage_healed":0,"gold_gain":0,"player_choice":"Ignored","damage_taken":0,"max_hp_gain":0,"max_hp_loss":0,"event_name":"Ghosts","floor":22,"gold_loss":0}],"is_beta":false,"boss_relics":[{"not_picked":["Ectoplasm","Velvet Choker"],"picked":"Empty Cage"}],"items_purged_floors":[19],"is_endless":false,"potions_floor_spawned":[7,10,14,20],"killed_by":"Slavers","ascension_level":1}