{"gold_per_floor":[115,71,116,133,151,151,181,181,208,223,237,237,253,287,287,287],"floor_reached":16,"playtime":397,"items_purged":[],"score":202,"play_id":"fc40b0e8-33cf-474c-9d13-bb4d1bd97fe4","local_time":"20181230190859","is_ascension_mode":true,"campfire_choices":[{"data":"Sweeping Beam","floor":6,"key":"SMITH"},{"floor":8,"key":"REST"},{"floor":12,"key":"REST"},{"data":"Defragment","floor":15,"key":"SMITH"}],"neow_cost":"NONE","seed_source_timestamp":264349345331618,"circlet_count":0,"master_deck":["AscendersBane","Strike_B","Strike_B","Strike_B","Strike_B","Defend_B","Defend_B","Defend_B","Defend_B","Zap","Dualcast","Ball Lightning","Darkness","Turbo","Sweeping Beam+1","Loop","Defragment+1","Chill","Seek","Compile Driver"],"relics":["Cracked Core","NeowsBlessing","DataDisk","Turnip","Centennial Puzzle","Regal Pillow"],"potions_floor_usage":[14,14],"damage_taken":[{"damage":0,"enemies":"Cultist","floor":1,"turns":1},{"damage":0,"enemies":"Small Slimes","floor":4,"turns":1},{"damage":0,"enemies":"Jaw Worm","floor":5,"turns":1},{"damage":40,"enemies":"Lagavulin","floor":7,"turns":5},{"damage":20,"enemies":"Lots of Slimes","floor":10,"turns":2},{"damage":9,"enemies":"3 Louse","floor":11,"turns":2},{"damage":7,"enemies":"2 Fungi Beasts","floor":13,"turns":2},{"damage":12,"enemies":"Gremlin Nob","floor":14,"turns":3},{"damage":23,"enemies":"Hexaghost","floor":16,"turns":7}],"seed_played":"2468658817777617514","potions_obtained":[{"floor":4,"key":"AttackPotion"},{"floor":5,"key":"AttackPotion"},{"floor":14,"key":"Strength Potion"}],"is_trial":false,"path_per_floor":["M","$","T","M","M","R","E","R","T","M","M","R","M","E","R","B"],"character_chosen":"DEFECT","items_purchased":["Darkness"],"campfire_rested":2,"item_purchase_floors":[2],"current_hp_per_floor":[64,64,64,64,64,64,24,45,45,25,16,37,30,18,18,0],"gold":287,"neow_bonus":"THREE_ENEMY_KILL","is_prod":false,"is_daily":false,"chose_seed":false,"campfire_upgraded":2,"win_rate":0,"timestamp":1546214939,"path_taken":["M","$","?","M","M","R","E","R","T","?","M","R","M","E","R","BOSS"],"build_version":"2018-12-20","purchased_purges":0,"victory":false,"max_hp_per_floor":[71,71,71,71,71,71,71,71,71,71,71,71,71,71,71,71],"card_choices":[{"not_picked":["Compile Driver","Self Repair"],"picked":"Ball Lightning","floor":1},{"not_picked":["Streamline","Gash"],"picked":"Turbo","floor":4},{"not_picked":["Melter","Skim"],"picked":"Sweeping Beam","floor":5},{"not_picked":["Reinforced Body","Skim"],"picked":"Loop","floor":7},{"not_picked":["Streamline","Ball Lightning"],"picked":"Defragment","floor":10},{"not_picked":["Beam Cell","Barrage"],"picked":"Chill","floor":11},{"not_picked":["Reprogram","Reinforced Body"],"picked":"Seek","floor":13},{"not_picked":["Sunder","Aggregate"],"picked":"Compile Driver","floor":14}],"player_experience":458931,"relics_obtained":[{"floor":3,"key":"DataDisk"},{"floor":7,"key":"Turnip"},{"floor":9,"key":"Centennial Puzzle"},{"floor":14,"key":"Regal Pillow"}],"event_choices":[],"is_beta":false,"boss_relics":[],"items_purged_floors":[],"is_endless":false,"potions_floor_spawned":[4,5,7,13,14],"killed_by":"Hexaghost","ascension_level":16}