{"gold_per_floor":[116,73,84,101,101,101,131,148,175,193,212,212,96,117,117,117],"floor_reached":16,"playtime":548,"items_purged":["Strike_B"],"score":189,"play_id":"72a6854a-4a6e-4109-aae3-e217c97f906a","local_time":"20190109190952","is_ascension_mode":true,"campfire_choices":[{"data":"Hyperbeam","floor":6,"key":"SMITH"},{"data":"Hologram","floor":12,"key":"SMITH"},{"floor":15,"key":"REST"}],"neow_cost":"TEN_PERCENT_HP_LOSS","seed_source_timestamp":1994875805940243,"circlet_count":0,"master_deck":["AscendersBane","Strike_B","Strike_B","Strike_B","Defend_B","Defend_B","Defend_B","Defend_B","Zap","Dualcast","Hyperbeam+1","Capacitor","Defragment","Ball Lightning","Reinforced Body","Beam Cell","FTL","Leap","Hologram+1","Auto Shields","Go for the Eyes"],"relics":["Cracked Core","Bronze Scales","Bag of Marbles","Odd Mushroom"],"potions_floor_usage":[],"damage_taken":[{"damage":3,"enemies":"2 Louse","floor":1,"turns":3},{"damage":17,"enemies":"Cultist","floor":3,"turns":4},{"damage":0,"enemies":"Small Slimes","floor":4,"turns":1},{"damage":32,"enemies":"Gremlin Nob","floor":7,"turns":4},{"damage":1,"enemies":"Looter","floor":8,"turns":2},{"damage":0,"enemies":"Red Slaver","floor":10,"turns":1},{"damage":0,"enemies":"2 Fungi Beasts","floor":11,"turns":3},{"damage":7,"enemies":"The Mushroom Lair","floor":14,"turns":2},{"damage":25,"enemies":"The Guardian","floor":16,"turns":6}],"seed_played":"-4192741079043759002","potions_obtained":[{"floor":1,"key":"SteroidPotion"},{"floor":10,"key":"Dexterity Potion"}],"is_trial":false,"path_per_floor":["M","$","M","M","?","R","E","M","T","M","M","R","$","?","R","B"],"character_chosen":"DEFECT","items_purchased":["Defragment","Auto Shields"],"campfire_rested":1,"item_purchase_floors":[2,13],"current_hp_per_floor":[61,61,44,44,44,44,12,11,11,11,11,11,11,4,23,0],"gold":117,"neow_bonus":"THREE_RARE_CARDS","is_prod":false,"is_daily":false,"chose_seed":false,"campfire_upgraded":2,"win_rate":0,"timestamp":1547028592,"path_taken":["M","$","M","M","?","R","E","M","T","M","?","R","?","?","R","BOSS"],"build_version":"2019-01-03v4","purchased_purges":1,"victory":false,"max_hp_per_floor":[64,64,64,64,64,64,64,64,64,64,64,64,64,64,64,64],"card_choices":[{"not_picked":["Machine Learning","Fission"],"picked":"Hyperbeam","floor":0},{"not_picked":["Streamline","Heatsinks"],"picked":"Capacitor","floor":1},{"not_picked":["Tempest","Static Discharge"],"picked":"Ball Lightning","floor":3},{"not_picked":["Redo","Steam"],"picked":"Reinforced Body","floor":4},{"not_picked":["Loop","Sweeping Beam"],"picked":"Beam Cell","floor":7},{"not_picked":["Turbo","Chaos"],"picked":"FTL","floor":8},{"not_picked":["Rip and Tear","Chaos"],"picked":"Leap","floor":10},{"not_picked":["Sunder","Fusion"],"picked":"Hologram","floor":11},{"not_picked":["Ball Lightning","Rebound"],"picked":"Go for the Eyes","floor":14}],"player_experience":796142,"relics_obtained":[{"floor":7,"key":"Bronze Scales"},{"floor":9,"key":"Bag of Marbles"},{"floor":14,"key":"Odd Mushroom"}],"event_choices":[{"damage_healed":0,"gold_gain":0,"player_choice":"0 cards matched","damage_taken":0,"max_hp_gain":0,"max_hp_loss":0,"event_name":"Match and Keep!","floor":5,"gold_loss":0,"cards_obtained":[]},{"damage_healed":0,"gold_gain":0,"player_choice":"Fought Mushrooms","damage_taken":0,"max_hp_gain":0,"max_hp_loss":0,"event_name":"Mushrooms","floor":14,"gold_loss":0}],"is_beta":false,"boss_relics":[],"items_purged_floors":[13],"is_endless":false,"potions_floor_spawned":[1,10,11],"killed_by":"The Guardian","ascension_level":17}