{"gold_per_floor":[119,134,84,84,100,100,25,25,25,25,25,50,50,60,60,161,161,178,78,3,0,16,49,49,49,75,25,37,54,54,67,67,67],"floor_reached":33,"playtime":2937,"items_purged":["Regret","Strike_G"],"score":278,"play_id":"9563af2a-9039-402a-b702-0b070ed7a8be","local_time":"20190207062126","is_ascension_mode":false,"campfire_choices":[{"data":"Neutralize","floor":6,"key":"SMITH"},{"data":"Flechettes","floor":10,"key":"SMITH"},{"data":"Survivor","floor":15,"key":"SMITH"},{"floor":24,"key":"REST"},{"floor":30,"key":"REST"},{"data":"Corpse Explosion","floor":32,"key":"SMITH"}],"neow_cost":"NONE","seed_source_timestamp":1417198500677265,"circlet_count":0,"master_deck":["Defend_G","Defend_G","Defend_G","Defend_G","Strike_G","Strike_G","Strike_G","Survivor+1","Neutralize+1","Flechettes+1","Escape Plan","Bullet Time","Cloak And Dagger","Corpse Explosion+1","Crippling Poison","Acrobatics","Flying Knee+1","Blur+1","Poisoned Stab+1"],"relics":["Ring of the Snake","Dream Catcher","Lantern","Pen Nib","Molten Egg 2","Philosopher\u0027s Stone","Omamori","Snake Skull"],"potions_floor_usage":[16,16,33],"damage_taken":[{"damage":2,"enemies":"2 Louse","floor":1,"turns":3},{"damage":2,"enemies":"Small Slimes","floor":2,"turns":5},{"damage":4,"enemies":"Jaw Worm","floor":5,"turns":4},{"damage":1,"enemies":"Blue Slaver","floor":14,"turns":3},{"damage":38,"enemies":"Slime Boss","floor":16,"turns":12},{"damage":1,"enemies":"Shell Parasite","floor":18,"turns":6},{"damage":3,"enemies":"2 Thieves","floor":22,"turns":5},{"damage":47,"enemies":"Gremlin Leader","floor":23,"turns":8},{"damage":0,"enemies":"Centurion and Healer","floor":28,"turns":4},{"damage":13,"enemies":"Snake Plant","floor":29,"turns":4},{"damage":7,"enemies":"Snecko","floor":31,"turns":4},{"damage":53,"enemies":"Champ","floor":33,"turns":11}],"seed_played":"-6086389774819900475","potions_obtained":[{"floor":2,"key":"SteroidPotion"},{"floor":14,"key":"Fire Potion"},{"floor":18,"key":"AttackPotion"},{"floor":31,"key":"Fire Potion"}],"is_trial":false,"path_per_floor":["?","?","?","T","T","?","?","?"],"character_chosen":"THE_SILENT","items_purchased":[],"campfire_rested":2,"item_purchase_floors":[],"current_hp_per_floor":[75,73,73,73,69,69,69,69,69,69,69,69,69,68,68,30,77,76,76,76,76,73,26,49,49,49,49,49,36,59,52,52,0],"gold":67,"neow_bonus":"TEN_PERCENT_HP_BONUS","is_prod":false,"is_daily":false,"chose_seed":false,"campfire_upgraded":4,"win_rate":0.0,"timestamp":1549516886,"path_taken":["M","M","?","?","M","R","$","?","T","R","$","?","?","M","R","BOSS","M","$","?","?","M","E","R","$","T","?","M","M","R","M","R","BOSS"],"build_version":"2019-01-23","purchased_purges":2,"victory":false,"max_hp_per_floor":[77,77,77,77,77,77,77,77,77,77,77,77,77,77,77,77,77,77,77,77,77,77,77,77,77,77,77,77,77,77,77,77,77],"card_choices":[{"not_picked":["Deflect","Slice","Dagger Throw"],"picked":"SKIP","floor":1},{"not_picked":["Dagger Spray","Expertise"],"picked":"Flechettes","floor":2},{"not_picked":["Riddle With Holes","Prepared","Underhanded Strike"],"picked":"SKIP","floor":5},{"not_picked":["Noxious Fumes","Bane+1"],"picked":"Escape Plan","floor":14},{"not_picked":["Glass Knife+1","Night Terror"],"picked":"Bullet Time","floor":16},{"not_picked":["Blade Dance","PiercingWail+1"],"picked":"Cloak And Dagger","floor":18},{"not_picked":["Dagger Spray+1","Underhanded Strike+1"],"picked":"Corpse Explosion","floor":22},{"not_picked":["Cloak And Dagger","Outmaneuver+1"],"picked":"Crippling Poison","floor":23},{"not_picked":["Reflex","Dash+1"],"picked":"Acrobatics","floor":24},{"not_picked":["Deflect","Calculated Gamble"],"picked":"Flying Knee+1","floor":28},{"not_picked":["Eviscerate+1","Slice+1"],"picked":"Blur+1","floor":29},{"not_picked":["Backflip","Cloak And Dagger"],"picked":"Poisoned Stab+1","floor":30},{"not_picked":["Dagger Throw+1","Dagger Spray+1","Deflect"],"picked":"SKIP","floor":31}],"player_experience":74762,"relics_obtained":[{"floor":9,"key":"Lantern"},{"floor":12,"key":"Pen Nib"},{"floor":13,"key":"Molten Egg 2"},{"floor":23,"key":"Omamori"},{"floor":26,"key":"Snake Skull"}],"event_choices":[{"cards_removed":["Defend_G"],"damage_healed":0,"gold_gain":0,"player_choice":"Card Removal","damage_taken":0,"max_hp_gain":0,"max_hp_loss":0,"event_name":"The Cleric","floor":3,"gold_loss":50},{"damage_healed":0,"gold_gain":0,"player_choice":"Box","damage_taken":0,"relics_obtained":["Dream Catcher"],"max_hp_gain":0,"max_hp_loss":0,"event_name":"Big Fish","floor":4,"gold_loss":0,"cards_obtained":["Regret"]},{"damage_healed":0,"gold_gain":0,"player_choice":"Ignored","damage_taken":0,"max_hp_gain":0,"max_hp_loss":0,"event_name":"Liars Game","floor":8,"gold_loss":0},{"cards_removed":["Strike_G"],"damage_healed":0,"gold_gain":0,"player_choice":"Gave Gold","damage_taken":0,"max_hp_gain":0,"max_hp_loss":0,"event_name":"Beggar","floor":20,"gold_loss":75},{"damage_healed":0,"gold_gain":0,"player_choice":"Paid Fearfully","damage_taken":0,"max_hp_gain":0,"max_hp_loss":0,"event_name":"Masked Bandits","floor":21,"gold_loss":3},{"damage_healed":0,"gold_gain":0,"player_choice":"Bet on Murderer","damage_taken":0,"max_hp_gain":0,"max_hp_loss":0,"event_name":"The Joust","floor":27,"gold_loss":50}],"is_beta":false,"boss_relics":[{"not_picked":["Busted Crown","Fusion Hammer"],"picked":"Philosopher\u0027s Stone"}],"items_purged_floors":[7,19],"is_endless":false,"potions_floor_spawned":[2,14,18,31],"killed_by":"Champ","ascension_level":0}