{"gold_per_floor":[115,115,115,130,194,194,204,254,254,320,320,340,30,45,45,119,119,137,137],"floor_reached":19,"playtime":663,"items_purged":["Strike_B"],"score":322,"play_id":"d966f842-792c-4633-9e52-f08b6218a435","local_time":"20190116172057","is_ascension_mode":true,"campfire_choices":[{"data":"Zap","floor":6,"key":"SMITH"},{"data":"Barrage","floor":11,"key":"SMITH"},{"data":"Creative AI","floor":15,"key":"SMITH"}],"neow_cost":"TEN_PERCENT_HP_LOSS","seed_source_timestamp":191922702575825,"circlet_count":0,"master_deck":["AscendersBane","Strike_B","Strike_B","Defend_B","Defend_B","Defend_B","Defend_B","Zap+1","Dualcast","Creative AI+1","Glacier","Barrage+1","Tempest","Rainbow","Self Repair","Hologram","Electrodynamics","Cold Snap","Coolheaded","Go for the Eyes","Defragment","Conserve Battery+1"],"relics":["Cracked Core","SsserpentHead","Bag of Preparation","Runic Capacitor","Orrery"],"potions_floor_usage":[],"damage_taken":[{"damage":1,"enemies":"2 Louse","floor":1,"turns":3},{"damage":2,"enemies":"Cultist","floor":4,"turns":4},{"damage":5,"enemies":"Jaw Worm","floor":5,"turns":5},{"damage":8,"enemies":"Red Slaver","floor":7,"turns":4},{"damage":12,"enemies":"Exordium Thugs","floor":10,"turns":5},{"damage":0,"enemies":"Looter","floor":12,"turns":2},{"damage":16,"enemies":"Large Slime","floor":14,"turns":4},{"damage":31,"enemies":"Slime Boss","floor":16,"turns":11},{"damage":39,"enemies":"2 Thieves","floor":18,"turns":4},{"damage":19,"enemies":"Shell Parasite","floor":19,"turns":3}],"seed_played":"-5466140828458458637","potions_obtained":[{"floor":1,"key":"SteroidPotion"},{"floor":4,"key":"Energy Potion"}],"is_trial":false,"path_per_floor":["M","?","?","M","M","R","M","?","T","M","R","M","$","M","R","B",null,"M","M"],"character_chosen":"DEFECT","items_purchased":["Self Repair","Runic Capacitor"],"campfire_rested":0,"item_purchase_floors":[13,13],"current_hp_per_floor":[63,68,68,66,61,61,53,53,53,41,41,41,41,32,32,1,52,13,0],"gold":137,"neow_bonus":"THREE_RARE_CARDS","is_prod":false,"is_daily":false,"chose_seed":false,"campfire_upgraded":3,"win_rate":0,"timestamp":1547626857,"path_taken":["M","?","?","M","?","R","M","?","T","?","R","M","?","M","R","BOSS","M","M"],"build_version":"2019-01-10","purchased_purges":1,"victory":false,"max_hp_per_floor":[64,69,69,69,69,69,69,69,69,69,69,69,69,69,69,69,69,69,69],"card_choices":[{"not_picked":["Fission","Buffer"],"picked":"Creative AI","floor":0},{"not_picked":["Beam Cell","Cold Snap"],"picked":"Glacier","floor":1},{"not_picked":["Redo","Leap","Turbo"],"picked":"SKIP","floor":4},{"not_picked":["Steam","Reprogram"],"picked":"Barrage","floor":5},{"not_picked":["Steam","Leap","Rebound"],"picked":"SKIP","floor":7},{"not_picked":["Reprogram","Stack"],"picked":"Tempest","floor":10},{"not_picked":["Undo","Leap"],"picked":"Rainbow","floor":12},{"not_picked":["Fusion","Doom and Gloom"],"picked":"Hologram","floor":14},{"not_picked":["Multi-Cast","Rainbow"],"picked":"Electrodynamics","floor":16},{"not_picked":["Redo","Stack"],"picked":"Cold Snap","floor":17},{"not_picked":["Aggregate","Turbo"],"picked":"Coolheaded","floor":17},{"not_picked":["Stack","Gash"],"picked":"Go for the Eyes","floor":17},{"not_picked":["Coolheaded","Cold Snap"],"picked":"Defragment","floor":17},{"not_picked":["Buffer","BootSequence"],"picked":"Conserve Battery+1","floor":18}],"player_experience":834318,"relics_obtained":[{"floor":9,"key":"Bag of Preparation"}],"event_choices":[{"damage_healed":0,"gold_gain":0,"player_choice":"Donut","damage_taken":0,"max_hp_gain":5,"max_hp_loss":0,"event_name":"Big Fish","floor":2,"gold_loss":0},{"damage_healed":0,"gold_gain":0,"player_choice":"Trade","damage_taken":0,"relics_obtained":["SsserpentHead"],"max_hp_gain":0,"max_hp_loss":0,"event_name":"FaceTrader","floor":3,"gold_loss":0},{"cards_removed":["Strike_B"],"damage_healed":0,"gold_gain":0,"player_choice":"Purged","damage_taken":0,"max_hp_gain":0,"max_hp_loss":0,"event_name":"Purifier","floor":8,"gold_loss":0}],"is_beta":false,"boss_relics":[{"not_picked":["Black Star","Runic Pyramid"],"picked":"Orrery"}],"items_purged_floors":[13],"is_endless":false,"potions_floor_spawned":[1,4,10],"killed_by":"Shell Parasite","ascension_level":20}