{"gold_per_floor":[113,63,63,76,76,76,104,179,179,179,206,225,225,235,235,337,337,349,155,205,223,148,148,178,98,98,130,130,45,64,79,79,79],"floor_reached":33,"playtime":1811,"items_purged":["Strike_B"],"score":411,"play_id":"9750c3b9-97af-48d4-a909-6854ebec629f","local_time":"20181209105925","is_ascension_mode":true,"campfire_choices":[{"data":"Zap","floor":6,"key":"SMITH"},{"data":"Blizzard","floor":13,"key":"SMITH"},{"data":"Cold Snap","floor":15,"key":"SMITH"},{"data":"Echo Form","floor":23,"key":"SMITH"},{"floor":32,"key":"REST"}],"neow_cost":"NONE","seed_source_timestamp":60851460657465,"circlet_count":0,"master_deck":["Strike_B","Strike_B","Defend_B","Defend_B","Defend_B","Defend_B","Zap+1","Blizzard+1","Cold Snap+1","Leap","Cold Snap","Blizzard+1","Conserve Battery","Echo Form+1","Steam+1","Hologram","Steam Power","Capacitor","Conserve Battery+1","Decay","Buffer","Coolheaded+1"],"relics":["FrozenCore","NeowsBlessing","Anchor","Pantograph","CultistMask","Centennial Puzzle","Tiny Chest","Happy Flower","Letter Opener","Molten Egg 2","Toxic Egg 2","Cables"],"potions_floor_usage":[16,16,24,27,27],"damage_taken":[{"damage":0,"enemies":"2 Louse","floor":1,"turns":1},{"damage":0,"enemies":"Small Slimes","floor":4,"turns":1},{"damage":0,"enemies":"Gremlin Nob","floor":7,"turns":1},{"damage":14,"enemies":"3 Sentries","floor":11,"turns":7},{"damage":0,"enemies":"Cultist","floor":12,"turns":3},{"damage":4,"enemies":"3 Louse","floor":14,"turns":2},{"damage":18,"enemies":"Hexaghost","floor":16,"turns":11},{"damage":7,"enemies":"2 Thieves","floor":18,"turns":4},{"damage":3,"enemies":"3 Byrds","floor":21,"turns":4},{"damage":22,"enemies":"Book of Stabbing","floor":24,"turns":6},{"damage":24,"enemies":"Slavers","floor":27,"turns":5},{"damage":5,"enemies":"Centurion and Healer","floor":30,"turns":8},{"damage":4,"enemies":"Chosen and Byrds","floor":31,"turns":8},{"damage":49,"enemies":"Collector","floor":33,"turns":7}],"seed_played":"-5627608909853444595","potions_obtained":[{"floor":1,"key":"Ancient Potion"},{"floor":11,"key":"PowerPotion"},{"floor":12,"key":"Fire Potion"},{"floor":14,"key":"FocusPotion"},{"floor":16,"key":"AttackPotion"},{"floor":18,"key":"Dexterity Potion"}],"is_trial":false,"path_per_floor":["M","$","?","M","?","R","E","?","T","?","E","M","R","M","R","B",null,"M","$","T","M","?","R","E","$","T","E","?","?","M","M","R","B"],"character_chosen":"DEFECT","items_purchased":["Cold Snap","Tiny Chest","Capacitor"],"campfire_rested":1,"item_purchase_floors":[2,19,25],"current_hp_per_floor":[68,68,61,61,61,61,61,50,50,50,36,36,36,32,32,39,66,59,59,59,56,56,56,34,34,34,10,10,10,5,1,23,0],"gold":79,"neow_bonus":"THREE_ENEMY_KILL","is_prod":false,"is_daily":false,"chose_seed":false,"campfire_upgraded":4,"win_rate":0,"timestamp":1544371165,"path_taken":["M","$","?","M","?","R","E","?","T","?","E","M","R","M","R","BOSS","M","$","?","M","?","R","E","$","T","E","?","?","M","M","R","BOSS"],"build_version":"2018-12-06","purchased_purges":1,"victory":false,"max_hp_per_floor":[75,75,75,75,75,75,75,75,75,75,75,75,75,75,75,75,75,75,75,75,75,75,75,75,75,75,75,75,75,75,75,75,75],"card_choices":[{"not_picked":["Undo","Gash"],"picked":"Blizzard","floor":1},{"not_picked":["Turbo","Gash"],"picked":"Leap","floor":4},{"not_picked":["Sunder","Rainbow"],"picked":"Cold Snap","floor":7},{"not_picked":["Tempest","Reboot","Melter"],"picked":"SKIP","floor":11},{"not_picked":["Storm","Gash"],"picked":"Blizzard","floor":12},{"not_picked":["Turbo","Streamline"],"picked":"Conserve Battery","floor":14},{"not_picked":["Thunder Strike","Seek"],"picked":"Echo Form","floor":16},{"not_picked":["Melter","Sweeping Beam"],"picked":"Steam+1","floor":18},{"not_picked":["Blizzard","Sweeping Beam"],"picked":"Hologram","floor":21},{"not_picked":["Sweeping Beam","Stack+1"],"picked":"Steam Power","floor":24},{"not_picked":["Stack+1","Hologram"],"picked":"Conserve Battery","floor":27},{"not_picked":["Turbo+1","Gash+1"],"picked":"Buffer","floor":30},{"not_picked":["Genetic Algorithm+1","Steam+1"],"picked":"Coolheaded+1","floor":31}],"player_experience":300244,"relics_obtained":[{"floor":7,"key":"Anchor"},{"floor":9,"key":"Pantograph"},{"floor":11,"key":"Centennial Puzzle"},{"floor":20,"key":"Happy Flower"},{"floor":24,"key":"Letter Opener"},{"floor":26,"key":"Molten Egg 2"},{"floor":27,"key":"Toxic Egg 2"}],"event_choices":[{"cards_removed":["Strike_B"],"damage_healed":0,"gold_gain":0,"player_choice":"Card Removal","damage_taken":7,"max_hp_gain":0,"max_hp_loss":0,"event_name":"Golden Wing","floor":3,"gold_loss":0},{"damage_healed":0,"gold_gain":0,"player_choice":"Grow","damage_taken":0,"max_hp_gain":0,"max_hp_loss":0,"event_name":"Living Wall","floor":5,"gold_loss":0,"cards_upgraded":["Blizzard"]},{"damage_healed":0,"gold_gain":75,"player_choice":"Gather Gold","damage_taken":11,"max_hp_gain":0,"max_hp_loss":0,"event_name":"World of Goop","floor":8,"gold_loss":0},{"damage_healed":0,"gold_gain":0,"player_choice":"Trade","damage_taken":0,"relics_obtained":["CultistMask"],"max_hp_gain":0,"max_hp_loss":0,"event_name":"FaceTrader","floor":10,"gold_loss":0},{"cards_removed":["Dualcast"],"damage_healed":0,"gold_gain":0,"player_choice":"Gave Gold","damage_taken":0,"max_hp_gain":0,"max_hp_loss":0,"event_name":"Beggar","floor":22,"gold_loss":75},{"damage_healed":0,"gold_gain":0,"player_choice":"Smashed Altar","damage_taken":0,"max_hp_gain":0,"max_hp_loss":0,"event_name":"Forgotten Altar","floor":28,"gold_loss":0,"cards_obtained":["Decay"]},{"damage_healed":0,"gold_gain":0,"player_choice":"Obtained Relic","damage_taken":0,"relics_obtained":["Cables"],"max_hp_gain":0,"max_hp_loss":0,"event_name":"Addict","floor":29,"gold_loss":85}],"is_beta":false,"boss_relics":[{"not_picked":["Ectoplasm","Empty Cage"],"picked":"FrozenCore"}],"items_purged_floors":[19],"is_endless":false,"potions_floor_spawned":[1,11,12,14,16,18],"killed_by":"Collector","ascension_level":6}