{"gold_per_floor":[117,129,129,12,12,12,46,46,70,70,83,83,113,126,126,205,205,215,215,228,228,228,261,261,261,261,207,257,257,307,353,353,353],"floor_reached":33,"playtime":1472,"items_purged":["Pain"],"score":559,"play_id":"afb3d88c-e152-456b-936c-0a40c07baa0b","local_time":"20181107042203","is_ascension_mode":true,"campfire_choices":[{"data":"Noxious Fumes","floor":6,"key":"SMITH"},{"data":"Neutralize","floor":8,"key":"SMITH"},{"data":"Poisoned Stab","floor":10,"key":"SMITH"},{"data":"Deadly Poison","floor":12,"key":"SMITH"},{"data":"Quick Slash","floor":15,"key":"SMITH"},{"floor":25,"key":"REST"},{"floor":29,"key":"REST"},{"data":"Footwork","floor":32,"key":"SMITH"}],"neow_cost":"NONE","seed_source_timestamp":81577389067900,"circlet_count":0,"master_deck":["AscendersBane","Defend_G+1","Defend_G","Defend_G+1","Defend_G","Defend_G","Survivor","Neutralize+1","Poisoned Stab+1","Deadly Poison+1","Noxious Fumes+1","Quick Slash+1","Backflip","PiercingWail","After Image","Dagger Spray","Dash+1","Bite","Bite","Bite","Bite","Bite","Footwork+1","Blur","Prepared+1","Backflip"],"relics":["Lizard Tail","WarpedTongs","Pear","Bronze Scales","Juzu Bracelet","Dream Catcher","Empty Cage","MutagenicStrength","Ninja Scroll","War Paint","Vajra"],"potions_floor_usage":[7,16,23,33],"damage_taken":[{"damage":3,"enemies":"Cultist","floor":1,"turns":4},{"damage":6,"enemies":"Jaw Worm","floor":2,"turns":4},{"damage":4,"enemies":"3 Sentries","floor":7,"turns":6},{"damage":0,"enemies":"2 Louse","floor":11,"turns":2},{"damage":24,"enemies":"Gremlin Nob","floor":13,"turns":4},{"damage":0,"enemies":"Large Slime","floor":14,"turns":4},{"damage":49,"enemies":"Slime Boss","floor":16,"turns":10},{"damage":7,"enemies":"Chosen","floor":18,"turns":5},{"damage":8,"enemies":"3 Byrds","floor":20,"turns":3},{"damage":50,"enemies":"Book of Stabbing","floor":23,"turns":7},{"damage":91,"enemies":"Champ","floor":33,"turns":14}],"seed_played":"3622967608676857613","potions_obtained":[{"floor":2,"key":"Fire Potion"},{"floor":14,"key":"Poison Potion"},{"floor":20,"key":"Dexterity Potion"}],"is_trial":false,"path_per_floor":["M","M","?","$","T","R","E","R","T","R","M","R","E","M","R","B",null,"M","?","M","?","?","E","$","R","T","$","?","R","?","T","R","B"],"character_chosen":"THE_SILENT","items_purchased":["Noxious Fumes","Swift Potion"],"campfire_rested":2,"item_purchase_floors":[4,27],"current_hp_per_floor":[56,50,50,50,60,60,56,56,56,56,56,56,32,32,32,26,64,57,57,49,49,49,8,8,23,23,23,23,38,38,38,38,0],"gold":353,"neow_bonus":"BOSS_RELIC","is_prod":false,"is_daily":false,"chose_seed":false,"campfire_upgraded":6,"win_rate":0,"timestamp":1541582523,"path_taken":["M","M","?","$","?","R","E","R","T","R","M","R","E","M","R","BOSS","M","?","M","?","?","E","?","R","T","$","?","R","?","?","R","BOSS"],"build_version":"2018-11-01","purchased_purges":1,"victory":false,"max_hp_per_floor":[66,66,66,66,76,76,76,76,76,76,76,76,76,76,76,76,76,76,76,76,53,53,53,53,53,53,53,53,53,53,53,53,53],"card_choices":[{"not_picked":["Blur","Slice"],"picked":"Poisoned Stab","floor":1},{"not_picked":["Slice","Finisher"],"picked":"Deadly Poison","floor":2},{"not_picked":["Blade Dance","Distraction"],"picked":"Quick Slash","floor":7},{"not_picked":["Outmaneuver","Deadly Poison","Deflect"],"picked":"SKIP","floor":11},{"not_picked":["PiercingWail","Finisher"],"picked":"Backflip","floor":13},{"not_picked":["Venomology","Blade Dance"],"picked":"PiercingWail","floor":14},{"not_picked":["Adrenaline","Die Die Die"],"picked":"After Image","floor":16},{"not_picked":["Outmaneuver","Underhanded Strike"],"picked":"Dagger Spray","floor":18},{"not_picked":["Flying Knee","Crippling Poison"],"picked":"Dash+1","floor":20},{"not_picked":["Setup","Terror"],"picked":"Blur","floor":23},{"not_picked":["Setup+1","Phantasmal Killer"],"picked":"Prepared+1","floor":25},{"not_picked":["PiercingWail","Sucker Punch"],"picked":"Backflip","floor":29}],"player_experience":1645864,"relics_obtained":[{"floor":5,"key":"Pear"},{"floor":7,"key":"Bronze Scales"},{"floor":9,"key":"Juzu Bracelet"},{"floor":13,"key":"Dream Catcher"},{"floor":23,"key":"Ninja Scroll"},{"floor":26,"key":"War Paint"},{"floor":31,"key":"Vajra"}],"event_choices":[{"damage_healed":0,"gold_gain":0,"player_choice":"Rummage","damage_taken":0,"relics_obtained":["WarpedTongs"],"max_hp_gain":0,"max_hp_loss":0,"event_name":"Accursed Blacksmith","floor":3,"gold_loss":0,"cards_obtained":["Pain"]},{"damage_healed":0,"gold_gain":0,"player_choice":"Inject Mutagens","damage_taken":0,"relics_obtained":["MutagenicStrength"],"max_hp_gain":0,"max_hp_loss":0,"event_name":"Drug Dealer","floor":19,"gold_loss":0},{"damage_healed":0,"gold_gain":0,"player_choice":"Became a vampire","damage_taken":0,"max_hp_gain":0,"max_hp_loss":23,"event_name":"Vampires","floor":21,"gold_loss":0,"cards_obtained":["Bite","Bite","Bite","Bite","Bite"]},{"damage_healed":0,"gold_gain":0,"player_choice":"Read","damage_taken":0,"max_hp_gain":0,"max_hp_loss":0,"event_name":"The Library","floor":22,"gold_loss":0,"cards_obtained":["Footwork"]},{"damage_healed":0,"gold_gain":50,"player_choice":"Stole From Cult","damage_taken":0,"max_hp_gain":0,"max_hp_loss":0,"event_name":"Nest","floor":28,"gold_loss":0},{"damage_healed":0,"gold_gain":100,"player_choice":"Bet on Murderer","damage_taken":0,"max_hp_gain":0,"max_hp_loss":0,"event_name":"The Joust","floor":30,"gold_loss":50}],"is_beta":true,"boss_relics":[{"not_picked":["Calling Bell","Philosopher\u0027s Stone"],"picked":"Empty Cage"}],"items_purged_floors":[4],"is_endless":false,"potions_floor_spawned":[2,14,20],"killed_by":"Champ","ascension_level":20}