{"gold_per_floor":[210,385,398,42,56,56,74,74,149,149,149],"floor_reached":11,"playtime":496,"items_purged":["Doubt"],"score":95,"play_id":"dd09d567-729d-451d-af27-0c57f11992d3","local_time":"20190207221119","is_ascension_mode":true,"campfire_choices":[{"data":"Neutralize","floor":6,"key":"SMITH"}],"neow_cost":"NONE","seed_source_timestamp":612686254625557,"circlet_count":0,"master_deck":["AscendersBane","Defend_G","Defend_G","Defend_G","Defend_G","Defend_G","Strike_G","Strike_G","Strike_G","Strike_G","Strike_G","Survivor","Neutralize+1","Quick Slash","Bouncing Flask","Noxious Fumes","Bane","Dagger Throw"],"relics":["Ring of the Snake","Membership Card","Bronze Scales","Paper Crane"],"potions_floor_usage":[3],"damage_taken":[{"damage":3,"enemies":"Cultist","floor":1,"turns":5},{"damage":26,"enemies":"Jaw Worm","floor":3,"turns":8},{"damage":1,"enemies":"Small Slimes","floor":5,"turns":4},{"damage":12,"enemies":"3 Louse","floor":7,"turns":3},{"damage":22,"enemies":"Lagavulin","floor":11,"turns":7}],"seed_played":"1911726491475500812","potions_obtained":[{"floor":1,"key":"Swift Potion"},{"floor":7,"key":"SteroidPotion"}],"is_trial":false,"path_per_floor":["M","?","M","$","M","R","M","?","T","?","E"],"character_chosen":"THE_SILENT","items_purchased":["Membership Card","Bronze Scales","Noxious Fumes"],"campfire_rested":0,"item_purchase_floors":[4,4,4],"current_hp_per_floor":[60,60,34,34,33,33,21,21,21,21,0],"gold":149,"neow_bonus":"HUNDRED_GOLD","is_prod":false,"is_daily":false,"chose_seed":false,"campfire_upgraded":1,"win_rate":0,"timestamp":1549606279,"path_taken":["M","?","M","$","M","R","M","?","T","?","E"],"build_version":"2019-01-23","purchased_purges":1,"victory":false,"max_hp_per_floor":[70,70,70,70,70,70,70,70,70,70,70],"card_choices":[{"not_picked":["Outmaneuver","Deflect"],"picked":"Quick Slash","floor":1},{"not_picked":["Prepared","Quick Slash"],"picked":"Bouncing Flask","floor":3},{"not_picked":["Flying Knee","Flechettes"],"picked":"Bane","floor":5},{"not_picked":["Sucker Punch","Escape Plan"],"picked":"Dagger Throw","floor":7}],"player_experience":502634,"relics_obtained":[{"floor":9,"key":"Paper Crane"}],"event_choices":[{"damage_healed":0,"gold_gain":175,"player_choice":"AGREE","damage_taken":0,"max_hp_gain":0,"max_hp_loss":0,"event_name":"Liars Game","floor":2,"gold_loss":0,"cards_obtained":["Doubt"]},{"damage_healed":0,"gold_gain":0,"player_choice":"Ignored","damage_taken":0,"max_hp_gain":0,"max_hp_loss":0,"event_name":"Shining Light","floor":8,"gold_loss":0},{"damage_healed":0,"gold_gain":0,"player_choice":"Ignored","damage_taken":0,"max_hp_gain":0,"max_hp_loss":0,"event_name":"Golden Wing","floor":10,"gold_loss":0}],"is_beta":false,"boss_relics":[],"items_purged_floors":[4],"is_endless":false,"potions_floor_spawned":[1,7],"killed_by":"Lagavulin","ascension_level":10}