{"gold_per_floor":[116,27,27,43,56,86,86,102,127,161,161,161,179,207,207,207],"floor_reached":16,"playtime":675,"items_purged":[],"score":240,"play_id":"400e4bf0-e63a-4541-b5bb-0b5b53b6063e","local_time":"20181101185739","is_ascension_mode":true,"campfire_choices":[{"data":"Noxious Fumes","floor":7.0,"key":"SMITH"},{"floor":11.0,"key":"REST"},{"floor":15.0,"key":"REST"}],"neow_cost":"NONE","seed_source_timestamp":1135157377700,"circlet_count":0,"master_deck":["AscendersBane","Defend_G","Defend_G","Defend_G","Defend_G","Defend_G","Strike_G","Strike_G","Strike_G","Strike_G","Survivor","Neutralize","Cloak And Dagger","Noxious Fumes+1","Poisoned Stab","Skewer","Terror","Quick Slash","Backflip","Sucker Punch"],"special_seed":0,"relics":["Sozu","Oddly Smooth Stone","Regal Pillow","Orichalcum","Darkstone Periapt"],"potions_floor_usage":[],"damage_taken":[{"damage":0.0,"enemies":"2 Louse","floor":1.0,"turns":4.0},{"damage":0.0,"enemies":"Cultist","floor":4.0,"turns":4.0},{"damage":1.0,"enemies":"Small Slimes","floor":5.0,"turns":4.0},{"damage":28.0,"enemies":"Lagavulin","floor":6.0,"turns":7.0},{"damage":0.0,"enemies":"Exordium Wildlife","floor":8.0,"turns":3.0},{"damage":24.0,"enemies":"3 Sentries","floor":10.0,"turns":5.0},{"damage":0.0,"enemies":"2 Fungi Beasts","floor":13.0,"turns":4.0},{"damage":39.0,"enemies":"Gremlin Nob","floor":14.0,"turns":5.0},{"damage":38,"enemies":"Slime Boss","floor":16,"turns":6}],"seed_played":"-4265020096440265925","potions_obtained":[],"is_trial":false,"path_per_floor":["M","$","?","M","M","E","R","M","T","E","R","?","M","E","R","B"],"character_chosen":"THE_SILENT","items_purchased":["Noxious Fumes"],"campfire_rested":2,"item_purchase_floors":[2],"current_hp_per_floor":[59,59,59,59,58,30,30,30,30,6,40,40,40,1,35,0],"gold":207,"neow_bonus":"BOSS_RELIC","is_prod":false,"is_daily":false,"chose_seed":false,"campfire_upgraded":1,"win_rate":0,"timestamp":1541113059,"path_taken":["M","$","?","M","M","E","R","?","T","E","R","?","M","E","R","BOSS"],"build_version":"2018-11-01","purchased_purges":0,"victory":false,"max_hp_per_floor":[66,66,66,66,66,66,66,66,66,66,66,66,66,66,66,66],"card_choices":[{"not_picked":["Quick Slash","Dodge and Roll"],"picked":"Cloak And Dagger","floor":1.0},{"not_picked":["Outmaneuver","Quick Slash"],"picked":"Poisoned Stab","floor":4.0},{"not_picked":["Envenom","Calculated Gamble"],"picked":"Skewer","floor":5.0},{"not_picked":["Choke","Expertise"],"picked":"Terror","floor":6.0},{"not_picked":["Flying Knee","Reflex"],"picked":"Quick Slash","floor":8.0},{"not_picked":["Setup","Riddle With Holes"],"picked":"Backflip","floor":10.0},{"not_picked":["Sucker Punch","Blade Dance","Underhanded Strike"],"picked":"SKIP","floor":13.0},{"not_picked":["Caltrops","Poisoned Stab"],"picked":"Sucker Punch","floor":14.0}],"player_experience":1585969,"relics_obtained":[{"floor":6.0,"key":"Oddly Smooth Stone"},{"floor":9.0,"key":"Regal Pillow"},{"floor":10.0,"key":"Orichalcum"},{"floor":14.0,"key":"Darkstone Periapt"}],"event_choices":[{"cards_removed":["Strike_G"],"damage_healed":0.0,"max_hp_gain":0.0,"max_hp_loss":0.0,"gold_gain":0.0,"event_name":"Purifier","player_choice":"Purged","floor":3.0,"gold_loss":0.0,"damage_taken":0.0},{"damage_healed":0.0,"max_hp_gain":0.0,"max_hp_loss":0.0,"gold_gain":0.0,"event_name":"Liars Game","player_choice":"Ignored","floor":12.0,"gold_loss":0.0,"damage_taken":0.0}],"is_beta":true,"boss_relics":[],"items_purged_floors":[],"is_endless":false,"potions_floor_spawned":[4,5,6],"killed_by":"Slime Boss","ascension_level":20}