{"gold_per_floor":[112,127,127,57,71,71,103,121,121,121,121,149,162,172,172,271,271,289,289,564,549,565,597,597,597],"floor_reached":25,"playtime":2739,"items_purged":[],"score":270,"play_id":"cce2080d-9259-4030-b67c-dac68af43add","local_time":"20190117202230","is_ascension_mode":true,"campfire_choices":[{"data":"Neutralize","floor":6.0,"key":"SMITH"},{"floor":11.0,"key":"REST"},{"data":"Footwork","floor":15.0,"key":"SMITH"},{"floor":24,"key":"REST"}],"neow_cost":"NONE","seed_source_timestamp":0,"circlet_count":0,"master_deck":["Defend_G","Defend_G","Defend_G","Defend_G","Defend_G","Strike_G","Strike_G","Strike_G","Strike_G","Strike_G","Survivor","Neutralize+1","Flying Knee","PiercingWail","Well Laid Plans","Dash","Footwork+1","Dodge and Roll","Backflip","Corpse Explosion","Cloak And Dagger","RitualDagger","Regret","Cloak And Dagger+1","Burst"],"special_seed":0,"relics":["Ring of the Snake","Gremlin Horn","Mummified Hand","Singing Bowl","Strawberry","Sozu","Incense Burner"],"potions_floor_usage":[21],"damage_taken":[{"damage":0.0,"enemies":"Cultist","floor":1.0,"turns":5.0},{"damage":0.0,"enemies":"Jaw Worm","floor":2.0,"turns":3.0},{"damage":0.0,"enemies":"Small Slimes","floor":5.0,"turns":2.0},{"damage":43.0,"enemies":"Gremlin Nob","floor":7.0,"turns":7.0},{"damage":3.0,"enemies":"Looter","floor":8.0,"turns":4.0},{"damage":14.0,"enemies":"3 Sentries","floor":12.0,"turns":12.0},{"damage":0.0,"enemies":"Exordium Thugs","floor":13.0,"turns":5.0},{"damage":1.0,"enemies":"Large Slime","floor":14.0,"turns":10.0},{"damage":46.0,"enemies":"Slime Boss","floor":16.0,"turns":23.0},{"damage":9,"enemies":"Spheric Guardian","floor":18,"turns":9},{"damage":4,"enemies":"2 Thieves","floor":21,"turns":4},{"damage":18,"enemies":"3 Cultists","floor":22,"turns":7},{"damage":49,"enemies":"Book of Stabbing","floor":23,"turns":11},{"damage":34,"enemies":"Gremlin Leader","floor":25,"turns":5}],"seed_played":"5467312119343904800","potions_obtained":[{"floor":5.0,"key":"Regen Potion"},{"floor":7.0,"key":"SteroidPotion"},{"floor":12.0,"key":"Poison Potion"},{"floor":14.0,"key":"Explosive Potion"}],"is_trial":false,"path_per_floor":["M","M","?","$","M","R","E","M","T","T","R","E","M","M","R","B",null,"M","?","?","M","M","E","R","E"],"character_chosen":"THE_SILENT","items_purchased":["Well Laid Plans"],"campfire_rested":2,"item_purchase_floors":[4],"current_hp_per_floor":[77,77,70,70,70,70,42,39,39,39,62,57,59,58,58,12,88,79,73,73,71,53,4,31,0],"gold":597,"neow_bonus":"TEN_PERCENT_HP_BONUS","is_prod":false,"is_daily":false,"chose_seed":false,"campfire_upgraded":2,"win_rate":0,"timestamp":1547785350,"path_taken":["M","M","?","$","M","R","E","M","T","?","R","E","M","M","R","BOSS","M","?","?","M","?","E","R","E"],"build_version":"2019-01-17","purchased_purges":0,"victory":false,"max_hp_per_floor":[77,77,77,77,77,77,77,77,77,77,77,86,88,88,88,88,88,88,88,88,90,90,90,90,90],"card_choices":[{"not_picked":["Slice","Bane"],"picked":"Flying Knee","floor":1.0},{"not_picked":["Bane","Dagger Throw"],"picked":"PiercingWail","floor":2.0},{"not_picked":["Acrobatics","Backflip"],"picked":"Dash","floor":5.0},{"not_picked":["Deflect","Blade Dance"],"picked":"Footwork","floor":7.0},{"not_picked":["Flying Knee","Slice"],"picked":"Dodge and Roll","floor":8.0},{"not_picked":["Dash","Deadly Poison","Predator"],"picked":"Singing Bowl","floor":12.0},{"not_picked":["Choke","Slice","Heel Hook"],"picked":"Singing Bowl","floor":13.0},{"not_picked":["Finisher","Deflect"],"picked":"Backflip","floor":14.0},{"not_picked":["Grand Finale","Wraith Form v2"],"picked":"Corpse Explosion","floor":16.0},{"not_picked":["Slice","Dodge and Roll"],"picked":"Cloak And Dagger","floor":18},{"not_picked":["All Out Attack","Reflex","Blade Dance"],"picked":"Singing Bowl","floor":21},{"not_picked":["Quick Slash","Outmaneuver"],"picked":"Cloak And Dagger+1","floor":22},{"not_picked":["Endless Agony","Deadly Poison"],"picked":"Burst","floor":23}],"player_experience":244550,"relics_obtained":[{"floor":7.0,"key":"Mummified Hand"},{"floor":9.0,"key":"Singing Bowl"},{"floor":12.0,"key":"Strawberry"},{"floor":23,"key":"Incense Burner"}],"event_choices":[{"damage_healed":0.0,"max_hp_gain":0.0,"max_hp_loss":0.0,"gold_gain":0.0,"event_name":"Scrap Ooze","player_choice":"Success","floor":3.0,"gold_loss":0.0,"damage_taken":7.0,"relics_obtained":["Gremlin Horn"]},{"damage_healed":0,"gold_gain":0,"player_choice":"Joined the Cult","damage_taken":6,"max_hp_gain":0,"max_hp_loss":0,"event_name":"Nest","floor":19,"gold_loss":0,"cards_obtained":["RitualDagger"]},{"damage_healed":0,"gold_gain":275,"player_choice":"Desecrate","damage_taken":0,"max_hp_gain":0,"max_hp_loss":0,"event_name":"Golden Shrine","floor":20,"gold_loss":0,"cards_obtained":["Regret"]}],"is_beta":false,"boss_relics":[{"not_picked":["Coffee Dripper","White Beast Statue"],"picked":"Sozu"}],"items_purged_floors":[],"is_endless":false,"potions_floor_spawned":[5,7,12,14],"killed_by":"Gremlin Leader","ascension_level":1}