{"gold_per_floor":[110,29,204,204,204,204,238,264,276,213,246,267,282,282],"floor_reached":14,"playtime":607,"items_purged":["Regret"],"score":101,"play_id":"bba0b0aa-cc14-4efe-a4da-61a4b4230310","local_time":"20180729224527","is_ascension_mode":true,"campfire_choices":[{"data":"Consume","floor":6,"key":"SMITH"}],"neow_cost":"TEN_PERCENT_HP_LOSS","seed_source_timestamp":42389745728679,"circlet_count":0,"master_deck":["Strike_B","Strike_B","Defend_B","Defend_B","Defend_B","Defend_B","Zap","Dualcast","Sunder","Static Discharge","Coolheaded","Consume+1","Doubt","Go for the Eyes","White Noise","Cold Snap","Rebound"],"relics":["Cracked Core","Golden Idol","Omamori","Gremlin Horn","MawBank","Centennial Puzzle","Darkstone Periapt"],"potions_floor_usage":[],"damage_taken":[{"damage":6,"enemies":"Jaw Worm","floor":1,"turns":3},{"damage":23,"enemies":"3 Sentries","floor":7,"turns":7},{"damage":14,"enemies":"Lagavulin","floor":11,"turns":8},{"damage":2,"enemies":"Small Slimes","floor":12,"turns":2},{"damage":0,"enemies":"2 Louse","floor":13,"turns":1},{"damage":12,"enemies":"Blue Slaver","floor":14,"turns":1}],"seed_played":"-5158111755749756287","potions_obtained":[{"floor":7,"key":"Dexterity Potion"},{"floor":11,"key":"LiquidBronze"},{"floor":13,"key":"Dexterity Potion"}],"is_trial":false,"path_per_floor":["M","$","?","?","?","R","E","T","T","$","E","M","M"],"character_chosen":"DEFECT","items_purchased":["Consume"],"campfire_rested":0,"item_purchase_floors":[2],"current_hp_per_floor":[62,62,62,45,45,45,22,22,22,22,8,6,6,0],"gold":282,"neow_bonus":"TRANSFORM_TWO_CARDS","is_prod":false,"is_daily":false,"chose_seed":false,"campfire_upgraded":1,"win_rate":0,"timestamp":1532871927,"path_taken":["M","$","?","?","?","R","E","?","T","$","E","M","?","M"],"build_version":"2018-07-26","purchased_purges":1,"victory":false,"max_hp_per_floor":[68,68,68,68,68,68,68,68,68,68,68,68,68,68],"card_choices":[{"not_picked":["Sweeping Beam","Streamline"],"picked":"Coolheaded","floor":1},{"not_picked":["Double Energy","Coolheaded"],"picked":"Go for the Eyes","floor":7},{"not_picked":["Barrage","Leap"],"picked":"White Noise","floor":11},{"not_picked":["Redo","Steam"],"picked":"Cold Snap","floor":12},{"not_picked":["Barrage","Turbo"],"picked":"Rebound","floor":13}],"player_experience":311505,"relics_obtained":[{"floor":7,"key":"Gremlin Horn"},{"floor":8,"key":"MawBank"},{"floor":9,"key":"Centennial Puzzle"},{"floor":11,"key":"Darkstone Periapt"}],"event_choices":[{"event_name":"Liars Game","player_choice":"agreed","floor":3,"damage_taken":0},{"event_name":"Golden Idol","player_choice":"Take Damage","floor":4,"damage_taken":0},{"event_name":"Big Fish","player_choice":"Box","floor":5,"damage_taken":0}],"is_beta":true,"boss_relics":[],"items_purged_floors":[10],"is_endless":false,"potions_floor_spawned":[7,11,13],"killed_by":"Blue Slaver","ascension_level":1}