{"path_per_floor":["M","?","$","M","M","E","R","E","T","$","M","R","?","M","R","B",null,"M","?","M","?","M","R","M","R","T","?","R","E","M","$","R"],"character_chosen":"DEFECT","items_purchased":["Capacitor","Dream Catcher","Capacitor+1","Mango"],"gold_per_floor":[110,110,35,47,62,389,389,418,418,124,144,144,144,160,160,290,290,304,304,319,319,340,340,365,365,389,389,389,420,435,117,117,117],"floor_reached":33,"campfire_rested":5,"playtime":2450,"item_purchase_floors":[10,10,31,31],"current_hp_per_floor":[68,56,56,56,51,26,48,15,15,15,14,36,36,34,54,28,69,52,52,50,50,11,11,3,23,23,23,37,43,48,62,62,0],"items_purged":["Normality","Strike_B"],"gold":117,"score":350,"play_id":"c38288da-dc99-42fc-92a0-28595a1835f5","local_time":"20180521135754","is_prod":false,"is_daily":false,"chose_seed":false,"is_ascension_mode":false,"campfire_upgraded":2,"timestamp":1526878674,"campfire_choices":[{"floor":7,"key":"REST"},{"floor":12,"key":"REST"},{"floor":15,"key":"REST"},{"data":"Chaos","floor":23,"key":"SMITH"},{"floor":25,"key":"REST"},{"floor":28,"key":"REST"},{"data":"Electrodynamics","floor":32,"key":"SMITH"}],"path_taken":["M","?","$","M","M","E","R","E","T","?","M","R","?","M","R","BOSS","M","?","M","?","M","R","M","R","T","?","R","E","M","$","R","BOSS"],"build_version":"2018-05-18","seed_source_timestamp":8065632664537,"purchased_purges":2,"victory":false,"master_deck":["Defend_B","Defend_B","Defend_B","Defend_B","Zap","Dualcast","Genetic Algorithm","Go for the Eyes","Sunder","Streamline","Skim","Capacitor","Cold Snap","Capacitor","Ball Lightning","Capacitor","Electrodynamics+1","Darkness","Amplify","BootSequence+1","Aggregate","Cold Snap","Beam Cell+1","Redo","Chaos+1","Self Repair+1","Stack","Chaos","Bite","Bite","Bite","Bite","Bite","Capacitor+1","Streamline+1","Capacitor+1","White Noise+1","Capacitor+1"],"max_hp_per_floor":[75,75,75,75,75,75,75,75,75,75,75,75,69,69,69,69,69,69,69,69,69,69,69,69,69,69,48,48,48,48,62,62,62],"relics":["Cracked Core","Bird Faced Urn","Dodecahedron","Old Coin","Ice Cream","Prayer Wheel","Dream Catcher","Golden Idol","Nuclear Battery","Frozen Egg 2","Boot","Question Card","Mango"],"card_choices":[{"not_picked":["Beam Cell","Sweeping Beam"],"picked":"Genetic Algorithm","floor":1},{"not_picked":["Hologram","Leap"],"picked":"Go for the Eyes","floor":4},{"not_picked":["Capacitor","Coolheaded"],"picked":"Sunder","floor":5},{"not_picked":["Thunder Strike","Skim"],"picked":"Streamline","floor":6},{"not_picked":["Scrape","Force Field"],"picked":"Skim","floor":8},{"not_picked":["Blizzard","Leap"],"picked":"Cold Snap","floor":11},{"not_picked":["Leap","Cold Snap"],"picked":"Capacitor","floor":11},{"not_picked":["Streamline","Blizzard"],"picked":"Ball Lightning","floor":12},{"not_picked":["Hologram","Barrage"],"picked":"Capacitor","floor":14},{"not_picked":["Double Energy","Steam Power"],"picked":"Electrodynamics","floor":14},{"not_picked":["Skim","Sweeping Beam"],"picked":"Darkness","floor":15},{"not_picked":["Fission","Multi-Cast"],"picked":"Amplify","floor":16},{"not_picked":["Hologram","Heatsinks"],"picked":"BootSequence+1","floor":18},{"not_picked":["FTL","Stack+1"],"picked":"Aggregate","floor":18},{"not_picked":["Stack","Go for the Eyes"],"picked":"Cold Snap","floor":20},{"not_picked":["Coolheaded","Buffer"],"picked":"Beam Cell+1","floor":20},{"not_picked":["Beam Cell+1","Barrage"],"picked":"Redo","floor":22},{"not_picked":["Turbo","Cold Snap"],"picked":"Chaos","floor":22},{"not_picked":["Barrage","Chaos"],"picked":"Self Repair+1","floor":24},{"not_picked":["Leap","Skim"],"picked":"Stack","floor":24},{"not_picked":["Cold Snap","Ball Lightning"],"picked":"Chaos","floor":25},{"not_picked":["Steam","Beam Cell"],"picked":"Capacitor+1","floor":28},{"not_picked":["Skim","Thunder Strike"],"picked":"Streamline+1","floor":29},{"not_picked":["Streamline","Barrage","FTL+1"],"picked":"Capacitor+1","floor":30},{"not_picked":["Coolheaded+1","Genetic Algorithm","Beam Cell"],"picked":"White Noise+1","floor":30}],"player_experience":144883,"potions_floor_usage":[8,20,22,29,33],"damage_taken":[{"damage":7,"enemies":"2 Louse","floor":1,"turns":3},{"damage":0,"enemies":"Small Slimes","floor":4,"turns":3},{"damage":5,"enemies":"Jaw Worm","floor":5,"turns":4},{"damage":25,"enemies":"3 Sentries","floor":6,"turns":7},{"damage":33,"enemies":"Gremlin Nob","floor":8,"turns":5},{"damage":1,"enemies":"3 Louse","floor":11,"turns":3},{"damage":2,"enemies":"Exordium Thugs","floor":14,"turns":4},{"damage":34,"enemies":"Slime Boss","floor":16,"turns":10},{"damage":23,"enemies":"2 Thieves","floor":18,"turns":5},{"damage":6,"enemies":"Spheric Guardian","floor":20,"turns":4},{"damage":47,"enemies":"Cultist and Chosen","floor":22,"turns":8},{"damage":12,"enemies":"Snecko","floor":24,"turns":6},{"damage":30,"enemies":"Gremlin Leader","floor":29,"turns":9},{"damage":7,"enemies":"Centurion and Healer","floor":30,"turns":6},{"damage":112,"enemies":"Collector","floor":33,"turns":7}],"relics_obtained":[{"floor":6,"key":"Old Coin"},{"floor":8,"key":"Ice Cream"},{"floor":9,"key":"Prayer Wheel"},{"floor":26,"key":"Boot"},{"floor":29,"key":"Question Card"}],"event_choices":[{"event_name":"Scrap Ooze","player_choice":"success","floor":2,"damage_taken":12},{"event_name":"Golden Idol","player_choice":"Lose Max HP","floor":13,"damage_taken":0},{"event_name":"Back to Basics","player_choice":"Elegance","floor":19,"damage_taken":0},{"event_name":"The Mausoleum","player_choice":"Yes","floor":21,"damage_taken":0},{"event_name":"Vampires","player_choice":"Became a vampire","floor":27,"damage_taken":0}],"boss_relics":[{"not_picked":["Lizard Tail","White Beast Statue"],"picked":"Nuclear Battery"}],"items_purged_floors":[3,10],"potions_floor_spawned":[4,5,6,8,18,20,24],"seed_played":"1654753579927949494","killed_by":"Collector","ascension_level":0,"potions_obtained":[{"floor":4,"key":"AttackPotion"},{"floor":5,"key":"EssenceOfSteel"},{"floor":6,"key":"LiquidBronze"},{"floor":8,"key":"SkillPotion"},{"floor":18,"key":"AttackPotion"},{"floor":20,"key":"Block Potion"},{"floor":24,"key":"Fire Potion"}],"is_trial":false}