{"gold_per_floor":[117,117,130,76,94,119,137,172,199,199,211,211,230,257,257,355,355,371,296,371,382,399,399],"floor_reached":23,"playtime":1460,"items_purged":[],"score":203,"play_id":"fb9b4252-ef56-41c9-b629-8634b46fa342","local_time":"20190209165528","is_ascension_mode":false,"campfire_choices":[{"floor":10,"key":"RECALL"},{"floor":12,"key":"REST"},{"floor":15,"key":"REST"}],"neow_cost":"NONE","seed_source_timestamp":705435452912180,"circlet_count":0,"master_deck":["Strike_R","Strike_R","Strike_R","Strike_R","Strike_R","Defend_R","Defend_R","Defend_R","Defend_R","Bash","Perfected Strike","Armaments","Pommel Strike","Fiend Fire","Cleave","Armaments","Shrug It Off","Rage","Juggernaut","Inflame","Inflame"],"relics":["Philosopher\u0027s Stone","Ginger","Pen Nib","Smiling Mask","Odd Mushroom","Runic Cube"],"potions_floor_usage":[23,23],"damage_taken":[{"damage":0,"enemies":"2 Louse","floor":1,"turns":2},{"damage":2,"enemies":"Cultist","floor":3,"turns":3},{"damage":9,"enemies":"Small Slimes","floor":5,"turns":3},{"damage":9,"enemies":"Gremlin Nob","floor":6,"turns":3},{"damage":9,"enemies":"2 Fungi Beasts","floor":7,"turns":3},{"damage":18,"enemies":"Lagavulin","floor":8,"turns":4},{"damage":14,"enemies":"Exordium Thugs","floor":11,"turns":2},{"damage":0,"enemies":"3 Louse","floor":13,"turns":3},{"damage":15,"enemies":"The Mushroom Lair","floor":14,"turns":4},{"damage":26,"enemies":"The Guardian","floor":16,"turns":15},{"damage":7,"enemies":"Shell Parasite","floor":18,"turns":5},{"damage":15,"enemies":"Spheric Guardian","floor":21,"turns":4},{"damage":17,"enemies":"Cultist and Chosen","floor":22,"turns":6},{"damage":34,"enemies":"Gremlin Leader","floor":23,"turns":3}],"seed_played":"4390135794649327528","potions_obtained":[{"floor":1,"key":"Ancient Potion"},{"floor":6,"key":"Fire Potion"},{"floor":8,"key":"SpeedPotion"},{"floor":11,"key":"EssenceOfSteel"},{"floor":18,"key":"Energy Potion"}],"is_trial":false,"path_per_floor":["M","?","M","$","M","E","M","E","T","R","M","R","M","?","R","B",null,"M","?","?","M","M","E"],"character_chosen":"IRONCLAD","items_purchased":["Armaments"],"campfire_rested":2,"item_purchase_floors":[4],"current_hp_per_floor":[80,80,78,78,69,60,51,33,33,33,19,43,43,28,52,26,80,73,73,65,50,33,0],"gold":399,"neow_bonus":"BOSS_RELIC","is_prod":false,"is_daily":false,"chose_seed":false,"campfire_upgraded":0,"win_rate":0,"timestamp":1549727728,"path_taken":["M","?","M","$","M","E","?","E","T","R","M","R","M","?","R","BOSS","M","?","?","M","?","E"],"build_version":"2019-01-23","purchased_purges":0,"victory":false,"max_hp_per_floor":[80,80,80,80,80,80,80,80,80,80,80,80,80,80,80,80,80,80,80,80,80,80,80],"card_choices":[{"not_picked":["Hemokinesis","Clash"],"picked":"Flex","floor":1},{"not_picked":["Anger","True Grit"],"picked":"Perfected Strike","floor":3},{"not_picked":["Uppercut","Iron Wave"],"picked":"Pommel Strike","floor":5},{"not_picked":["Shrug It Off","Juggernaut"],"picked":"Fiend Fire","floor":6},{"not_picked":["Sever Soul","Shrug It Off"],"picked":"Cleave","floor":7},{"not_picked":["Blood for Blood","True Grit"],"picked":"Armaments","floor":8},{"not_picked":["Perfected Strike","Anger"],"picked":"Shrug It Off","floor":11},{"not_picked":["Iron Wave","True Grit"],"picked":"Rage","floor":13},{"not_picked":["Impervious","Dark Embrace"],"picked":"Juggernaut","floor":16},{"not_picked":["Sever Soul","Corruption","Iron Wave"],"picked":"SKIP","floor":18},{"not_picked":["Wild Strike+1","Fire Breathing"],"picked":"Inflame","floor":21},{"not_picked":["Rupture","Power Through+1"],"picked":"Inflame","floor":22}],"player_experience":636493,"relics_obtained":[{"floor":6,"key":"Pen Nib"},{"floor":8,"key":"Smiling Mask"},{"floor":14,"key":"Odd Mushroom"}],"event_choices":[{"damage_healed":0,"gold_gain":0,"player_choice":"Gave Potion","damage_taken":0,"relics_obtained":["Ginger"],"max_hp_gain":0,"max_hp_loss":0,"event_name":"WeMeetAgain","floor":2,"gold_loss":0},{"damage_healed":0,"gold_gain":0,"player_choice":"Fought Mushrooms","damage_taken":0,"max_hp_gain":0,"max_hp_loss":0,"event_name":"Mushrooms","floor":14,"gold_loss":0},{"cards_removed":["Flex"],"damage_healed":0,"gold_gain":0,"player_choice":"Gave Gold","damage_taken":0,"max_hp_gain":0,"max_hp_loss":0,"event_name":"Beggar","floor":19,"gold_loss":75},{"damage_healed":0,"gold_gain":75,"player_choice":"Touch","damage_taken":8,"max_hp_gain":0,"max_hp_loss":0,"event_name":"FaceTrader","floor":20,"gold_loss":0}],"is_beta":false,"boss_relics":[{"not_picked":["Runic Pyramid","Fusion Hammer"],"picked":"Runic Cube"}],"items_purged_floors":[],"is_endless":false,"potions_floor_spawned":[1,6,8,11,13,14,18],"killed_by":"Gremlin Leader","ascension_level":0}