{"gold_per_floor":[119,119,119,119,165,196,196,209,209,0,18,52,52,68,68,187,187,211,211,224,31,31,64,64,79,79,92,92],"floor_reached":28,"playtime":668,"items_purged":[],"score":407,"play_id":"89a353e9-15a4-4459-8fe9-75b33509874f","local_time":"20181217195619","is_ascension_mode":true,"campfire_choices":[{"data":"Zap","floor":7,"key":"SMITH"},{"data":"Scrape","floor":15,"key":"SMITH"},{"floor":24,"key":"REST"}],"neow_cost":"NONE","seed_source_timestamp":276735384302097,"circlet_count":0,"master_deck":["AscendersBane","Strike_B","Strike_B","Strike_B","Strike_B","Defend_B","Defend_B+1","Defend_B","Defend_B+1","Zap+1","Dualcast","Gash","Hologram","Gash","Sweeping Beam","Ball Lightning","Scrape+1","All For One","Rebound","Undo","Seek","Cold Snap","Normality","Beam Cell"],"relics":["Cracked Core","NeowsBlessing","Golden Idol","Strawberry","Bag of Marbles","Juzu Bracelet","Cursed Key","PreservedInsect","Matryoshka","Nloth\u0027s Gift","Bottled Flame","Singing Bowl","Dead Branch"],"potions_floor_usage":[16,16,20,23,23,27,27,28],"damage_taken":[{"damage":0,"enemies":"2 Louse","floor":1,"turns":1},{"damage":0,"enemies":"Lagavulin","floor":6,"turns":1},{"damage":0,"enemies":"Jaw Worm","floor":8,"turns":1},{"damage":0,"enemies":"Cultist","floor":11,"turns":3},{"damage":28,"enemies":"Gremlin Nob","floor":12,"turns":4},{"damage":11,"enemies":"Looter","floor":14,"turns":2},{"damage":18,"enemies":"Slime Boss","floor":16,"turns":7},{"damage":28,"enemies":"2 Thieves","floor":18,"turns":3},{"damage":3,"enemies":"3 Byrds","floor":20,"turns":4},{"damage":26,"enemies":"Slavers","floor":23,"turns":5},{"damage":16,"enemies":"Centurion and Healer","floor":25,"turns":5},{"damage":12,"enemies":"Cultist and Chosen","floor":27,"turns":5},{"damage":14,"enemies":"Book of Stabbing","floor":28,"turns":1}],"seed_played":"3476566155643919955","potions_obtained":[{"floor":6,"key":"Explosive Potion"},{"floor":12,"key":"FearPotion"},{"floor":14,"key":"Regen Potion"},{"floor":16,"key":"Weak Potion"},{"floor":18,"key":"Block Potion"},{"floor":23,"key":"EntropicBrew"}],"is_trial":false,"path_per_floor":["M","?","$","?","T","E","R","M","T","$","M","E","?","M","R","B",null,"M","?","M","$","?","E","R","M","T","M","E"],"character_chosen":"DEFECT","items_purchased":["Membership Card","PreservedInsect","Matryoshka"],"campfire_rested":1,"item_purchase_floors":[10,21,21],"current_hp_per_floor":[68,50,50,35,42,42,42,42,42,42,42,14,41,30,30,21,67,39,39,36,36,36,10,34,18,18,6,0],"gold":92,"neow_bonus":"THREE_ENEMY_KILL","is_prod":false,"is_daily":false,"chose_seed":false,"campfire_upgraded":2,"win_rate":0,"timestamp":1545094579,"path_taken":["M","?","$","?","?","E","R","M","T","$","?","E","?","M","R","BOSS","M","?","M","$","?","E","R","M","T","M","E"],"build_version":"2018-12-13","purchased_purges":0,"victory":false,"max_hp_per_floor":[75,75,75,75,82,82,82,82,82,82,82,82,82,82,82,82,82,82,82,82,82,82,82,82,82,82,82,82],"card_choices":[{"not_picked":["Reprogram","Compile Driver"],"picked":"Gash","floor":1},{"not_picked":["Hello World","Cold Snap"],"picked":"Hologram","floor":6},{"not_picked":["Steam","Go for the Eyes"],"picked":"Gash","floor":8},{"not_picked":["Self Repair","Compile Driver"],"picked":"Sweeping Beam","floor":11},{"not_picked":["Undo","Coolheaded"],"picked":"Ball Lightning","floor":12},{"not_picked":["Ball Lightning","Blizzard"],"picked":"Scrape","floor":14},{"not_picked":["Echo Form","Buffer"],"picked":"All For One","floor":16},{"not_picked":["Redo","Coolheaded"],"picked":"Rebound","floor":18},{"not_picked":["Self Repair+1","Redo"],"picked":"Undo","floor":20},{"not_picked":["Rainbow","Steam"],"picked":"Seek","floor":23},{"not_picked":["Capacitor","Hologram"],"picked":"Cold Snap","floor":25},{"not_picked":["Defragment","Double Energy"],"picked":"Beam Cell","floor":27}],"player_experience":364571,"relics_obtained":[{"floor":5,"key":"Strawberry"},{"floor":6,"key":"Bag of Marbles"},{"floor":12,"key":"Juzu Bracelet"},{"floor":23,"key":"Bottled Flame"},{"floor":26,"key":"Singing Bowl"},{"floor":26,"key":"Dead Branch"}],"event_choices":[{"damage_healed":0,"gold_gain":0,"player_choice":"Take Damage","damage_taken":18,"relics_obtained":["Golden Idol"],"max_hp_gain":0,"max_hp_loss":0,"event_name":"Golden Idol","floor":2,"gold_loss":0},{"damage_healed":0,"gold_gain":0,"player_choice":"Entered Light","damage_taken":15,"max_hp_gain":0,"max_hp_loss":0,"event_name":"Shining Light","floor":4,"gold_loss":0,"cards_upgraded":["Defend_B","Defend_B"]},{"damage_healed":27,"gold_gain":0,"player_choice":"Banana","damage_taken":0,"max_hp_gain":0,"max_hp_loss":0,"event_name":"Big Fish","floor":13,"gold_loss":0},{"damage_healed":0,"gold_gain":0,"player_choice":"Ignored","damage_taken":0,"max_hp_gain":0,"max_hp_loss":0,"event_name":"Ghosts","floor":19,"gold_loss":0},{"damage_healed":0,"gold_gain":0,"player_choice":"Traded Relic","damage_taken":0,"relics_obtained":["Nloth\u0027s Gift"],"max_hp_gain":0,"max_hp_loss":0,"event_name":"N\u0027loth","floor":22,"relics_lost":["Membership Card"],"gold_loss":0}],"is_beta":false,"boss_relics":[{"not_picked":["Calling Bell","Runic Pyramid"],"picked":"Cursed Key"}],"items_purged_floors":[],"is_endless":false,"potions_floor_spawned":[6,12,14,16,18,23],"killed_by":"Book of Stabbing","ascension_level":10}