{"gold_per_floor":[118,132,132,132,148,178,178,195,221,172,203,229,244,255,255,351,351,364,364,295,282,299,325,343,360,360,360,370,370,370,380,380,380],"floor_reached":33,"playtime":2290,"items_purged":[],"score":331,"play_id":"0be31aad-ee99-4387-8d36-aa911a09e9b3","local_time":"20190203114519","is_ascension_mode":false,"campfire_choices":[{"data":"Body Slam","floor":7,"key":"SMITH"},{"data":"Seeing Red","floor":15,"key":"SMITH"},{"floor":27,"key":"REST"},{"data":"True Grit","floor":29,"key":"SMITH"},{"floor":32,"key":"REST"}],"neow_cost":"TEN_PERCENT_HP_LOSS","seed_source_timestamp":270713862173946,"circlet_count":0,"master_deck":["Strike_R","Strike_R","Defend_R","Defend_R","Defend_R","Defend_R+1","Bash","Ghostly Armor","Body Slam+1","Battle Trance","True Grit+1","Cleave","Anger","Seeing Red+1","Feed","Warcry+1","Battle Trance+1","Wild Strike+1","Rampage+1","Metallicize","Sentinel","Armaments","Shrug It Off","Power Through","Power Through+1","Burning Pact+1"],"relics":["Burning Blood","FossilizedHelix","Strawberry","Red Skull","Bag of Marbles","Orichalcum","Astrolabe","Ornamental Fan","Lantern","Nunchaku"],"potions_floor_usage":[6,8,22,23,31,33],"damage_taken":[{"damage":2,"enemies":"Jaw Worm","floor":1,"turns":4},{"damage":2,"enemies":"Cultist","floor":2,"turns":5},{"damage":0,"enemies":"Small Slimes","floor":5,"turns":3},{"damage":29,"enemies":"Gremlin Nob","floor":6,"turns":6},{"damage":0,"enemies":"Gremlin Gang","floor":8,"turns":4},{"damage":9,"enemies":"3 Sentries","floor":11,"turns":8},{"damage":0,"enemies":"3 Louse","floor":13,"turns":3},{"damage":0,"enemies":"Blue Slaver","floor":14,"turns":3},{"damage":52,"enemies":"The Guardian","floor":16,"turns":11},{"damage":8,"enemies":"Chosen","floor":18,"turns":6},{"damage":3,"enemies":"2 Thieves","floor":21,"turns":4},{"damage":7,"enemies":"3 Cultists","floor":22,"turns":5},{"damage":0,"enemies":"Book of Stabbing","floor":23,"turns":4},{"damage":58,"enemies":"Chosen and Byrds","floor":24,"turns":12},{"damage":22,"enemies":"Sentry and Sphere","floor":25,"turns":8},{"damage":2,"enemies":"Centurion and Healer","floor":28,"turns":10},{"damage":0,"enemies":"Snecko","floor":31,"turns":5},{"damage":107,"enemies":"Champ","floor":33,"turns":21}],"seed_played":"-6789469432334059953","potions_obtained":[{"floor":1,"key":"EssenceOfSteel"},{"floor":5,"key":"Explosive Potion"},{"floor":8,"key":"Weak Potion"},{"floor":16,"key":"Fire Potion"},{"floor":21,"key":"SkillPotion"},{"floor":24,"key":"Dexterity Potion"},{"floor":28,"key":"Swift Potion"}],"is_trial":false,"path_per_floor":["M","M","?","?","M","E","R","M","T","$","E","T","M","M","R","B",null,"M","?","$","M","M","E","M","M","T","R","M","R","?","M","R","B"],"character_chosen":"IRONCLAD","items_purchased":["Cleave","Metallicize"],"campfire_rested":2,"item_purchase_floors":[10,20],"current_hp_per_floor":[72,72,77,77,77,61,61,67,67,67,64,64,70,76,76,30,84,85,85,85,90,92,96,47,31,31,60,64,64,64,70,99,0],"gold":380,"neow_bonus":"ONE_RARE_RELIC","is_prod":false,"is_daily":false,"chose_seed":false,"campfire_upgraded":3,"win_rate":0,"timestamp":1549212319,"path_taken":["M","M","?","?","M","E","R","M","T","$","E","?","?","M","R","BOSS","M","?","$","M","M","E","M","?","T","R","?","R","?","M","R","BOSS"],"build_version":"2019-01-23","purchased_purges":0,"victory":false,"max_hp_per_floor":[72,72,77,77,77,84,84,84,84,84,84,84,84,84,84,84,84,87,87,87,90,93,96,99,99,99,99,99,99,99,99,99,99],"card_choices":[{"not_picked":["Heavy Blade","Shockwave"],"picked":"Ghostly Armor","floor":1},{"not_picked":["Second Wind","Carnage","Twin Strike"],"picked":"SKIP","floor":2},{"not_picked":["Perfected Strike","Flex"],"picked":"Body Slam","floor":5},{"not_picked":["Sword Boomerang","Havoc"],"picked":"Battle Trance","floor":6},{"not_picked":["Twin Strike","Juggernaut"],"picked":"True Grit","floor":8},{"not_picked":["Twin Strike","Carnage"],"picked":"Bloodletting","floor":11},{"not_picked":["Clothesline","Second Wind"],"picked":"Anger","floor":13},{"not_picked":["Disarm","Iron Wave"],"picked":"Seeing Red","floor":14},{"not_picked":["Juggernaut","Impervious"],"picked":"Feed","floor":16},{"not_picked":["Body Slam","Infernal Blade+1"],"picked":"Rampage+1","floor":18},{"not_picked":["Bloodletting","Body Slam"],"picked":"Sentinel","floor":21},{"not_picked":["Heavy Blade","Perfected Strike"],"picked":"Armaments","floor":22},{"not_picked":["Disarm+1","Flame Barrier"],"picked":"Shrug It Off","floor":23},{"not_picked":["Battle Trance","Evolve"],"picked":"Power Through","floor":24},{"not_picked":["Uppercut","Carnage+1"],"picked":"Power Through+1","floor":25},{"not_picked":["Rampage","Berserk","Power Through"],"picked":"SKIP","floor":28},{"not_picked":["Bloodletting","Iron Wave"],"picked":"Burning Pact+1","floor":31}],"player_experience":137837,"relics_obtained":[{"floor":6,"key":"Strawberry"},{"floor":9,"key":"Red Skull"},{"floor":11,"key":"Bag of Marbles"},{"floor":12,"key":"Orichalcum"},{"floor":23,"key":"Lantern"},{"floor":26,"key":"Nunchaku"}],"event_choices":[{"damage_healed":0,"gold_gain":0,"player_choice":"Donut","damage_taken":0,"max_hp_gain":5,"max_hp_loss":0,"event_name":"Big Fish","floor":3,"gold_loss":0},{"damage_healed":0,"gold_gain":0,"player_choice":"Grow","damage_taken":0,"max_hp_gain":0,"max_hp_loss":0,"event_name":"Living Wall","floor":4,"gold_loss":0,"cards_upgraded":["Defend_R"]},{"damage_healed":0,"gold_gain":0,"player_choice":"Gave Potion","damage_taken":0,"relics_obtained":["Ornamental Fan"],"max_hp_gain":0,"max_hp_loss":0,"event_name":"WeMeetAgain","floor":19,"gold_loss":0},{"cards_removed":["Strike_R"],"damage_healed":0,"gold_gain":0,"player_choice":"Elegance","damage_taken":0,"max_hp_gain":0,"max_hp_loss":0,"event_name":"Back to Basics","floor":30,"gold_loss":0}],"is_beta":false,"boss_relics":[{"not_picked":["Pandora\u0027s Box","Calling Bell"],"picked":"Astrolabe"}],"items_purged_floors":[],"is_endless":false,"potions_floor_spawned":[1,5,8,16,21,24,28],"killed_by":"Champ","ascension_level":0}