{"gold_per_floor":[117,117,117,192,209,240,256,100,153,153,184,203,103,165,165,261,261,278,11,11,11],"floor_reached":21,"playtime":1135,"items_purged":["Strike_B","Strike_B"],"score":224,"play_id":"0e4bebc1-dc8a-4f00-a7f8-4e540f47110f","local_time":"20181130233554","is_ascension_mode":true,"campfire_choices":[{"floor":10,"key":"REST"},{"floor":15,"key":"REST"}],"neow_cost":"NONE","seed_source_timestamp":8754166115786,"circlet_count":0,"master_deck":["Strike_B","Defend_B","Defend_B","Zap","Dualcast","Barrage","Darkness","Cold Snap","Recycle","Stack","Doom and Gloom","Undo","Glacier","Rebound","Redo","Biased Cognition","Conserve Battery","Compile Driver","Rip and Tear","Tempest"],"relics":["Cracked Core","Dream Catcher","Regal Pillow","Letter Opener","Tiny Chest","Inserter","Gremlin Horn"],"potions_floor_usage":[6,11,21,21,21],"damage_taken":[{"damage":0,"enemies":"Small Slimes","floor":1,"turns":3},{"damage":6,"enemies":"2 Louse","floor":5,"turns":3},{"damage":26,"enemies":"Gremlin Nob","floor":6,"turns":4},{"damage":5,"enemies":"Jaw Worm","floor":7,"turns":3},{"damage":10,"enemies":"3 Sentries","floor":11,"turns":5},{"damage":18,"enemies":"Exordium Thugs","floor":12,"turns":4},{"damage":20,"enemies":"Gremlin Nob","floor":14,"turns":4},{"damage":30,"enemies":"Slime Boss","floor":16,"turns":9},{"damage":32,"enemies":"Shell Parasite","floor":18,"turns":5},{"damage":9,"enemies":"Colosseum Slavers","floor":21,"turns":6},{"damage":38,"enemies":"Colosseum Nobs","floor":21,"turns":3}],"seed_played":"-6693967592554977612","potions_obtained":[{"floor":1,"key":"FearPotion"},{"floor":7,"key":"Fire Potion"},{"floor":11,"key":"Strength Potion"},{"floor":14,"key":"Block Potion"},{"floor":18,"key":"Swift Potion"}],"is_trial":false,"path_per_floor":["M","?","?","?","M","E","M","$","T","R","E","M","$","E","R","B",null,"M","$","?","?"],"character_chosen":"DEFECT","items_purchased":["Doom and Gloom","Gremlin Horn","Compile Driver"],"campfire_rested":2,"item_purchase_floors":[8,19,19],"current_hp_per_floor":[75,75,68,57,51,25,20,20,20,57,47,29,29,9,46,16,75,43,43,43,0],"gold":11,"neow_bonus":"THREE_CARDS","is_prod":false,"is_daily":false,"chose_seed":false,"campfire_upgraded":0,"win_rate":0,"timestamp":1543638954,"path_taken":["M","?","?","?","?","E","M","?","T","R","E","M","$","E","R","BOSS","M","$","?","?"],"build_version":"2018-11-15","purchased_purges":2,"victory":false,"max_hp_per_floor":[75,75,75,75,75,75,75,75,75,75,75,75,75,75,75,75,75,75,75,75,75],"card_choices":[{"not_picked":["Leap","Steam"],"picked":"Barrage","floor":0},{"not_picked":["Hello World","Turbo"],"picked":"Darkness","floor":1},{"not_picked":["Steam","Double Energy"],"picked":"Cold Snap","floor":5},{"not_picked":["Reboot","Turbo"],"picked":"Recycle","floor":6},{"not_picked":["Gash","Scrape"],"picked":"Stack","floor":7},{"not_picked":["Stack","Barrage"],"picked":"Undo","floor":10},{"not_picked":["Beam Cell","Conserve Battery"],"picked":"Glacier","floor":11},{"not_picked":["Recycle","Conserve Battery","Turbo"],"picked":"SKIP","floor":12},{"not_picked":["Darkness","Storm"],"picked":"Rebound","floor":14},{"not_picked":["Go for the Eyes","Steam Power"],"picked":"Redo","floor":15},{"not_picked":["Hyperbeam","Rainbow"],"picked":"Biased Cognition","floor":16},{"not_picked":["Stack","Barrage"],"picked":"Conserve Battery","floor":18}],"player_experience":201021,"relics_obtained":[{"floor":6,"key":"Dream Catcher"},{"floor":9,"key":"Regal Pillow"},{"floor":11,"key":"Letter Opener"},{"floor":14,"key":"Tiny Chest"}],"event_choices":[{"damage_healed":0,"gold_gain":0,"player_choice":"Ignored","damage_taken":0,"max_hp_gain":0,"max_hp_loss":0,"event_name":"Shining Light","floor":2,"gold_loss":0},{"cards_removed":["Strike_B"],"damage_healed":0,"gold_gain":0,"player_choice":"Card Removal","damage_taken":7,"max_hp_gain":0,"max_hp_loss":0,"event_name":"Golden Wing","floor":3,"gold_loss":0},{"damage_healed":0,"gold_gain":75,"player_choice":"Gather Gold","damage_taken":11,"max_hp_gain":0,"max_hp_loss":0,"event_name":"World of Goop","floor":4,"gold_loss":0},{"damage_healed":0,"gold_gain":0,"cards_transformed":["Defend_B","Defend_B"],"player_choice":"Became Test Subject","damage_taken":0,"max_hp_gain":0,"max_hp_loss":0,"event_name":"Drug Dealer","floor":20,"gold_loss":0,"cards_obtained":["Rip and Tear","Tempest"]},{"damage_healed":0,"gold_gain":0,"player_choice":"Fight","damage_taken":0,"max_hp_gain":0,"max_hp_loss":0,"event_name":"Colosseum","floor":21,"gold_loss":0},{"damage_healed":0,"gold_gain":0,"player_choice":"Fought Nobs","damage_taken":0,"max_hp_gain":0,"max_hp_loss":0,"event_name":"Colosseum","floor":21,"gold_loss":0}],"is_beta":false,"boss_relics":[{"not_picked":["Lizard Tail","Cursed Key"],"picked":"Inserter"}],"items_purged_floors":[8,13],"is_endless":false,"potions_floor_spawned":[1,7,11,14,18],"killed_by":"Colosseum Nobs","ascension_level":3}