{"gold_per_floor":[368,81,100,113,128,141,161,161,161,188,188,200,200,229,229,329,329,344,357,374,394,394],"floor_reached":22,"playtime":2181,"items_purged":[],"score":202,"play_id":"ebccdc65-fb8b-4566-8c2d-7fe7f0b3ac1a","local_time":"20190127201044","is_ascension_mode":false,"campfire_choices":[{"floor":8,"key":"REST"},{"floor":13,"key":"REST"},{"floor":15,"key":"REST"}],"neow_cost":"TEN_PERCENT_HP_LOSS","seed_source_timestamp":1624732004411238,"circlet_count":0,"master_deck":["Strike_B","Strike_B","Strike_B","Strike_B","Defend_B","Defend_B","Defend_B","Defend_B","Zap","Dualcast","Streamline","Swift Strike","Ball Lightning","Loop","Coolheaded","Cold Snap","Defragment","Sweeping Beam","Rebound","Fusion","Electrodynamics","Defragment","Gash","Auto Shields+1","Buffer","Gash","Conserve Battery+1","Aggregate+1","Conserve Battery+1"],"relics":["Cracked Core","Toxic Egg 2","Strawberry","Pen Nib","Nuclear Battery"],"potions_floor_usage":[14],"damage_taken":[{"damage":8,"enemies":"2 Louse","floor":1,"turns":3},{"damage":4,"enemies":"Cultist","floor":3,"turns":3},{"damage":0,"enemies":"Small Slimes","floor":4,"turns":2},{"damage":6,"enemies":"Blue Slaver","floor":5,"turns":3},{"damage":6,"enemies":"Looter","floor":6,"turns":3},{"damage":11,"enemies":"Red Slaver","floor":7,"turns":3},{"damage":17,"enemies":"3 Sentries","floor":10,"turns":4},{"damage":11,"enemies":"Blue Slaver","floor":12,"turns":3},{"damage":29,"enemies":"Lagavulin","floor":14,"turns":5},{"damage":37,"enemies":"Hexaghost","floor":16,"turns":10},{"damage":23,"enemies":"Chosen","floor":18,"turns":6},{"damage":5,"enemies":"Spheric Guardian","floor":19,"turns":3},{"damage":23,"enemies":"Shelled Parasite and Fungi","floor":20,"turns":8},{"damage":21,"enemies":"Centurion and Healer","floor":21,"turns":5},{"damage":4,"enemies":"Snake Plant","floor":22,"turns":2}],"seed_played":"-5455075997825700651","potions_obtained":[{"floor":1,"key":"Dexterity Potion"},{"floor":5,"key":"Strength Potion"},{"floor":6,"key":"Strength Potion"},{"floor":16,"key":"Energy Potion"},{"floor":21,"key":"EssenceOfSteel"}],"is_trial":false,"path_per_floor":["M","$","M","M","M","M","M","R","T","E","?","M","R","E","R","B",null,"M","M","M","M","M"],"character_chosen":"DEFECT","items_purchased":["Swift Strike","Ball Lightning","Loop","Coolheaded","Cold Snap"],"campfire_rested":3,"item_purchase_floors":[2,2,2,2,2],"current_hp_per_floor":[60,60,56,56,50,44,33,53,53,43,43,32,54,25,47,10,75,52,47,24,3,0],"gold":394,"neow_bonus":"TWO_FIFTY_GOLD","is_prod":false,"is_daily":false,"chose_seed":false,"campfire_upgraded":0,"win_rate":0.0,"timestamp":1548655844,"path_taken":["M","$","M","M","M","M","M","R","T","E","?","M","R","E","R","BOSS","M","M","M","M","?"],"build_version":"2019-01-23","purchased_purges":0,"victory":false,"max_hp_per_floor":[68,68,68,68,68,68,68,68,68,75,75,75,75,75,75,75,75,75,75,75,75,75],"card_choices":[{"not_picked":["FTL","Go for the Eyes"],"picked":"Streamline","floor":1},{"not_picked":["Rebound","Ball Lightning"],"picked":"Defragment","floor":3},{"not_picked":["Leap","Loop"],"picked":"Sweeping Beam","floor":4},{"not_picked":["Go for the Eyes","Static Discharge"],"picked":"Rebound","floor":5},{"not_picked":["Auto Shields","Sweeping Beam"],"picked":"Fusion","floor":6},{"not_picked":["Scrape","Sweeping Beam"],"picked":"Electrodynamics","floor":7},{"not_picked":["Static Discharge","Lockon"],"picked":"Defragment","floor":10},{"not_picked":["Loop","Chaos+1"],"picked":"Gash","floor":12},{"not_picked":["Beam Cell","Compile Driver"],"picked":"Auto Shields+1","floor":14},{"not_picked":["Electrodynamics","Seek+1"],"picked":"Buffer","floor":16},{"not_picked":["Coolheaded+1","Beam Cell"],"picked":"Gash","floor":18},{"not_picked":["Rip and Tear","Double Energy+1"],"picked":"Conserve Battery+1","floor":19},{"not_picked":["Defragment","Cold Snap"],"picked":"Aggregate+1","floor":20},{"not_picked":["Fusion+1","Loop"],"picked":"Conserve Battery+1","floor":21}],"player_experience":19726,"relics_obtained":[{"floor":9,"key":"Toxic Egg 2"},{"floor":10,"key":"Strawberry"},{"floor":14,"key":"Pen Nib"}],"event_choices":[{"damage_healed":0,"gold_gain":0,"player_choice":"Got Potions","damage_taken":0,"max_hp_gain":0,"max_hp_loss":0,"event_name":"Lab","floor":11,"gold_loss":0}],"is_beta":false,"boss_relics":[{"not_picked":["Coffee Dripper","Eternal Feather"],"picked":"Nuclear Battery"}],"items_purged_floors":[],"is_endless":false,"potions_floor_spawned":[1,5,6,10,16,18,21],"killed_by":"Snake Plant","ascension_level":0}