{"gold_per_floor":[110,121,121,141,24,24,24,49,49,65,65,101,101,135,135,224,224,245,245,266,266,279,279,302,336,363,363,413,437,1,17,17,113,113,132,132,132,32,50,81,81,119,173,241,241,291,291,306,306,306,306],"floor_reached":52,"playtime":4005,"items_purged":["Writhe","Strike_G"],"score":1876,"play_id":"e4bf1913-0cb7-4e52-bd57-a8db0830b6ff","local_time":"20181026045612","is_ascension_mode":true,"campfire_choices":[{"data":"Neutralize","floor":6,"key":"SMITH"},{"data":"Skewer","floor":11,"key":"SMITH"},{"data":"Well Laid Plans","floor":13,"key":"SMITH"},{"floor":15,"key":"REST"},{"data":"1","floor":23,"key":"LIFT"},{"data":"2","floor":27,"key":"LIFT"},{"data":"3","floor":32,"key":"LIFT"},{"data":"Catalyst","floor":41,"key":"SMITH"},{"floor":45,"key":"REST"},{"data":"Malaise","floor":49,"key":"SMITH"}],"neow_cost":"NONE","seed_source_timestamp":585728702544100,"circlet_count":0,"master_deck":["Defend_G","Defend_G","Defend_G","Defend_G","Defend_G","Survivor","Neutralize+1","AscendersBane","Backflip","Well Laid Plans+1","Catalyst+1","Infinite Blades","PiercingWail","Skewer+1","Backflip","PiercingWail","Adrenaline","Choke+1","Backflip+1","Dagger Spray+1","Riddle With Holes+1","Crippling Poison","Malaise+1","Envenom","After Image"],"relics":["Busted Crown","Golden Idol","Darkstone Periapt","Molten Egg 2","Snake Skull","Astrolabe","Girya","Anchor","Regal Pillow","Lee\u0027s Waffle","Snecko Eye","Potion Belt","Ancient Tea Set","Blood Vial","Bird Faced Urn"],"potions_floor_usage":[12,16,25,42,44,44,51],"damage_taken":[{"damage":4,"enemies":"Small Slimes","floor":1,"turns":4},{"damage":0,"enemies":"2 Louse","floor":2,"turns":3},{"damage":4,"enemies":"Jaw Worm","floor":4,"turns":7},{"damage":0,"enemies":"Exordium Thugs","floor":8,"turns":6},{"damage":1,"enemies":"Looter","floor":10,"turns":4},{"damage":0,"enemies":"3 Sentries","floor":12,"turns":7},{"damage":7,"enemies":"Lagavulin","floor":14,"turns":7},{"damage":28,"enemies":"Slime Boss","floor":16,"turns":12},{"damage":0,"enemies":"Chosen","floor":18,"turns":5},{"damage":0,"enemies":"2 Thieves","floor":20,"turns":4},{"damage":10,"enemies":"Snake Plant","floor":22,"turns":4},{"damage":4,"enemies":"Snecko","floor":24,"turns":4},{"damage":10,"enemies":"Book of Stabbing","floor":25,"turns":6},{"damage":4,"enemies":"Chosen and Byrds","floor":29,"turns":3},{"damage":0,"enemies":"Snake Plant","floor":31,"turns":5},{"damage":25,"enemies":"Automaton","floor":33,"turns":8},{"damage":1,"enemies":"Orb Walker","floor":35,"turns":2},{"damage":0,"enemies":"3 Shapes","floor":39,"turns":7},{"damage":3,"enemies":"Nemesis","floor":40,"turns":7},{"damage":14,"enemies":"Giant Head","floor":42,"turns":5},{"damage":23,"enemies":"2 Orb Walkers","floor":44,"turns":4},{"damage":7,"enemies":"Spire Growth","floor":48,"turns":3},{"damage":3,"enemies":"Time Eater","floor":50,"turns":8},{"damage":48,"enemies":"Awakened One","floor":51,"turns":21}],"seed_played":"4603146666642299600","potions_obtained":[{"floor":4,"key":"SkillPotion"},{"floor":8,"key":"Block Potion"},{"floor":12,"key":"EssenceOfSteel"},{"floor":16,"key":"EssenceOfSteel"},{"floor":31,"key":"PowerPotion"},{"floor":39,"key":"PowerPotion"},{"floor":42,"key":"Weak Potion"},{"floor":48,"key":"Dexterity Potion"}],"is_trial":false,"path_per_floor":["M","M","?","M","$","R","?","M","T","M","R","E","R","E","R","B",null,"M","?","M","?","M","R","M","E","T","R","?","M","$","M","R","B",null,"M","?","?","$","M","E","R","E","T","?","R","?","?","M","R","B","B"],"character_chosen":"THE_SILENT","items_purchased":["Catalyst","Infinite Blades","Lee\u0027s Waffle","Envenom","AttackPotion"],"campfire_rested":2,"item_purchase_floors":[5,5,30,30,30],"current_hp_per_floor":[55,55,48,44,44,44,44,44,44,43,43,43,43,36,54,26,52,52,58,58,58,48,48,44,34,34,34,34,30,73,73,73,48,67,66,66,56,56,56,53,53,39,39,18,54,54,83,76,76,82,43],"gold":306,"neow_bonus":"BOSS_RELIC","is_prod":false,"is_daily":false,"chose_seed":false,"campfire_upgraded":5,"win_rate":0,"timestamp":1540544172,"path_taken":["M","M","?","M","?","R","?","M","T","M","R","E","R","E","R","BOSS","M","?","M","?","M","R","M","E","T","R","?","M","$","M","R","BOSS","M","?","?","$","?","E","R","E","T","?","R","?","?","M","R","BOSS","BOSS"],"build_version":"2018-10-19","purchased_purges":2,"victory":true,"max_hp_per_floor":[66,66,66,66,66,66,60,60,60,60,60,60,60,60,60,60,60,60,66,66,66,66,66,66,66,66,66,66,66,73,73,73,73,73,73,73,73,73,73,73,73,73,73,73,73,73,83,83,83,83,83],"card_choices":[{"not_picked":[],"picked":"Backflip","floor":1},{"not_picked":["Outmaneuver"],"picked":"SKIP","floor":2},{"not_picked":[],"picked":"Well Laid Plans","floor":4},{"not_picked":[],"picked":"PiercingWail","floor":8},{"not_picked":[],"picked":"Skewer","floor":10},{"not_picked":[],"picked":"Backflip","floor":12},{"not_picked":[],"picked":"PiercingWail","floor":14},{"not_picked":[],"picked":"Adrenaline","floor":16},{"not_picked":["Acrobatics"],"picked":"SKIP","floor":18},{"not_picked":[],"picked":"Riddle With Holes+1","floor":20},{"not_picked":[],"picked":"Crippling Poison","floor":22},{"not_picked":["Underhanded Strike+1"],"picked":"SKIP","floor":24},{"not_picked":["Quick Slash+1"],"picked":"SKIP","floor":25},{"not_picked":[],"picked":"Malaise","floor":29},{"not_picked":["Heel Hook+1"],"picked":"SKIP","floor":31},{"not_picked":[],"picked":"After Image","floor":33},{"not_picked":["Dodge and Roll"],"picked":"SKIP","floor":35},{"not_picked":[],"picked":"Sadistic Nature","floor":37},{"not_picked":["Dagger Throw+1"],"picked":"SKIP","floor":39},{"not_picked":["Choke+1"],"picked":"SKIP","floor":40},{"not_picked":["Cloak And Dagger+1"],"picked":"SKIP","floor":42},{"not_picked":["Dagger Spray+1"],"picked":"SKIP","floor":48}],"player_experience":1507482,"relics_obtained":[{"floor":9,"key":"Darkstone Periapt"},{"floor":12,"key":"Molten Egg 2"},{"floor":14,"key":"Snake Skull"},{"floor":25,"key":"Anchor"},{"floor":26,"key":"Regal Pillow"},{"floor":40,"key":"Potion Belt"},{"floor":42,"key":"Ancient Tea Set"},{"floor":43,"key":"Blood Vial"},{"floor":44,"key":"Bird Faced Urn"}],"event_choices":[{"cards_removed":["Strike_G"],"damage_healed":0,"gold_gain":0,"player_choice":"Card Removal","damage_taken":7,"max_hp_gain":0,"max_hp_loss":0,"event_name":"Golden Wing","floor":3,"gold_loss":0},{"damage_healed":0,"gold_gain":0,"player_choice":"Lose Max HP","damage_taken":0,"relics_obtained":["Golden Idol"],"max_hp_gain":0,"max_hp_loss":6,"event_name":"Golden Idol","floor":7,"gold_loss":0},{"damage_healed":0,"gold_gain":0,"player_choice":"Opened","damage_taken":0,"relics_obtained":["Girya"],"max_hp_gain":0,"max_hp_loss":0,"event_name":"The Mausoleum","floor":19,"gold_loss":0,"cards_obtained":["Writhe"]},{"damage_healed":0,"gold_gain":0,"player_choice":"Ignored","damage_taken":0,"max_hp_gain":0,"max_hp_loss":0,"event_name":"Vampires","floor":21,"gold_loss":0},{"damage_healed":0,"gold_gain":50,"player_choice":"Stole From Cult","damage_taken":0,"max_hp_gain":0,"max_hp_loss":0,"event_name":"Nest","floor":28,"gold_loss":0},{"damage_healed":0,"gold_gain":0,"player_choice":"Ignored","damage_taken":0,"max_hp_gain":0,"max_hp_loss":0,"event_name":"Tomb of Lord Red Mask","floor":36,"gold_loss":0},{"damage_healed":0,"gold_gain":0,"player_choice":"Memory 3","damage_taken":10,"max_hp_gain":0,"max_hp_loss":0,"event_name":"SensoryStone","floor":37,"gold_loss":0},{"damage_healed":0,"gold_gain":0,"player_choice":"Fight","damage_taken":0,"max_hp_gain":0,"max_hp_loss":0,"event_name":"Mysterious Sphere","floor":44,"gold_loss":0},{"damage_healed":0,"gold_gain":100,"player_choice":"Pray","damage_taken":0,"max_hp_gain":0,"max_hp_loss":0,"event_name":"Golden Shrine","floor":46,"gold_loss":0},{"cards_removed":["Sadistic Nature"],"damage_healed":19,"gold_gain":0,"player_choice":"Offered Rare","damage_taken":0,"max_hp_gain":10,"max_hp_loss":0,"event_name":"Bonfire Elementals","floor":47,"gold_loss":0}],"is_beta":true,"boss_relics":[{"not_picked":["Black Star","Tiny House"],"picked":"Astrolabe"},{"not_picked":["Velvet Choker","HoveringKite"],"picked":"Snecko Eye"}],"items_purged_floors":[30,38],"is_endless":false,"potions_floor_spawned":[4,8,12,16,20,22,31,35,39,42,48],"ascension_level":20}