{"path_per_floor":["M","?","?","M","?","R","M","?","T","$","?","E","M","M","R","B",null,"M","M","?","M"],"character_chosen":"THE_SILENT","items_purchased":["Noxious Fumes"],"gold_per_floor":[116,116,116,126,126,126,138,88,88,10,10,43,57,77,77,203,203,218,231,231,254,254],"floor_reached":22,"campfire_rested":1,"playtime":2358,"current_hp_per_floor":[70,70,67,67,67,67,66,66,66,66,49,21,14,12,33,29,70,60,44,28,30,0],"items_purged":[],"gold":254,"score":186,"play_id":"a31c6dc5-235e-430e-9c61-e62e7820c6ca","local_time":"20180412212252","is_prod":false,"is_daily":false,"is_ascension_mode":false,"campfire_upgraded":1,"timestamp":1523535772,"path_taken":["M","?","?","?","?","R","M","?","T","?","?","E","M","M","R","BOSS","M","M","?","?","?"],"build_version":"2018-04-05v2","purchased_purges":0,"victory":false,"master_deck":["Defend_G","Defend_G","Defend_G","Defend_G","Defend_G","Strike_G","Strike_G","Strike_G","Strike_G","Strike_G","Survivor","Neutralize","Backstab","Deep Breath","Injury","Wraith Form+1","Heel Hook","Leg Sweep","Noxious Fumes+1","Caltrops+1","Dodge and Roll","Caltrops+1","Tools of the Trade+1","Catalyst","Outmaneuver","Escape Plan"],"max_hp_per_floor":[70,70,70,70,70,70,70,70,70,70,70,70,70,70,70,70,70,70,70,70,70,70],"relics":["Lizard Tail","The Specimen","Frozen Egg 2","Girya","Golden Idol","Shuriken","Cursed Key","Nilry\u0027s Codex"],"card_choices":[{"not_picked":["Backflip","Bouncing Flask"],"picked":"Backstab","floor":1},{"not_picked":["Slice","Quick Slash"],"picked":"Heel Hook","floor":4},{"not_picked":["Sucker Punch","Underhanded Strike"],"picked":"Leg Sweep","floor":7},{"not_picked":["Underhanded Strike","Quick Slash"],"picked":"Caltrops","floor":12},{"not_picked":["Underhanded Strike","Dagger Spray"],"picked":"Dodge and Roll","floor":13},{"not_picked":["PiercingWail","Deflect"],"picked":"Caltrops","floor":14},{"not_picked":["Adrenaline","Unload"],"picked":"Tools of the Trade","floor":16},{"not_picked":["Poisoned Stab","Flying Knee"],"picked":"Catalyst","floor":18},{"not_picked":["Bane","Sucker Punch"],"picked":"Outmaneuver","floor":19},{"not_picked":["Bane","Sucker Punch"],"picked":"Escape Plan","floor":21}],"player_experience":22007,"potions_floor_usage":[],"damage_taken":[{"damage":0,"enemies":"Small Slimes","floor":1,"turns":4},{"damage":0,"enemies":"Cultist","floor":4,"turns":4},{"damage":1,"enemies":"2 Louse","floor":7,"turns":3},{"damage":28,"enemies":"3 Sentries","floor":12,"turns":6},{"damage":7,"enemies":"Gremlin Gang","floor":13,"turns":5},{"damage":2,"enemies":"3 Louse","floor":14,"turns":6},{"damage":4,"enemies":"The Guardian","floor":16,"turns":11},{"damage":10,"enemies":"Shell Parasite","floor":18,"turns":6},{"damage":16,"enemies":"Chosen","floor":19,"turns":5},{"damage":37,"enemies":"Snake Plant","floor":21,"turns":5},{"damage":32,"enemies":"Sentry and Sphere","floor":22,"turns":5}],"event_choices":[{"event_name":"Match and Keep!","player_choice":"3 cards matched","floor":2,"damage_taken":0},{"event_name":"Scrap Ooze","player_choice":"success","floor":3,"damage_taken":3},{"event_name":"Accursed Blacksmith","player_choice":"Rummage","floor":5,"damage_taken":0},{"event_name":"The Cleric","player_choice":"Card Removal","floor":8,"damage_taken":0},{"event_name":"Golden Idol","player_choice":"Take Damage","floor":11,"damage_taken":0},{"event_name":"Cursed Tome","player_choice":"Obtained Book","floor":20,"damage_taken":0}],"boss_relics":[{"not_picked":["Ectoplasm","Velvet Choker"],"picked":"Cursed Key"}],"potions_floor_spawned":[7,13,18,21],"seed_played":"-6618723552308021363","killed_by":"Sentry and Sphere","ascension_level":0,"is_trial":false}