{"gold_per_floor":[116,116,66,78,95,122,139,162,238,293,293,308,24,88,88,88],"floor_reached":16,"playtime":802,"items_purged":["Strike_B"],"score":125,"play_id":"ab5d884d-4f51-4a7e-959c-42aa7d34edad","local_time":"20181204214446","is_ascension_mode":true,"campfire_choices":[{"data":"Streamline","floor":15,"key":"SMITH"}],"neow_cost":"NONE","seed_source_timestamp":348026550569433,"circlet_count":0,"master_deck":["Strike_B","Strike_B","Strike_B","Defend_B","Defend_B","Defend_B","Defend_B","Zap","Dualcast","Coolheaded+1","Coolheaded","Melter","Streamline+1","Rip and Tear","Conserve Battery","Sweeping Beam","Coolheaded","Self Repair","Cold Snap"],"relics":["Cracked Core","NeowsBlessing","FossilizedHelix","Odd Mushroom","PreservedInsect","Centennial Puzzle","Lantern"],"potions_floor_usage":[16,16,16],"damage_taken":[{"damage":0,"enemies":"Cultist","floor":1,"turns":1},{"damage":0,"enemies":"2 Louse","floor":4,"turns":1},{"damage":0,"enemies":"Small Slimes","floor":5,"turns":1},{"damage":32,"enemies":"Lagavulin","floor":6,"turns":6},{"damage":0,"enemies":"2 Fungi Beasts","floor":7,"turns":2},{"damage":22,"enemies":"The Mushroom Lair","floor":8,"turns":5},{"damage":0,"enemies":"Gremlin Nob","floor":10,"turns":3},{"damage":0,"enemies":"3 Louse","floor":12,"turns":2},{"damage":17,"enemies":"Slime Boss","floor":16,"turns":12}],"seed_played":"4542042668890428830","potions_obtained":[{"floor":4,"key":"SpeedPotion"},{"floor":5,"key":"SneckoOil"},{"floor":6,"key":"PowerPotion"}],"is_trial":false,"path_per_floor":["M","?","$","M","M","E","M","?","T","?","?","M","$","?","R","B"],"character_chosen":"DEFECT","items_purchased":["Coolheaded","Lantern","Cold Snap"],"campfire_rested":0,"item_purchase_floors":[3,13,13],"current_hp_per_floor":[75,75,75,75,75,43,43,21,21,21,18,18,18,18,18,1],"gold":88,"neow_bonus":"THREE_ENEMY_KILL","is_prod":false,"is_daily":false,"chose_seed":false,"campfire_upgraded":1,"win_rate":0,"timestamp":1543977886,"path_taken":["M","?","$","M","M","E","M","?","T","?","?","M","$","?","R","BOSS"],"build_version":"2018-11-15","purchased_purges":1,"victory":false,"max_hp_per_floor":[75,75,75,75,75,75,75,75,75,75,75,75,75,75,75,75],"card_choices":[{"not_picked":["Leap","Auto Shields"],"picked":"Coolheaded","floor":1},{"not_picked":["Fusion","Stack"],"picked":"Melter","floor":4},{"not_picked":["Stack","Coolheaded"],"picked":"Streamline","floor":5},{"not_picked":["Hologram","Static Discharge"],"picked":"Rip and Tear","floor":6},{"not_picked":["Heatsinks","Melter"],"picked":"Conserve Battery","floor":7},{"not_picked":["Consume","Redo"],"picked":"Sweeping Beam","floor":8},{"not_picked":["Beam Cell","Conserve Battery"],"picked":"Coolheaded","floor":10},{"not_picked":["Go for the Eyes","Streamline"],"picked":"Self Repair","floor":12}],"player_experience":277710,"relics_obtained":[{"floor":6,"key":"FossilizedHelix"},{"floor":8,"key":"Odd Mushroom"}],"event_choices":[{"damage_healed":0,"gold_gain":0,"player_choice":"Grow","damage_taken":0,"max_hp_gain":0,"max_hp_loss":0,"event_name":"Living Wall","floor":2,"gold_loss":0,"cards_upgraded":["Coolheaded"]},{"damage_healed":0,"gold_gain":0,"player_choice":"Fought Mushrooms","damage_taken":0,"max_hp_gain":0,"max_hp_loss":0,"event_name":"Mushrooms","floor":8,"gold_loss":0},{"damage_healed":0,"gold_gain":0,"player_choice":"Searched \u00272\u0027 times","damage_taken":0,"relics_obtained":["PreservedInsect"],"max_hp_gain":0,"max_hp_loss":0,"event_name":"Dead Adventurer","floor":10,"gold_loss":0},{"damage_healed":0,"gold_gain":0,"player_choice":"Success","damage_taken":3,"relics_obtained":["Centennial Puzzle"],"max_hp_gain":0,"max_hp_loss":0,"event_name":"Scrap Ooze","floor":11,"gold_loss":0},{"damage_healed":0,"gold_gain":64,"player_choice":"Gained Gold","damage_taken":0,"max_hp_gain":0,"max_hp_loss":0,"event_name":"Golden Wing","floor":14,"gold_loss":0}],"is_beta":false,"boss_relics":[],"items_purged_floors":[13],"is_endless":false,"potions_floor_spawned":[4,5,6],"killed_by":"Slime Boss","ascension_level":5}