{"gold_per_floor":[114,114,114,131,3,36,36,71,71,81,81,81,100,115,115,115],"floor_reached":16,"playtime":444,"items_purged":["Pain"],"score":176,"play_id":"2e91e98f-4b8e-4078-873d-6c6316b03a00","local_time":"20181225185710","is_ascension_mode":true,"campfire_choices":[{"data":"Zap","floor":12,"key":"SMITH"},{"data":"Gash","floor":15,"key":"SMITH"}],"neow_cost":"NONE","seed_source_timestamp":172910373995220,"circlet_count":0,"master_deck":["AscendersBane","Strike_B","Strike_B","Strike_B","Strike_B","Defend_B","Defend_B","Defend_B","Defend_B","Zap+1","Dualcast","Gash","Go for the Eyes","Gash+1","Sweeping Beam","Leap"],"relics":["Cracked Core","Singing Bowl","WarpedTongs","PreservedInsect","Anchor","Mercury Hourglass","Ancient Tea Set"],"potions_floor_usage":[16,16],"damage_taken":[{"damage":11,"enemies":"Small Slimes","floor":1,"turns":3},{"damage":3,"enemies":"2 Louse","floor":4,"turns":3},{"damage":17,"enemies":"Lagavulin","floor":6,"turns":6},{"damage":17,"enemies":"3 Sentries","floor":8,"turns":5},{"damage":0,"enemies":"Cultist","floor":10,"turns":3},{"damage":0,"enemies":"Large Slime","floor":13,"turns":3},{"damage":0,"enemies":"Gremlin Gang","floor":14,"turns":3},{"damage":20,"enemies":"Hexaghost","floor":16,"turns":9}],"seed_played":"-3341744626846502294","potions_obtained":[{"floor":1,"key":"EntropicBrew"},{"floor":8,"key":"GamblersBrew"},{"floor":13,"key":"Block Potion"}],"is_trial":false,"path_per_floor":["M","?","?","M","$","E","?","E","T","M","$","R","M","M","R","B"],"character_chosen":"DEFECT","items_purchased":["Gash"],"campfire_rested":0,"item_purchase_floors":[5],"current_hp_per_floor":[57,50,50,47,47,30,30,15,15,17,17,17,19,19,19,0],"gold":115,"neow_bonus":"THREE_CARDS","is_prod":false,"is_daily":false,"chose_seed":false,"campfire_upgraded":2,"win_rate":0,"timestamp":1545782230,"path_taken":["M","?","?","?","$","E","?","E","T","?","$","R","M","M","R","BOSS"],"build_version":"2018-12-20","purchased_purges":1,"victory":false,"max_hp_per_floor":[75,75,75,75,75,75,75,77,77,79,79,79,81,81,81,81],"card_choices":[{"not_picked":["Leap","Hologram"],"picked":"Gash","floor":0},{"not_picked":["FTL","Glacier"],"picked":"Go for the Eyes","floor":1},{"not_picked":["Conserve Battery","Static Discharge"],"picked":"Gash","floor":4},{"not_picked":["Chaos","Fusion"],"picked":"Sweeping Beam","floor":6},{"not_picked":["Compile Driver","Reinforced Body","Redo"],"picked":"Singing Bowl","floor":8},{"not_picked":["Sweeping Beam","Tempest","Cold Snap"],"picked":"Singing Bowl","floor":10},{"not_picked":["BootSequence","Go for the Eyes","Consume"],"picked":"Singing Bowl","floor":13},{"not_picked":["Sweeping Beam","Darkness"],"picked":"Leap","floor":14}],"player_experience":404333,"relics_obtained":[{"floor":6,"key":"PreservedInsect"},{"floor":8,"key":"Mercury Hourglass"},{"floor":9,"key":"Ancient Tea Set"}],"event_choices":[{"damage_healed":0,"gold_gain":0,"player_choice":"Success","damage_taken":7,"relics_obtained":["Singing Bowl"],"max_hp_gain":0,"max_hp_loss":0,"event_name":"Scrap Ooze","floor":2,"gold_loss":0},{"damage_healed":0,"gold_gain":0,"player_choice":"Rummage","damage_taken":0,"relics_obtained":["WarpedTongs"],"max_hp_gain":0,"max_hp_loss":0,"event_name":"Accursed Blacksmith","floor":3,"gold_loss":0,"cards_obtained":["Pain"]},{"cards_removed":["Gash"],"damage_healed":0,"gold_gain":0,"player_choice":"Gave Card","damage_taken":0,"relics_obtained":["Anchor"],"max_hp_gain":0,"max_hp_loss":0,"event_name":"WeMeetAgain","floor":7,"gold_loss":0}],"is_beta":false,"boss_relics":[],"items_purged_floors":[5],"is_endless":false,"potions_floor_spawned":[1,8,13,14],"killed_by":"Hexaghost","ascension_level":12}