{"gold_per_floor":[117,133,133,147,160,223,237,267,267,267,4,80,110,130,130,234,234,245,245,245,256,256],"floor_reached":22,"playtime":1423,"items_purged":["Strike_R"],"score":206,"play_id":"1cff3189-5757-4cb7-8c78-32ef5a296867","local_time":"20190209132013","is_ascension_mode":false,"campfire_choices":[{"data":"Power Through","floor":10,"key":"SMITH"},{"floor":15,"key":"RECALL"}],"neow_cost":"NONE","seed_source_timestamp":692558379035024,"circlet_count":0,"master_deck":["Strike_R","Strike_R","Strike_R","Defend_R","Defend_R","Defend_R","Defend_R","Bash","Flame Barrier","Warcry","Evolve","Whirlwind","Twin Strike","Wild Strike","Power Through+1","Reckless Charge","Rampage","Rage","Barricade+1","Armaments","Flex","Twin Strike","Perfected Strike","Cleave","Entrench","Decay","Shrug It Off"],"relics":["Coffee Dripper","Tiny Chest","Vajra","Strawberry","Orichalcum","Orrery"],"potions_floor_usage":[],"damage_taken":[{"damage":0,"enemies":"Jaw Worm","floor":1,"turns":3},{"damage":0,"enemies":"Cultist","floor":2,"turns":4},{"damage":0,"enemies":"Small Slimes","floor":4,"turns":3},{"damage":0,"enemies":"Blue Slaver","floor":5,"turns":4},{"damage":34,"enemies":"Lagavulin","floor":6,"turns":8},{"damage":2,"enemies":"2 Fungi Beasts","floor":7,"turns":3},{"damage":14,"enemies":"3 Sentries","floor":8,"turns":6},{"damage":5,"enemies":"Lagavulin","floor":13,"turns":5},{"damage":0,"enemies":"Gremlin Gang","floor":14,"turns":2},{"damage":1,"enemies":"Hexaghost","floor":16,"turns":9},{"damage":12,"enemies":"Shell Parasite","floor":18,"turns":5},{"damage":48,"enemies":"3 Byrds","floor":21,"turns":5},{"damage":31,"enemies":"Sentry and Sphere","floor":22,"turns":6}],"seed_played":"-1522372931375177698","potions_obtained":[{"floor":1,"key":"Swift Potion"},{"floor":4,"key":"Dexterity Potion"},{"floor":6,"key":"PowerPotion"},{"floor":13,"key":"SpeedPotion"}],"is_trial":false,"path_per_floor":["M","M","?","M","M","E","M","E","T","R","$","?","E","M","R","B",null,"M","?","?","M","M"],"character_chosen":"IRONCLAD","items_purchased":["Strawberry","Reckless Charge"],"campfire_rested":0,"item_purchase_floors":[11,11],"current_hp_per_floor":[80,80,80,80,80,46,44,30,30,30,37,37,32,32,32,31,87,75,75,75,27,0],"gold":256,"neow_bonus":"BOSS_RELIC","is_prod":false,"is_daily":false,"chose_seed":false,"campfire_upgraded":1,"win_rate":0,"timestamp":1549714813,"path_taken":["M","M","?","?","M","E","?","E","T","R","$","?","E","M","R","BOSS","M","?","?","?","M"],"build_version":"2019-01-23","purchased_purges":1,"victory":false,"max_hp_per_floor":[80,80,80,80,80,80,80,80,80,80,87,87,87,87,87,87,87,87,87,87,87,87],"card_choices":[{"not_picked":["Twin Strike","Body Slam"],"picked":"Flame Barrier","floor":1},{"not_picked":["True Grit","Clash"],"picked":"Warcry","floor":2},{"not_picked":["Sentinel","Headbutt"],"picked":"Evolve","floor":4},{"not_picked":["Twin Strike","Warcry"],"picked":"Whirlwind","floor":5},{"not_picked":["Heavy Blade","Warcry"],"picked":"Twin Strike","floor":6},{"not_picked":["Flex","Flame Barrier"],"picked":"Wild Strike","floor":7},{"not_picked":["Fire Breathing","Ghostly Armor"],"picked":"Power Through","floor":8},{"not_picked":["Sentinel","Anger"],"picked":"Rampage","floor":13},{"not_picked":["True Grit","Headbutt"],"picked":"Rage","floor":14},{"not_picked":["Dark Embrace","Impervious"],"picked":"Barricade","floor":16},{"not_picked":["Headbutt","Flex"],"picked":"Armaments","floor":17},{"not_picked":["Warcry","Seeing Red"],"picked":"Flex","floor":17},{"not_picked":["Havoc","Warcry"],"picked":"Twin Strike","floor":17},{"not_picked":["Searing Blow","Pommel Strike"],"picked":"Perfected Strike","floor":17},{"not_picked":["Havoc","Evolve"],"picked":"Cleave","floor":17},{"not_picked":["Sword Boomerang","Dark Embrace"],"picked":"Entrench","floor":18},{"not_picked":["Body Slam","Pummel"],"picked":"Shrug It Off","floor":21}],"player_experience":630803,"relics_obtained":[{"floor":6,"key":"Tiny Chest"},{"floor":8,"key":"Vajra"},{"floor":13,"key":"Orichalcum"}],"event_choices":[{"cards_removed":["Strike_R"],"damage_healed":0,"gold_gain":0,"player_choice":"Offered Basic","damage_taken":0,"max_hp_gain":0,"max_hp_loss":0,"event_name":"Bonfire Elementals","floor":3,"gold_loss":0},{"damage_healed":0,"gold_gain":76,"player_choice":"Gained Gold","damage_taken":0,"max_hp_gain":0,"max_hp_loss":0,"event_name":"Golden Wing","floor":12,"gold_loss":0},{"damage_healed":0,"gold_gain":0,"player_choice":"Smashed Altar","damage_taken":0,"max_hp_gain":0,"max_hp_loss":0,"event_name":"Forgotten Altar","floor":19,"gold_loss":0,"cards_obtained":["Decay"]},{"damage_healed":0,"gold_gain":0,"player_choice":"Forge","damage_taken":0,"max_hp_gain":0,"max_hp_loss":0,"event_name":"Accursed Blacksmith","floor":20,"gold_loss":0,"cards_upgraded":["Barricade"]}],"is_beta":false,"boss_relics":[{"not_picked":["Cursed Key","Velvet Choker"],"picked":"Orrery"}],"items_purged_floors":[11],"is_endless":false,"potions_floor_spawned":[1,4,6,13,16,18],"killed_by":"Sentry and Sphere","ascension_level":0}