{"gold_per_floor":[116,116,131,157,176,176,202,213,213,233,233,233,233,266,266,362,362,362,302,302,302,302,302,302,302,302,302,302,302,302,302,302,302,302,302,302,302,302,302,302,302,302,302,277,49,49,49,49,49,49],"floor_reached":51,"playtime":2085,"items_purged":[],"score":703,"play_id":"9dcebff1-a197-4afc-ade7-87c6f2e1e62b","local_time":"20181116192525","is_ascension_mode":false,"campfire_choices":[{"data":"Zap","floor":6,"key":"SMITH"},{"data":"Auto Shields","floor":12,"key":"SMITH"},{"data":"Thunder Strike","floor":15,"key":"SMITH"},{"data":"Go for the Eyes","floor":23,"key":"SMITH"},{"data":"Defragment","floor":29,"key":"SMITH"},{"data":"Recycle","floor":32,"key":"SMITH"},{"data":"Buffer","floor":40,"key":"SMITH"},{"data":"Seek","floor":47,"key":"SMITH"},{"data":"Conserve Battery","floor":49,"key":"SMITH"}],"neow_cost":"PERCENT_DAMAGE","seed_source_timestamp":80228484327340,"circlet_count":0,"master_deck":["Strike_B+1","Strike_B+1","Strike_B+1","Defend_B+1","Defend_B+1","Defend_B+1","Zap+1","Dualcast","Go for the Eyes+1","Barrage","Redo","Auto Shields+1","Self Repair","Beam Cell","Thunder Strike+1","Electrodynamics","Go for the Eyes+1","Self Repair","Ball Lightning","Go for the Eyes","Barrage+1","Defragment+1","Recycle+1","Necronomicurse","Core Surge+1","Buffer+1","White Noise+1","Barrage+1","Redo+1","Seek+1","Go for the Eyes+1","Conserve Battery+1","Buffer+1","Conserve Battery"],"relics":["Cracked Core","FossilizedHelix","Bronze Scales","Potion Belt","Art of War","Pear","Odd Mushroom","Juzu Bracelet","Ectoplasm","Molten Egg 2","Gremlin Horn","Ice Cream","Blue Candle","Necronomicon","Velvet Choker","Ginger","Emotion Chip","Boot","DollysMirror","CultistMask"],"potions_floor_usage":[30],"damage_taken":[{"damage":0,"enemies":"Cultist","floor":1,"turns":3},{"damage":0,"enemies":"Jaw Worm","floor":3,"turns":3},{"damage":0,"enemies":"2 Louse","floor":5,"turns":2},{"damage":3,"enemies":"Lagavulin","floor":7,"turns":7},{"damage":0,"enemies":"Blue Slaver","floor":8,"turns":2},{"damage":17,"enemies":"The Mushroom Lair","floor":10,"turns":4},{"damage":9,"enemies":"3 Sentries","floor":14,"turns":7},{"damage":18,"enemies":"The Guardian","floor":16,"turns":10},{"damage":7,"enemies":"Shell Parasite","floor":18,"turns":4},{"damage":0,"enemies":"2 Thieves","floor":19,"turns":3},{"damage":0,"enemies":"Centurion and Healer","floor":21,"turns":4},{"damage":5,"enemies":"Cultist and Chosen","floor":22,"turns":3},{"damage":14,"enemies":"Snake Plant","floor":27,"turns":4},{"damage":9,"enemies":"Colosseum Slavers","floor":30,"turns":4},{"damage":14,"enemies":"Colosseum Nobs","floor":30,"turns":3},{"damage":19,"enemies":"Champ","floor":33,"turns":6},{"damage":0,"enemies":"Orb Walker","floor":35,"turns":2},{"damage":0,"enemies":"Mind Bloom Boss Battle","floor":36,"turns":5},{"damage":7,"enemies":"3 Shapes","floor":37,"turns":5},{"damage":22,"enemies":"Writhing Mass","floor":38,"turns":5},{"damage":11,"enemies":"2 Orb Walkers","floor":39,"turns":2},{"damage":0,"enemies":"Transient","floor":41,"turns":5},{"damage":9,"enemies":"4 Shapes","floor":42,"turns":3},{"damage":37,"enemies":"Time Eater","floor":50,"turns":12}],"seed_played":"3741489034282556597","potions_obtained":[{"floor":5,"key":"SpeedPotion"},{"floor":8,"key":"FocusPotion"},{"floor":10,"key":"AttackPotion"},{"floor":18,"key":"Dexterity Potion"},{"floor":19,"key":"FearPotion"},{"floor":36,"key":"Swift Potion"},{"floor":42,"key":"Ancient Potion"}],"is_trial":false,"path_per_floor":["M","?","M","T","M","R","E","M","T","?","?","R","?","E","R","B",null,"M","M","?","M","M","R","?","?","T","M","?","R","?","?","R","B",null,"M","?","M","M","?","R","M","M","T","$","$","?","R","?","R","B",null],"character_chosen":"DEFECT","items_purchased":["Conserve Battery","DollysMirror","Conserve Battery"],"campfire_rested":0,"item_purchase_floors":[44,45,45],"current_hp_per_floor":[54,47,47,47,47,47,44,44,54,44,44,44,37,35,35,24,85,85,85,85,85,85,85,85,85,85,85,85,85,78,62,62,50,85,85,85,85,77,66,66,80,85,85,85,85,85,85,85,85,62],"gold":49,"neow_bonus":"ONE_RARE_RELIC","is_prod":false,"is_daily":false,"chose_seed":false,"campfire_upgraded":9,"win_rate":0,"timestamp":1542363925,"path_taken":["M","?","M","?","M","R","E","M","T","?","?","R","?","E","R","BOSS","M","M","?","M","M","R","?","?","T","M","?","R","?","?","R","BOSS","M","?","M","M","?","R","M","M","T","?","$","?","R","?","R","BOSS"],"build_version":"2018-11-15","purchased_purges":0,"victory":true,"max_hp_per_floor":[75,75,75,75,75,75,75,75,85,85,85,85,85,85,85,85,85,85,85,85,85,85,85,85,85,85,85,85,85,85,85,85,85,85,85,85,85,85,85,85,85,85,85,85,85,85,85,85,85,85],"card_choices":[{"not_picked":["Double Energy","Rebound"],"picked":"Go for the Eyes","floor":1},{"not_picked":["Leap","Sweeping Beam"],"picked":"Barrage","floor":3},{"not_picked":["Rebound","Stack"],"picked":"Redo","floor":5},{"not_picked":["Scrape","White Noise"],"picked":"Auto Shields","floor":7},{"not_picked":["Sweeping Beam","Cold Snap"],"picked":"Self Repair","floor":8},{"not_picked":["Barrage","Sweeping Beam"],"picked":"Beam Cell","floor":10},{"not_picked":["Lockon","Hologram"],"picked":"Thunder Strike","floor":14},{"not_picked":["Rainbow","Echo Form"],"picked":"Electrodynamics","floor":16},{"not_picked":["Streamline+1","Rebound+1"],"picked":"Go for the Eyes+1","floor":18},{"not_picked":["Gash","Sweeping Beam"],"picked":"Self Repair","floor":19},{"not_picked":["Coolheaded","Reprogram"],"picked":"Ball Lightning","floor":21},{"not_picked":["Reinforced Body","Compile Driver"],"picked":"Go for the Eyes","floor":22},{"not_picked":["Hello World","Auto Shields"],"picked":"Barrage+1","floor":27},{"not_picked":["Tempest+1","Steam+1"],"picked":"Recycle","floor":30},{"not_picked":["Reboot","Biased Cognition"],"picked":"Core Surge+1","floor":33},{"not_picked":["Rebound+1","Steam Power","Cold Snap+1"],"picked":"SKIP","floor":35},{"not_picked":["Conserve Battery+1","Self Repair+1"],"picked":"Buffer","floor":36},{"not_picked":["Leap","Steam+1"],"picked":"White Noise+1","floor":37},{"not_picked":["Cold Snap+1","Sweeping Beam+1"],"picked":"Barrage+1","floor":38},{"not_picked":["Steam Power+1","Beam Cell+1"],"picked":"Redo+1","floor":39},{"not_picked":["Leap+1","Auto Shields"],"picked":"Seek","floor":41},{"not_picked":["Genetic Algorithm","Gash+1"],"picked":"Go for the Eyes+1","floor":42}],"player_experience":571153,"relics_obtained":[{"floor":4,"key":"Potion Belt"},{"floor":7,"key":"Art of War"},{"floor":9,"key":"Pear"},{"floor":10,"key":"Odd Mushroom"},{"floor":14,"key":"Juzu Bracelet"},{"floor":26,"key":"Gremlin Horn"},{"floor":30,"key":"Ice Cream"},{"floor":30,"key":"Blue Candle"},{"floor":31,"key":"Necronomicon"},{"floor":36,"key":"Ginger"},{"floor":39,"key":"Emotion Chip"},{"floor":43,"key":"Boot"}],"event_choices":[{"damage_healed":0,"gold_gain":0,"player_choice":"Success","damage_taken":7,"relics_obtained":["Bronze Scales"],"max_hp_gain":0,"max_hp_loss":0,"event_name":"Scrap Ooze","floor":2,"gold_loss":0},{"damage_healed":0,"gold_gain":0,"player_choice":"Fought Mushrooms","damage_taken":0,"max_hp_gain":0,"max_hp_loss":0,"event_name":"Mushrooms","floor":10,"gold_loss":0},{"cards_removed":["Strike_B"],"damage_healed":0,"gold_gain":0,"player_choice":"Forget","damage_taken":0,"max_hp_gain":0,"max_hp_loss":0,"event_name":"Living Wall","floor":11,"gold_loss":0},{"cards_removed":["Defend_B"],"damage_healed":0,"gold_gain":0,"player_choice":"Card Removal","damage_taken":7,"max_hp_gain":0,"max_hp_loss":0,"event_name":"Golden Wing","floor":13,"gold_loss":0},{"damage_healed":0,"gold_gain":99,"player_choice":"Stole From Cult","damage_taken":0,"max_hp_gain":0,"max_hp_loss":0,"event_name":"Nest","floor":20,"gold_loss":0},{"damage_healed":0,"gold_gain":0,"player_choice":"Gave Potion","damage_taken":0,"relics_obtained":["Molten Egg 2"],"max_hp_gain":0,"max_hp_loss":0,"event_name":"WeMeetAgain","floor":24,"gold_loss":0},{"damage_healed":0,"gold_gain":0,"player_choice":"Simplicity","damage_taken":0,"max_hp_gain":0,"max_hp_loss":0,"event_name":"Back to Basics","floor":25,"gold_loss":0,"cards_upgraded":["Strike_B","Strike_B","Strike_B","Defend_B","Defend_B","Defend_B"]},{"damage_healed":0,"gold_gain":0,"player_choice":"Read","damage_taken":0,"max_hp_gain":0,"max_hp_loss":0,"event_name":"The Library","floor":28,"gold_loss":0,"cards_obtained":["Defragment"]},{"damage_healed":0,"gold_gain":0,"player_choice":"Fight","damage_taken":0,"max_hp_gain":0,"max_hp_loss":0,"event_name":"Colosseum","floor":30,"gold_loss":0},{"damage_healed":0,"gold_gain":0,"player_choice":"Fought Nobs","damage_taken":0,"max_hp_gain":0,"max_hp_loss":0,"event_name":"Colosseum","floor":30,"gold_loss":0},{"damage_healed":0,"gold_gain":0,"player_choice":"Obtained Book","damage_taken":16,"max_hp_gain":0,"max_hp_loss":0,"event_name":"Cursed Tome","floor":31,"gold_loss":0},{"damage_healed":0,"gold_gain":0,"player_choice":"Fight","damage_taken":0,"max_hp_gain":0,"max_hp_loss":0,"event_name":"MindBloom","floor":36,"gold_loss":0},{"damage_healed":0,"gold_gain":0,"player_choice":"Fight","damage_taken":0,"max_hp_gain":0,"max_hp_loss":0,"event_name":"Mysterious Sphere","floor":39,"gold_loss":0},{"damage_healed":0,"gold_gain":0,"player_choice":"0 cards matched","damage_taken":0,"max_hp_gain":0,"max_hp_loss":0,"event_name":"Match and Keep!","floor":46,"gold_loss":0,"cards_obtained":[]},{"damage_healed":0,"gold_gain":0,"player_choice":"Trade","damage_taken":0,"relics_obtained":["CultistMask"],"max_hp_gain":0,"max_hp_loss":0,"event_name":"FaceTrader","floor":48,"gold_loss":0}],"is_beta":false,"boss_relics":[{"not_picked":["Tiny House","Snecko Eye"],"picked":"Ectoplasm"},{"not_picked":["Astrolabe","Nuclear Battery"],"picked":"Velvet Choker"}],"items_purged_floors":[],"is_endless":false,"potions_floor_spawned":[5,8,10,18,19,22,36,42],"ascension_level":0}