{"gold_per_floor":[114,189,289,289,299,331,331,117,117,117,128,91,110,123,123,123],"floor_reached":16,"playtime":461,"items_purged":["Strike_B"],"score":120,"play_id":"4001cae8-9561-40fd-8085-1af87183a52a","local_time":"20180915225827","is_ascension_mode":true,"campfire_choices":[{"data":"Zap","floor":7,"key":"SMITH"},{"data":"Redo","floor":15,"key":"SMITH"}],"neow_cost":"PERCENT_DAMAGE","seed_source_timestamp":180055799709676,"circlet_count":0,"master_deck":["Strike_B","Strike_B","Strike_B","Defend_B","Defend_B","Defend_B","Defend_B","Zap+1","Dualcast","All For One","Beam Cell","Chill","Skim","Defragment","Redo+1","Steam","Redo","Pain","Redo","Go for the Eyes","Leap","Coolheaded"],"relics":["Cracked Core","The Courier","Gremlin Horn","WarpedTongs"],"potions_floor_usage":[16],"damage_taken":[{"damage":13,"enemies":"Jaw Worm","floor":1,"turns":4},{"damage":0,"enemies":"Small Slimes","floor":5,"turns":2},{"damage":16,"enemies":"3 Sentries","floor":6,"turns":10},{"damage":0,"enemies":"Cultist","floor":11,"turns":2},{"damage":2,"enemies":"3 Louse","floor":13,"turns":3},{"damage":11,"enemies":"Large Slime","floor":14,"turns":5},{"damage":28,"enemies":"The Guardian","floor":16,"turns":4}],"seed_played":"7898218282672085861","potions_obtained":[{"floor":5,"key":"Ancient Potion"},{"floor":11,"key":"PowerPotion"},{"floor":13,"key":"Ancient Potion"}],"is_trial":false,"path_per_floor":["M","?","?","?","M","E","R","$","T","?","M","$","M","M","R"],"character_chosen":"DEFECT","items_purchased":["Defragment","Redo","Steam","Redo","Go for the Eyes"],"campfire_rested":0,"item_purchase_floors":[8,8,8,8,12],"current_hp_per_floor":[41,30,30,55,55,39,39,39,39,39,39,39,37,26,26,0],"gold":123,"neow_bonus":"THREE_RARE_CARDS","is_prod":false,"is_daily":false,"chose_seed":false,"campfire_upgraded":2,"win_rate":0,"timestamp":1537019907,"path_taken":["M","?","?","?","M","E","R","$","T","?","M","$","M","M","R","BOSS"],"build_version":"2018-09-12","purchased_purges":1,"victory":false,"max_hp_per_floor":[75,75,75,75,75,75,75,75,75,75,75,75,75,75,75,75],"card_choices":[{"not_picked":["Machine Learning","Reboot"],"picked":"All For One","floor":0},{"not_picked":["Redo","Hologram"],"picked":"Beam Cell","floor":1},{"not_picked":["Steam Power","Tempest"],"picked":"Chill","floor":5},{"not_picked":["Streamline","Hello World"],"picked":"Skim","floor":6},{"not_picked":["Glacier","Ball Lightning"],"picked":"Redo","floor":11},{"not_picked":["Undo","Rebound"],"picked":"Leap","floor":13},{"not_picked":["Cold Snap","Rip and Tear"],"picked":"Coolheaded","floor":14}],"player_experience":430086,"relics_obtained":[{"floor":6,"key":"The Courier"},{"floor":9,"key":"Gremlin Horn"}],"event_choices":[{"event_name":"World of Goop","player_choice":"Gather Gold","floor":2,"damage_taken":0},{"event_name":"Golden Shrine","player_choice":"Pray","floor":3,"damage_taken":0},{"event_name":"Big Fish","player_choice":"Banana","floor":4,"damage_taken":0},{"event_name":"Accursed Blacksmith","player_choice":"Rummage","floor":10,"damage_taken":0}],"is_beta":true,"boss_relics":[],"items_purged_floors":[8],"is_endless":false,"potions_floor_spawned":[5,11,13],"killed_by":"The Guardian","ascension_level":4}