{"gold_per_floor":[114,127,138,88,88,88,113,123,147,147,207,207,219,230,230,330,330,350,360,459,9,28,28,60,60,60,60,60],"floor_reached":28,"playtime":1664,"items_purged":[],"score":250,"play_id":"4831bb10-254a-4a5d-8302-776d230ff742","local_time":"20190128141121","is_ascension_mode":true,"campfire_choices":[{"data":"Static Discharge","floor":6,"key":"SMITH"},{"data":"Zap","floor":10,"key":"SMITH"},{"data":"Rainbow","floor":15,"key":"SMITH"},{"data":"Dualcast","floor":23,"key":"SMITH"},{"floor":27,"key":"REST"}],"neow_cost":"NONE","seed_source_timestamp":1260799723050847,"circlet_count":0,"master_deck":["Defend_B","Defend_B","Defend_B","Defend_B","Zap+1","Dualcast+1","Coolheaded","Rip and Tear","Static Discharge+1","Compile Driver","All For One","Darkness","Rainbow+1","Biased Cognition+1","Echo Form+1","Steam Power+1","Buffer+1","Hello World+1","Ball Lightning","Loop+1","FTL","Defragment+1","Hologram"],"relics":["Cracked Core","Frozen Egg 2","Pear","Juzu Bracelet","Bag of Preparation","Astrolabe","Symbiotic Virus","Potion Belt","Kunai"],"potions_floor_usage":[11,16,24,24],"damage_taken":[{"damage":1,"enemies":"Cultist","floor":1,"turns":3},{"damage":4,"enemies":"2 Louse","floor":2,"turns":3},{"damage":1,"enemies":"Jaw Worm","floor":3,"turns":3},{"damage":27,"enemies":"Gremlin Nob","floor":7,"turns":4},{"damage":11,"enemies":"3 Louse","floor":8,"turns":3},{"damage":10,"enemies":"Gremlin Nob","floor":11,"turns":3},{"damage":11,"enemies":"2 Fungi Beasts","floor":13,"turns":2},{"damage":5,"enemies":"Looter","floor":14,"turns":3},{"damage":18,"enemies":"Hexaghost","floor":16,"turns":8},{"damage":10,"enemies":"Spheric Guardian","floor":18,"turns":3},{"damage":4,"enemies":"3 Byrds","floor":19,"turns":2},{"damage":21,"enemies":"Snake Plant","floor":22,"turns":2},{"damage":13,"enemies":"Book of Stabbing","floor":24,"turns":3},{"damage":25,"enemies":"Colosseum Slavers","floor":25,"turns":4},{"damage":44,"enemies":"Slavers","floor":28,"turns":2}],"seed_played":"9156407343762557756","potions_obtained":[{"floor":8,"key":"EssenceOfSteel"},{"floor":11,"key":"FearPotion"},{"floor":16,"key":"Block Potion"},{"floor":19,"key":"Swift Potion"},{"floor":24,"key":"Swift Potion"}],"is_trial":false,"path_per_floor":["M","M","M","?","T","R","E","M","T","R","?","?","M","M","R","B",null,"M","M","?","$","M","R","E","?","T","R","E"],"character_chosen":"DEFECT","items_purchased":["Symbiotic Virus","Loop+1","FTL","AttackPotion"],"campfire_rested":1,"item_purchase_floors":[21,21,21,21],"current_hp_per_floor":[74,70,69,69,69,69,52,41,41,41,31,59,48,43,43,25,85,75,71,71,71,50,50,37,12,12,37,0],"gold":60,"neow_bonus":"THREE_CARDS","is_prod":false,"is_daily":false,"chose_seed":false,"campfire_upgraded":4,"win_rate":0,"timestamp":1548702681,"path_taken":["M","?","M","?","?","R","E","M","T","R","?","?","M","M","R","BOSS","M","M","?","$","M","R","E","?","T","R","E"],"build_version":"2019-01-23","purchased_purges":0,"victory":false,"max_hp_per_floor":[75,75,75,75,75,75,85,85,85,85,85,85,85,85,85,85,85,85,85,85,85,85,85,85,85,85,85,85],"card_choices":[{"not_picked":["Go for the Eyes","Rip and Tear"],"picked":"Coolheaded","floor":0},{"not_picked":["Sweeping Beam","Turbo","Redo"],"picked":"SKIP","floor":1},{"not_picked":["Stack","Storm"],"picked":"Rip and Tear","floor":2},{"not_picked":["Streamline","FTL"],"picked":"Static Discharge","floor":3},{"not_picked":["Sweeping Beam","Beam Cell"],"picked":"Compile Driver","floor":7},{"not_picked":["Coolheaded","Stack"],"picked":"All For One","floor":8},{"not_picked":["Beam Cell","Coolheaded"],"picked":"Darkness","floor":11},{"not_picked":["Stack","Sweeping Beam","Turbo"],"picked":"SKIP","floor":13},{"not_picked":["Rebound","Blizzard"],"picked":"Rainbow","floor":14},{"not_picked":["Core Surge","Amplify"],"picked":"Biased Cognition+1","floor":16},{"not_picked":["Sweeping Beam","Steam+1"],"picked":"Hello World+1","floor":18},{"not_picked":["Compile Driver","Barrage"],"picked":"Ball Lightning","floor":19},{"not_picked":["Glacier","Compile Driver"],"picked":"Defragment+1","floor":22},{"not_picked":["Recycle+1","Barrage"],"picked":"Hologram","floor":24}],"player_experience":159580,"relics_obtained":[{"floor":5,"key":"Frozen Egg 2"},{"floor":7,"key":"Pear"},{"floor":9,"key":"Juzu Bracelet"},{"floor":11,"key":"Bag of Preparation"},{"floor":24,"key":"Potion Belt"},{"floor":26,"key":"Kunai"}],"event_choices":[{"cards_removed":["Strike_B"],"damage_healed":0,"gold_gain":0,"player_choice":"Card Removal","damage_taken":0,"max_hp_gain":0,"max_hp_loss":0,"event_name":"The Cleric","floor":4,"gold_loss":50},{"damage_healed":0,"gold_gain":30,"player_choice":"Searched \u00272\u0027 times","damage_taken":0,"max_hp_gain":0,"max_hp_loss":0,"event_name":"Dead Adventurer","floor":11,"gold_loss":0},{"damage_healed":28,"gold_gain":0,"player_choice":"Banana","damage_taken":0,"max_hp_gain":0,"max_hp_loss":0,"event_name":"Big Fish","floor":12,"gold_loss":0},{"damage_healed":0,"gold_gain":99,"player_choice":"Stole From Cult","damage_taken":0,"max_hp_gain":0,"max_hp_loss":0,"event_name":"Nest","floor":20,"gold_loss":0},{"damage_healed":0,"gold_gain":0,"player_choice":"Fight","damage_taken":0,"max_hp_gain":0,"max_hp_loss":0,"event_name":"Colosseum","floor":25,"gold_loss":0},{"damage_healed":0,"gold_gain":0,"player_choice":"Fled From Nobs","damage_taken":0,"max_hp_gain":0,"max_hp_loss":0,"event_name":"Colosseum","floor":25,"gold_loss":0}],"is_beta":false,"boss_relics":[{"not_picked":["Lizard Tail","Eternal Feather"],"picked":"Astrolabe"}],"items_purged_floors":[],"is_endless":false,"potions_floor_spawned":[8,11,16,19,24],"killed_by":"Slavers","ascension_level":1}