{"gold_per_floor":[18,18,34,44,44,63,63,63,63,74,74,99,112,129,129,233,233,251,251,234,105,129,162,179,179,202,202,92,111,111,6,6,103,103,122,222,222,239,250,250,250],"floor_reached":41,"playtime":5183,"items_purged":["Strike_G"],"score":434,"play_id":"711eeaf7-587a-4dee-b801-f15eb1f68676","local_time":"20181202120840","is_ascension_mode":true,"campfire_choices":[{"floor":8.0,"key":"REST"},{"data":"Noxious Fumes","floor":11.0,"key":"SMITH"},{"floor":15.0,"key":"REST"},{"floor":27,"key":"REST"},{"floor":30,"key":"RECALL"},{"floor":32,"key":"REST"},{"floor":40,"key":"REST"}],"neow_cost":"NO_GOLD","seed_source_timestamp":0,"circlet_count":0,"master_deck":["Defend_G","Defend_G","Defend_G","Defend_G","Defend_G+1","Strike_G","Strike_G","Strike_G","Survivor","Neutralize","Caltrops+1","Infinite Blades","Leg Sweep+1","Backflip","Noxious Fumes+1","PiercingWail","Adrenaline","Accuracy","Noxious Fumes+1","PiercingWail","PiercingWail+1","Blur","Footwork","Malaise","Blur","Heel Hook","Backflip+1"],"special_seed":0,"relics":["Ring of the Serpent","Ice Cream","NlothsMask","Gambling Chip","War Paint","Incense Burner","Nilry\u0027s Codex","Vajra","Snecko Eye","Nunchaku"],"potions_floor_usage":[24,33,36,39],"damage_taken":[{"damage":0.0,"enemies":"Jaw Worm","floor":1.0,"turns":4.0},{"damage":0.0,"enemies":"Small Slimes","floor":3.0,"turns":3.0},{"damage":1.0,"enemies":"Cultist","floor":4.0,"turns":4.0},{"damage":14.0,"enemies":"Gremlin Gang","floor":6.0,"turns":8.0},{"damage":5.0,"enemies":"Exordium Wildlife","floor":10.0,"turns":7.0},{"damage":20.0,"enemies":"Gremlin Nob","floor":12.0,"turns":5.0},{"damage":7.0,"enemies":"Exordium Thugs","floor":13.0,"turns":5.0},{"damage":1.0,"enemies":"3 Louse","floor":14.0,"turns":3.0},{"damage":18.0,"enemies":"Hexaghost","floor":16.0,"turns":8.0},{"damage":1.0,"enemies":"3 Byrds","floor":18.0,"turns":4.0},{"damage":14.0,"enemies":"2 Thieves","floor":20.0,"turns":5.0},{"damage":11,"enemies":"Gremlin Leader","floor":23,"turns":8},{"damage":12,"enemies":"Snake Plant","floor":24,"turns":5},{"damage":3,"enemies":"Cultist and Chosen","floor":29,"turns":6},{"damage":26,"enemies":"Champ","floor":33,"turns":12},{"damage":20,"enemies":"3 Darklings","floor":35,"turns":5},{"damage":6,"enemies":"Mind Bloom Boss Battle","floor":36,"turns":9},{"damage":31,"enemies":"3 Shapes","floor":38,"turns":6},{"damage":0,"enemies":"Transient","floor":39,"turns":5},{"damage":30,"enemies":"3 Darklings","floor":41,"turns":3}],"seed_played":"-3092711904079196926","potions_obtained":[{"floor":1.0,"key":"Swift Potion"},{"floor":3.0,"key":"Dexterity Potion"},{"floor":12.0,"key":"SteroidPotion"},{"floor":13.0,"key":"Strength Potion"},{"floor":14.0,"key":"SteroidPotion"},{"floor":18.0,"key":"Regen Potion"},{"floor":29,"key":"Regen Potion"},{"floor":33,"key":"Poison Potion"},{"floor":36,"key":"SpeedPotion"},{"floor":39,"key":"Strength Potion"}],"is_trial":false,"path_per_floor":["M","?","M","M","?","M","?","R","T","M","R","E","M","M","R","B",null,"M","?","M","$","T","E","M","?","T","R","?","M","R","$","R","B",null,"M","?","?","M","M","R","M"],"character_chosen":"THE_SILENT","items_purchased":["PiercingWail","Blur","Footwork"],"campfire_rested":5,"item_purchase_floors":[21,31,31],"current_hp_per_floor":[70,70,70,69,62,48,48,69,69,64,64,44,37,36,57,39,70,69,69,55,55,55,44,47,31,31,52,52,49,49,49,70,59,70,50,44,37,6,6,27,0],"gold":250,"neow_bonus":"ONE_RARE_RELIC","is_prod":false,"is_daily":false,"chose_seed":false,"campfire_upgraded":1,"win_rate":0,"timestamp":1543770520,"path_taken":["M","?","M","M","?","M","?","R","T","?","R","E","?","M","R","BOSS","M","?","M","$","?","E","M","?","T","R","?","?","R","?","R","BOSS","M","?","?","M","M","R","M"],"build_version":"2018-11-15","purchased_purges":1,"victory":false,"max_hp_per_floor":[70,70,70,70,70,70,70,70,70,70,70,70,70,70,70,70,70,70,70,70,70,70,70,70,70,70,70,70,70,70,70,70,70,70,70,70,70,70,70,70,70],"card_choices":[{"not_picked":["Deflect","Choke"],"picked":"Caltrops","floor":1.0},{"not_picked":["Blade Dance","Concentrate"],"picked":"Infinite Blades","floor":3.0},{"not_picked":["Crippling Poison","Dagger Spray"],"picked":"Leg Sweep","floor":4.0},{"not_picked":["All Out Attack","Underhanded Strike"],"picked":"Backflip","floor":6.0},{"not_picked":["Dagger Spray","Dash"],"picked":"Noxious Fumes","floor":10.0},{"not_picked":["Reflex","Flechettes"],"picked":"PiercingWail","floor":12.0},{"not_picked":["Poisoned Stab","PiercingWail","Acrobatics"],"picked":"SKIP","floor":13.0},{"not_picked":["Distraction","PiercingWail","Heel Hook"],"picked":"SKIP","floor":14.0},{"not_picked":["A Thousand Cuts","Malaise"],"picked":"Adrenaline","floor":16.0},{"not_picked":["Deadly Poison","Acrobatics"],"picked":"Accuracy","floor":18.0},{"not_picked":["Distraction","Dagger Spray","Endless Agony"],"picked":"SKIP","floor":20.0},{"not_picked":["Prepared","Deflect","Masterful Stab"],"picked":"SKIP","floor":23},{"not_picked":["Endless Agony+1","Sucker Punch"],"picked":"PiercingWail+1","floor":24},{"not_picked":["Poisoned Stab","Underhanded Strike","Sucker Punch"],"picked":"SKIP","floor":29},{"not_picked":["Night Terror","Burst"],"picked":"Malaise","floor":33},{"not_picked":["Blade Dance","Prepared"],"picked":"Blur","floor":35},{"not_picked":["Dodge and Roll","Outmaneuver+1"],"picked":"Heel Hook","floor":38},{"not_picked":["Crippling Poison+1","Dagger Spray+1"],"picked":"Backflip+1","floor":39}],"player_experience":670124,"relics_obtained":[{"floor":12.0,"key":"Gambling Chip"},{"floor":22.0,"key":"War Paint"},{"floor":23,"key":"Incense Burner"},{"floor":25,"key":"Nilry\u0027s Codex"},{"floor":36,"key":"Nunchaku"}],"event_choices":[{"damage_healed":0.0,"max_hp_gain":0.0,"max_hp_loss":0.0,"gold_gain":0.0,"event_name":"Living Wall","player_choice":"Grow","floor":2.0,"gold_loss":0.0,"damage_taken":0.0,"cards_upgraded":["Caltrops"]},{"cards_removed":["Strike_G"],"damage_healed":0.0,"max_hp_gain":0.0,"max_hp_loss":0.0,"gold_gain":0.0,"event_name":"Golden Wing","player_choice":"Card Removal","floor":5.0,"gold_loss":0.0,"damage_taken":7.0},{"damage_healed":0.0,"max_hp_gain":0.0,"max_hp_loss":0.0,"gold_gain":0.0,"event_name":"FaceTrader","player_choice":"Trade","floor":7.0,"gold_loss":0.0,"damage_taken":0.0,"relics_obtained":["NlothsMask"]},{"damage_healed":0.0,"max_hp_gain":0.0,"max_hp_loss":0.0,"gold_gain":0.0,"event_name":"Duplicator","player_choice":"Copied","floor":19.0,"gold_loss":0.0,"damage_taken":0.0,"cards_obtained":["Noxious Fumes"]},{"damage_healed":0,"gold_gain":0,"player_choice":"Obtained Book","damage_taken":16,"max_hp_gain":0,"max_hp_loss":0,"event_name":"Cursed Tome","floor":25,"gold_loss":0},{"damage_healed":0,"gold_gain":0,"player_choice":"Paid Gold","damage_taken":0,"relics_obtained":["Vajra"],"max_hp_gain":0,"max_hp_loss":0,"event_name":"WeMeetAgain","floor":28,"gold_loss":110},{"damage_healed":0,"gold_gain":0,"player_choice":"Fight","damage_taken":0,"max_hp_gain":0,"max_hp_loss":0,"event_name":"MindBloom","floor":36,"gold_loss":0},{"damage_healed":0,"gold_gain":0,"player_choice":"Damaged","damage_taken":7,"max_hp_gain":0,"max_hp_loss":0,"event_name":"Wheel of Change","floor":37,"gold_loss":0}],"is_beta":false,"boss_relics":[{"not_picked":["Orrery","Tiny House"],"picked":"Ring of the Serpent"},{"not_picked":["Runic Dome","Black Star"],"picked":"Snecko Eye"}],"items_purged_floors":[21],"is_endless":false,"potions_floor_spawned":[1,3,12,13,14,18,29,33,36,39],"killed_by":"3 Darklings","ascension_level":1}