{"gold_per_floor":[115,115,115,135,98,98,112,143,143,318,330,183,212,144,144,244,244,263,187,187,187,102,147,159,190,202,1,17,17,17,27,27,128,128,145,68,119,134,148,148,148,148,172,182,0,13,13,39,39,39],"floor_reached":51,"playtime":3630,"items_purged":["Doubt"],"score":862,"play_id":"862918de-9eed-45c3-8d94-52ea3bafda78","local_time":"20180725195732","daily_mods":["Draft"],"is_ascension_mode":true,"campfire_choices":[{"data":"Cloak And Dagger","floor":6.0,"key":"SMITH"},{"data":"Cloak And Dagger","floor":15.0,"key":"SMITH"},{"data":"Footwork","floor":24.0,"key":"SMITH"},{"data":"Cloak And Dagger","floor":29.0,"key":"SMITH"},{"data":"Choke","floor":32.0,"key":"SMITH"},{"data":"Accuracy","floor":40,"key":"SMITH"},{"data":"Footwork","floor":42,"key":"SMITH"},{"data":"Accuracy","floor":49,"key":"SMITH"}],"neow_cost":"","seed_source_timestamp":110955204238873,"circlet_count":0,"master_deck":["PiercingWail","Cloak And Dagger+1","Escape Plan","Footwork+1","Well Laid Plans","Outmaneuver","Dagger Spray","Cloak And Dagger+1","Dodge and Roll","Cloak And Dagger+1","Backflip","Backflip","Cloak And Dagger+1","Dodge and Roll+1","Blur","Infinite Blades","Blur","Finisher","Choke+1","Well Laid Plans","Outmaneuver+1","Infinite Blades","Phantasmal Killer+1","Accuracy+1","Ghostly+1","Ghostly+1","Ghostly+1","Ghostly+1","Ghostly+1","Prepared+1","Acrobatics+1","Footwork","Cloak And Dagger+1","Deflect+1","Storm of Steel+1","Accuracy+1","Footwork+1","PiercingWail+1","Prepared+1","Tactician+1","Deep Breath+1","Outmaneuver+1","Accuracy+1","Concentrate+1"],"special_seed":0,"relics":["Ring of the Snake","War Paint","Toxic Egg 2","Mummified Hand","Turnip","WristBlade","MawBank","Bag of Marbles","Pear","Vajra","Runic Pyramid","Thread and Needle","Centennial Puzzle","Red Mask","Art of War"],"potions_floor_usage":[50],"damage_taken":[{"damage":0.0,"enemies":"2 Louse","floor":1.0,"turns":3.0},{"damage":0.0,"enemies":"Small Slimes","floor":4.0,"turns":5.0},{"damage":0.0,"enemies":"Jaw Worm","floor":7.0,"turns":5.0},{"damage":0.0,"enemies":"Lagavulin","floor":8.0,"turns":11.0},{"damage":0.0,"enemies":"Exordium Wildlife","floor":11.0,"turns":4.0},{"damage":0.0,"enemies":"Gremlin Nob","floor":13.0,"turns":3.0},{"damage":22.0,"enemies":"Slime Boss","floor":16.0,"turns":9.0},{"damage":0.0,"enemies":"Chosen","floor":18.0,"turns":3.0},{"damage":2.0,"enemies":"Gremlin Leader","floor":23.0,"turns":6.0},{"damage":1.0,"enemies":"Shell Parasite","floor":25.0,"turns":6.0},{"damage":0.0,"enemies":"Sentry and Sphere","floor":28.0,"turns":5.0},{"damage":0.0,"enemies":"Snake Plant","floor":31.0,"turns":4.0},{"damage":1.0,"enemies":"Champ","floor":33.0,"turns":9.0},{"damage":0,"enemies":"3 Darklings","floor":35,"turns":4},{"damage":1,"floor":37,"turns":3},{"damage":0,"enemies":"Flame Bruiser 1 Orb","floor":38,"turns":4},{"damage":0,"enemies":"Spire Growth","floor":39,"turns":4},{"damage":0,"enemies":"4 Shapes","floor":44,"turns":4},{"damage":0,"enemies":"3 Darklings","floor":46,"turns":3},{"damage":0,"enemies":"Nemesis","floor":48,"turns":7},{"damage":11,"enemies":"Awakened One","floor":50,"turns":8}],"seed_played":"-2631669320153182918","potions_obtained":[{"floor":4.0,"key":"SneckoOil"},{"floor":7.0,"key":"Ancient Potion"},{"floor":8.0,"key":"SpeedPotion"},{"floor":11.0,"key":"Energy Potion"},{"floor":18.0,"key":"Swift Potion"},{"floor":31.0,"key":"GhostInAJar"},{"floor":38,"key":"Swift Potion"},{"floor":39,"key":"Strength Potion"}],"is_trial":true,"path_per_floor":["M","?","?","M","$","R","M","E","T","?","M","$","E","$","R","B",null,"M","$","?","?","?","E","R","M","T","$","M","R","?","M","R","B",null,"M","$","?","M","M","R","?","R","T","M","?","M","?","E","R","B"],"character_chosen":"THE_SILENT","items_purchased":["Infinite Blades","Well Laid Plans","Infinite Blades","Accuracy","Footwork","Vajra","Footwork"],"campfire_rested":0,"item_purchase_floors":[5,12,14,19,27,27,36],"current_hp_per_floor":[70,63,45,45,45,45,45,45,45,45,45,45,45,45,45,23,70,70,70,70,35,35,33,33,32,42,42,42,42,42,42,42,41,45,45,45,44,44,44,44,44,44,44,44,44,44,45,45,45,34],"gold":39,"neow_bonus":"","is_prod":false,"is_daily":false,"chose_seed":false,"campfire_upgraded":8,"win_rate":0,"timestamp":1532516252,"path_taken":["M","?","?","M","$","R","M","E","T","?","?","$","E","$","R","BOSS","M","$","?","?","?","E","R","M","T","$","?","R","?","M","R","BOSS","M","$","?","M","?","R","?","R","T","M","?","?","?","E","R","BOSS"],"build_version":"2018-07-24","purchased_purges":1,"victory":true,"max_hp_per_floor":[70,70,70,70,70,70,70,70,70,70,70,70,70,70,70,70,70,70,70,70,35,35,35,35,35,45,45,45,45,45,45,45,45,45,45,45,45,45,45,45,45,45,45,45,45,45,45,45,45,45],"card_choices":[{"not_picked":["Bane","Masterful Stab"],"picked":"PiercingWail","floor":0.0},{"not_picked":["Dodge and Roll","PiercingWail"],"picked":"Prepared","floor":0.0},{"not_picked":["Calculated Gamble","Catalyst"],"picked":"Cloak And Dagger","floor":0.0},{"not_picked":["Outmaneuver","Riddle With Holes"],"picked":"Escape Plan","floor":0.0},{"not_picked":["Riddle With Holes","Setup"],"picked":"Dodge and Roll","floor":0.0},{"not_picked":["Skewer","Choke"],"picked":"Footwork","floor":0.0},{"not_picked":["Dodge and Roll","Deadly Poison"],"picked":"Well Laid Plans","floor":0.0},{"not_picked":["Crippling Poison","Slice"],"picked":"Outmaneuver","floor":0.0},{"not_picked":["Riddle With Holes","Dodge and Roll"],"picked":"Dagger Spray","floor":0.0},{"not_picked":["Prepared","Acrobatics"],"picked":"Cloak And Dagger","floor":0.0},{"not_picked":["Underhanded Strike","Poisoned Stab"],"picked":"Dodge and Roll","floor":0.0},{"not_picked":["Prepared","Setup"],"picked":"Cloak And Dagger","floor":0.0},{"not_picked":["Bane","Deflect"],"picked":"Backflip","floor":0.0},{"not_picked":["Bane","Finisher"],"picked":"Backflip","floor":0.0},{"not_picked":["Dodge and Roll","Outmaneuver"],"picked":"Cloak And Dagger","floor":0.0},{"not_picked":["Bane","Deadly Poison"],"picked":"Dodge and Roll","floor":1.0},{"not_picked":["Skewer","Bane"],"picked":"Blur","floor":4.0},{"not_picked":["Poisoned Stab","Finisher"],"picked":"Blur","floor":7.0},{"not_picked":["Leg Sweep","Dash"],"picked":"Finisher","floor":8.0},{"not_picked":["Predator","Bouncing Flask+1"],"picked":"Choke","floor":11.0},{"not_picked":["Endless Agony","Deflect+1"],"picked":"Outmaneuver+1","floor":13.0},{"not_picked":["Unload","Adrenaline+1"],"picked":"Phantasmal Killer+1","floor":16.0},{"not_picked":["Sucker Punch","Skewer","Bane+1"],"picked":"SKIP","floor":18.0},{"not_picked":["Dagger Spray","Unload"],"picked":"Prepared+1","floor":23.0},{"not_picked":["Leg Sweep+1","Eviscerate"],"picked":"Acrobatics+1","floor":25.0},{"not_picked":["Sucker Punch","Poisoned Stab"],"picked":"Cloak And Dagger+1","floor":28.0},{"not_picked":["Slice","Sucker Punch"],"picked":"Deflect+1","floor":31.0},{"not_picked":["Adrenaline+1","Grand Finale"],"picked":"Storm of Steel+1","floor":33.0},{"not_picked":["Slice+1","Prepared+1"],"picked":"Accuracy","floor":35},{"not_picked":["Eviscerate","Flechettes+1"],"picked":"PiercingWail+1","floor":37},{"not_picked":["Caltrops+1","Dagger Spray"],"picked":"Prepared+1","floor":38},{"not_picked":["Predator","Deadly Poison+1"],"picked":"Tactician+1","floor":39},{"not_picked":["Blind+1","Forethought+1"],"picked":"Deep Breath+1","floor":41},{"not_picked":["Dagger Throw","Backstab+1"],"picked":"Outmaneuver+1","floor":44},{"not_picked":["Backflip+1","Skewer"],"picked":"Accuracy","floor":46},{"not_picked":["Deadly Poison+1","Heel Hook"],"picked":"Concentrate+1","floor":48}],"player_experience":296978,"relics_obtained":[{"floor":8.0,"key":"Toxic Egg 2"},{"floor":9.0,"key":"Mummified Hand"},{"floor":13.0,"key":"Turnip"},{"floor":23.0,"key":"Bag of Marbles"},{"floor":26.0,"key":"Pear"},{"floor":37,"key":"Thread and Needle"},{"floor":43,"key":"Centennial Puzzle"},{"floor":48,"key":"Art of War"}],"event_choices":[{"event_name":"Golden Wing","player_choice":"Card Removal","floor":2.0,"damage_taken":0.0},{"event_name":"Scrap Ooze","player_choice":"success","floor":3.0,"damage_taken":18.0},{"event_name":"Liars Game","player_choice":"agreed","floor":10.0,"damage_taken":0.0},{"event_name":"Upgrade Shrine","player_choice":"Upgraded","floor":20.0,"damage_taken":0.0},{"event_name":"Ghosts","player_choice":"Became a Ghost","floor":21.0,"damage_taken":0.0},{"event_name":"Addict","player_choice":"Obtained Relic","floor":22.0,"damage_taken":0.0},{"event_name":"Drug Dealer","player_choice":"Ignored","floor":30.0,"damage_taken":0.0},{"event_name":"Mysterious Sphere","player_choice":"Fight","floor":37,"damage_taken":0},{"event_name":"SensoryStone","player_choice":"Memory 1","floor":41,"damage_taken":0},{"event_name":"Tomb of Lord Red Mask","player_choice":"Paid","floor":45,"damage_taken":0},{"event_name":"Bonfire Elementals","player_choice":"COMMON","floor":47,"damage_taken":0}],"is_beta":true,"boss_relics":[{"not_picked":["Fusion Hammer","Coffee Dripper"],"picked":"WristBlade"},{"not_picked":["Tiny House","Calling Bell"],"picked":"Runic Pyramid"}],"items_purged_floors":[12],"is_endless":false,"potions_floor_spawned":[4,7,8,11,18,31,38,39,46],"ascension_level":1}