{"gold_per_floor":[114,129,129,144,33,93,118,148,173,185,212,254,281,323,335,447,459,486,597,624,651,678,690,717,43,68,68,68,18,48,78,78,78],"floor_reached":33,"playtime":2188,"items_purged":["Wraith Form v2"],"score":390,"play_id":"ae51d98f-b589-4bae-8058-0cc506bb8385","local_time":"20190205132800","daily_mods":["Specialized","ControlledChaos","DeadlyEvents"],"is_ascension_mode":false,"campfire_choices":[{"floor":10,"key":"REST"},{"floor":15,"key":"REST"},{"floor":23,"key":"REST"},{"floor":28,"key":"REST"},{"floor":32,"key":"REST"}],"neow_cost":"","seed_source_timestamp":0,"circlet_count":0,"master_deck":["Defend_G","Defend_G","Defend_G","Defend_G","Defend_G","Strike_G","Strike_G","Strike_G","Strike_G","Strike_G","Survivor+1","Neutralize","Wraith Form v2","Wraith Form v2","Wraith Form v2","Wraith Form v2","Terror","Prepared","Acrobatics","Footwork","Backstab","Bouncing Flask","Caltrops","Cloak And Dagger","Underhanded Strike","Catalyst","Dagger Throw","Noxious Fumes","Envenom","Dash","Outmaneuver+1","Acrobatics+1","Blur+1","All Out Attack+1","Acrobatics+1","Slice","Blade Dance","Acrobatics","Flechettes","Glass Knife","Deadly Poison","Backflip","Crippling Poison","Choke+1"],"special_seed":17932,"relics":["Ring of the Snake","Frozen Eye","Tiny Chest","PreservedInsect","Prayer Wheel","MawBank","Unceasing Top","Centennial Puzzle","Fusion Hammer","Sling","Blood Vial","War Paint","Happy Flower","Incense Burner","Ginger","Pen Nib"],"potions_floor_usage":[6,6,6,12,16,24,30,33],"damage_taken":[{"damage":2,"enemies":"2 Louse","floor":1,"turns":5},{"damage":1,"enemies":"Cultist","floor":2,"turns":4},{"damage":1,"enemies":"Jaw Worm","floor":4,"turns":4},{"damage":16,"enemies":"3 Sentries","floor":6,"turns":6},{"damage":22,"enemies":"Lagavulin","floor":8,"turns":7},{"damage":0,"enemies":"Exordium Wildlife","floor":11,"turns":2},{"damage":20,"enemies":"Gremlin Nob","floor":12,"turns":5},{"damage":0,"enemies":"Looter","floor":13,"turns":2},{"damage":13,"enemies":"3 Sentries","floor":14,"turns":7},{"damage":18,"enemies":"Slime Boss","floor":16,"turns":9},{"damage":5,"enemies":"Chosen","floor":18,"turns":5},{"damage":35,"enemies":"2 Thieves","floor":20,"turns":4},{"damage":12,"enemies":"Snake Plant","floor":21,"turns":5},{"damage":5,"enemies":"Cultist and Chosen","floor":22,"turns":6},{"damage":4,"enemies":"3 Cultists","floor":24,"turns":6},{"damage":7,"enemies":"Slavers","floor":30,"turns":3},{"damage":8,"enemies":"Gremlin Leader","floor":31,"turns":5},{"damage":65,"enemies":"Collector","floor":33,"turns":7}],"seed_played":"-4750178062839727014","potions_obtained":[{"floor":1,"key":"Weak Potion"},{"floor":2,"key":"SpeedPotion"},{"floor":3,"key":"PowerPotion"},{"floor":3,"key":"Block Potion"},{"floor":11,"key":"Weak Potion"},{"floor":12,"key":"GamblersBrew"},{"floor":22,"key":"Explosive Potion"},{"floor":24,"key":"Block Potion"},{"floor":31,"key":"Swift Potion"}],"is_trial":false,"path_per_floor":["M","M","?","M","$","E","T","E","T","R","M","E","M","E","R","B",null,"M","?","M","M","M","R","M","$","T","T","R","$","E","E","R","B"],"character_chosen":"THE_SILENT","items_purchased":["Footwork","Glass Knife","Sling","Blood Vial","War Paint","Deadly Poison","Backflip"],"campfire_rested":5,"item_purchase_floors":[5,25,25,25,25,25,29],"current_hp_per_floor":[68,67,67,66,66,50,50,28,28,49,49,29,29,16,37,19,70,65,65,30,18,13,34,30,30,30,30,51,51,46,40,61,0],"gold":78,"neow_bonus":"","is_prod":false,"is_daily":true,"chose_seed":false,"campfire_upgraded":0,"win_rate":0,"timestamp":1549391280,"path_taken":["M","M","?","?","$","E","?","?","T","R","M","E","?","?","R","BOSS","M","?","M","M","M","R","M","$","T","?","R","$","?","?","R","BOSS"],"build_version":"2019-01-23","purchased_purges":1,"victory":false,"max_hp_per_floor":[70,70,70,70,70,70,70,70,70,70,70,70,70,70,70,70,70,70,70,70,70,70,70,70,70,70,70,70,70,70,70,70,70],"card_choices":[{"not_picked":["Distraction","Dash"],"picked":"Terror","floor":1},{"not_picked":["Flechettes","Dagger Spray"],"picked":"Prepared","floor":2},{"not_picked":["Dagger Throw","Terror"],"picked":"Acrobatics","floor":4},{"not_picked":["Predator","Sucker Punch"],"picked":"Backstab","floor":6},{"not_picked":["Backflip","Catalyst"],"picked":"Bouncing Flask","floor":8},{"not_picked":["Bane","Dagger Throw"],"picked":"Caltrops","floor":11},{"not_picked":["Bane","Catalyst"],"picked":"Cloak And Dagger","floor":11},{"not_picked":["Caltrops","Deflect"],"picked":"Underhanded Strike","floor":12},{"not_picked":["Leg Sweep","Grand Finale"],"picked":"Catalyst","floor":13},{"not_picked":["Acrobatics","Bouncing Flask"],"picked":"Dagger Throw","floor":13},{"not_picked":["Prepared","All Out Attack"],"picked":"Noxious Fumes","floor":14},{"not_picked":["Malaise","Burst"],"picked":"Envenom","floor":16},{"not_picked":["Prepared","Dagger Throw"],"picked":"Dash","floor":18},{"not_picked":["Terror","Infinite Blades"],"picked":"Outmaneuver+1","floor":18},{"not_picked":["Slice","Tools of the Trade"],"picked":"Acrobatics+1","floor":20},{"not_picked":["Underhanded Strike","Bane"],"picked":"Blur","floor":20},{"not_picked":["Distraction","Acrobatics"],"picked":"All Out Attack+1","floor":21},{"not_picked":["Bouncing Flask","Cloak And Dagger"],"picked":"Acrobatics+1","floor":21},{"not_picked":["Underhanded Strike+1","Bouncing Flask"],"picked":"Slice","floor":22},{"not_picked":["Noxious Fumes","Slice"],"picked":"Blade Dance","floor":22},{"not_picked":["Accuracy+1","Infinite Blades"],"picked":"Acrobatics","floor":24},{"not_picked":["Distraction","Blade Dance+1"],"picked":"Flechettes","floor":24},{"not_picked":["Masterful Stab","Underhanded Strike+1"],"picked":"Crippling Poison","floor":30},{"not_picked":["Deadly Poison","Underhanded Strike"],"picked":"Choke+1","floor":31}],"player_experience":864820,"relics_obtained":[{"floor":6,"key":"Tiny Chest"},{"floor":7,"key":"PreservedInsect"},{"floor":8,"key":"Prayer Wheel"},{"floor":9,"key":"MawBank"},{"floor":12,"key":"Unceasing Top"},{"floor":14,"key":"Centennial Puzzle"},{"floor":26,"key":"Happy Flower"},{"floor":27,"key":"Incense Burner"},{"floor":30,"key":"Ginger"},{"floor":31,"key":"Pen Nib"}],"event_choices":[{"damage_healed":0,"gold_gain":0,"player_choice":"Got Potions","damage_taken":0,"max_hp_gain":0,"max_hp_loss":0,"event_name":"Lab","floor":3,"gold_loss":0},{"damage_healed":0,"gold_gain":99,"player_choice":"Stole From Cult","damage_taken":0,"max_hp_gain":0,"max_hp_loss":0,"event_name":"Nest","floor":19,"gold_loss":0}],"is_beta":false,"boss_relics":[{"not_picked":["Astrolabe","WristBlade"],"picked":"Fusion Hammer"}],"items_purged_floors":[5],"is_endless":false,"potions_floor_spawned":[1,2,4,11,12,22,24,31],"killed_by":"Collector","ascension_level":0}