{"gold_per_floor":[114,114,124,124,124,153,169,169,169,96,110,139,153,170,170,271,271,259,278,278,33,46,80,80,93,119,135,164,181,181,194,194,194],"floor_reached":33,"playtime":2472,"items_purged":[],"score":342,"play_id":"f1751c17-11a5-4be9-9def-f76b7e9af6cb","local_time":"20181209155455","is_ascension_mode":true,"campfire_choices":[{"floor":8.0,"key":"REST"},{"floor":15,"key":"REST"},{"floor":24,"key":"REST"},{"data":"Armaments","floor":32,"key":"SMITH"}],"neow_cost":"NONE","seed_source_timestamp":0,"circlet_count":0,"master_deck":["Strike_R","Strike_R","Defend_R","Defend_R","Bash","True Grit","Pommel Strike","Fiend Fire","Flame Barrier","Entrench","Headbutt","Twin Strike","Ghostly Armor","Body Slam","Demon Form+1","Dropkick+1","Rage+1","Offering+1","Infernal Blade+1","Bandage Up","Mayhem+1","Spot Weakness","Impervious","Shockwave+1","Heavy Blade+1","Rupture+1","Rupture+1","Shrug It Off","Armaments+1"],"special_seed":0,"relics":["Burning Blood","Strawberry","Pen Nib","Potion Belt","Frozen Egg 2","Astrolabe","Thread and Needle","Boot","Prayer Wheel"],"potions_floor_usage":[14,16,16,22,23,27,28],"damage_taken":[{"damage":4.0,"enemies":"Small Slimes","floor":1.0,"turns":5.0},{"damage":6.0,"enemies":"2 Louse","floor":3.0,"turns":2.0},{"damage":56.0,"enemies":"Lagavulin","floor":6.0,"turns":8.0},{"damage":6.0,"enemies":"Jaw Worm","floor":7.0,"turns":2.0},{"damage":7.0,"enemies":"Exordium Wildlife","floor":11.0,"turns":3.0},{"damage":28.0,"enemies":"3 Sentries","floor":12.0,"turns":10.0},{"damage":0,"enemies":"Large Slime","floor":13,"turns":6},{"damage":0,"enemies":"Exordium Thugs","floor":14,"turns":3},{"damage":31,"enemies":"The Guardian","floor":16,"turns":11},{"damage":9,"enemies":"2 Thieves","floor":18,"turns":4},{"damage":6,"enemies":"3 Byrds","floor":19,"turns":6},{"damage":17,"enemies":"Snecko","floor":22,"turns":5},{"damage":39,"enemies":"Book of Stabbing","floor":23,"turns":7},{"damage":20,"enemies":"Snake Plant","floor":25,"turns":5},{"damage":22,"enemies":"3 Cultists","floor":27,"turns":7},{"damage":6,"enemies":"Gremlin Leader","floor":28,"turns":5},{"damage":5,"enemies":"Centurion and Healer","floor":29,"turns":6},{"damage":11,"enemies":"Snecko","floor":31,"turns":5},{"damage":72,"enemies":"Collector","floor":33,"turns":8}],"seed_played":"-7627321604732771799","potions_obtained":[{"floor":3.0,"key":"Energy Potion"},{"floor":6.0,"key":"PowerPotion"},{"floor":11.0,"key":"FearPotion"},{"floor":12,"key":"Fire Potion"},{"floor":16,"key":"Weak Potion"},{"floor":18,"key":"SpeedPotion"},{"floor":23,"key":"Fire Potion"},{"floor":25,"key":"Regen Potion"}],"is_trial":false,"path_per_floor":["M","?","M","?","T","E","M","R","T","$","M","E","E","M","M","R","B",null,"M","M","?","$","M","E","R","M","T","M","E","M","?","M","R","B"],"character_chosen":"IRONCLAD","items_purchased":["Entrench","Mayhem+1","Spot Weakness"],"campfire_rested":3,"item_purchase_floors":[10,21,21],"current_hp_per_floor":[87,92,92,92,92,42,42,69,69,69,68,46,52,58,85,60,92,89,89,71,71,64,35,62,52,52,55,59,64,64,63,63,0],"gold":194,"neow_bonus":"RANDOM_COMMON_RELIC","is_prod":false,"is_daily":false,"chose_seed":false,"campfire_upgraded":1,"win_rate":0,"timestamp":1544388895,"path_taken":["M","?","M","?","?","E","M","R","T","$","M","E","M","?","R","BOSS","M","M","?","?","M","E","R","M","T","M","E","?","?","M","R","BOSS"],"build_version":"2018-12-06","purchased_purges":0,"victory":false,"max_hp_per_floor":[87,92,92,92,92,92,92,92,92,92,92,92,92,92,92,92,92,92,92,92,92,92,92,92,92,92,92,92,92,92,92,92,92],"card_choices":[{"not_picked":["Bloodletting","Rage"],"picked":"True Grit","floor":1.0},{"not_picked":["Perfected Strike","Wild Strike","Sword Boomerang"],"picked":"SKIP","floor":3.0},{"not_picked":["Clothesline","Reckless Charge"],"picked":"Fiend Fire","floor":6.0},{"not_picked":["Perfected Strike","Pommel Strike"],"picked":"Flame Barrier","floor":7.0},{"not_picked":["Havoc","Sever Soul"],"picked":"Headbutt","floor":11.0},{"not_picked":["Carnage","Rupture"],"picked":"Twin Strike","floor":12},{"not_picked":["True Grit","Combust+1"],"picked":"Ghostly Armor","floor":13},{"not_picked":["Cleave","Clothesline"],"picked":"Body Slam","floor":14},{"not_picked":["Exhume","Brutality+1"],"picked":"Demon Form+1","floor":16},{"not_picked":["Entrench","Clash"],"picked":"Infernal Blade+1","floor":18},{"not_picked":["Entrench","Iron Wave+1","Wild Strike"],"picked":"SKIP","floor":19},{"not_picked":["Clash+1","Sword Boomerang+1","Warcry+1"],"picked":"SKIP","floor":22},{"not_picked":["Fire Breathing+1","Evolve+1"],"picked":"Impervious","floor":23},{"not_picked":["Perfected Strike","Clash+1"],"picked":"Shockwave+1","floor":25},{"not_picked":["Headbutt","Shockwave"],"picked":"Heavy Blade+1","floor":27},{"not_picked":["Reckless Charge","Flex"],"picked":"Rupture+1","floor":28},{"not_picked":["Bloodletting","Shrug It Off"],"picked":"Rupture+1","floor":29},{"not_picked":["Warcry","Thunderclap"],"picked":"Shrug It Off","floor":29},{"not_picked":["Rage+1","Pommel Strike"],"picked":"Armaments","floor":31},{"not_picked":["Combust+1","Evolve+1","Pommel Strike"],"picked":"SKIP","floor":31}],"player_experience":692174,"relics_obtained":[{"floor":5.0,"key":"Pen Nib"},{"floor":6.0,"key":"Potion Belt"},{"floor":12,"key":"Frozen Egg 2"},{"floor":23,"key":"Thread and Needle"},{"floor":26,"key":"Boot"},{"floor":28,"key":"Prayer Wheel"}],"event_choices":[{"damage_healed":0.0,"max_hp_gain":5.0,"max_hp_loss":0.0,"gold_gain":0.0,"event_name":"Big Fish","player_choice":"Donut","floor":2.0,"gold_loss":0.0,"damage_taken":0.0},{"damage_healed":0.0,"max_hp_gain":0.0,"max_hp_loss":0.0,"gold_gain":0.0,"cards_transformed":["Strike_R"],"event_name":"Living Wall","player_choice":"Change","floor":4.0,"gold_loss":0.0,"damage_taken":0.0,"cards_obtained":["Pommel Strike"]},{"damage_healed":0,"gold_gain":0,"player_choice":"CARD ","damage_taken":18,"max_hp_gain":0,"max_hp_loss":0,"event_name":"Knowing Skull","floor":20,"potions_obtained":[],"gold_loss":0,"cards_obtained":["Bandage Up"]},{"cards_removed":["Defend_R"],"damage_healed":0,"gold_gain":0,"player_choice":"Elegance","damage_taken":0,"max_hp_gain":0,"max_hp_loss":0,"event_name":"Back to Basics","floor":30,"gold_loss":0}],"is_beta":false,"boss_relics":[{"not_picked":["Runic Pyramid","Tiny House"],"picked":"Astrolabe"}],"items_purged_floors":[],"is_endless":false,"potions_floor_spawned":[3,6,11,12,16,18,23,25],"killed_by":"Collector","ascension_level":1}