{"path_per_floor":["M","?","?","M","?","E","?","R","T","R","M","E","M","M","R"],"character_chosen":"THE_SILENT","items_purchased":[],"gold_per_floor":[112,287,237,247,247,276,276,276,300,300,317,342,356,372,372,372],"floor_reached":16,"campfire_rested":3,"playtime":939,"current_hp_per_floor":[66,66,66,66,59,14,11,32,32,53,53,20,20,14,35,0],"items_purged":[],"gold":372,"score":127,"play_id":"bd4c7df9-de45-4550-99cc-c61e7bcefbd4","local_time":"20180428181635","is_prod":false,"is_daily":false,"chose_seed":false,"is_ascension_mode":true,"campfire_upgraded":0,"timestamp":1524906995,"path_taken":["M","?","?","M","?","E","?","R","T","R","M","E","M","M","R","BOSS"],"build_version":"2018-04-26","seed_source_timestamp":34885365465093,"purchased_purges":0,"victory":false,"master_deck":["Defend_G","Defend_G","Defend_G","Defend_G","Defend_G","Strike_G","Strike_G","Strike_G","Strike_G","Survivor","Neutralize","Unload","Prepared","Backstab","Escape Plan","Cloak And Dagger","Deflect","Footwork","Acrobatics"],"max_hp_per_floor":[70,70,70,70,70,70,70,70,70,70,70,70,70,70,70,70],"relics":["Ring of the Snake","Unceasing Top","Pantograph","Art of War","Du-Vu Doll"],"card_choices":[{"not_picked":["Flying Knee","Endless Agony"],"picked":"Prepared","floor":1},{"not_picked":["Bouncing Flask","PiercingWail"],"picked":"Backstab","floor":4},{"not_picked":["Predator","Die Die Die"],"picked":"Escape Plan","floor":6},{"not_picked":["Footwork","Slice"],"picked":"Cloak And Dagger","floor":11},{"not_picked":["Sucker Punch","Riddle With Holes"],"picked":"Deflect","floor":12},{"not_picked":["Dash","Quick Slash"],"picked":"Footwork","floor":13},{"not_picked":["Dash","Flying Knee"],"picked":"Acrobatics","floor":14}],"player_experience":90728,"potions_floor_usage":[],"damage_taken":[{"damage":4,"enemies":"Small Slimes","floor":1,"turns":4},{"damage":0,"enemies":"2 Louse","floor":4,"turns":2},{"damage":45,"enemies":"Lagavulin","floor":6,"turns":11},{"damage":0,"enemies":"Jaw Worm","floor":11,"turns":3},{"damage":33,"enemies":"Gremlin Nob","floor":12,"turns":5},{"damage":0,"enemies":"Looter","floor":13,"turns":3},{"damage":6,"enemies":"2 Fungi Beasts","floor":14,"turns":3},{"damage":72,"enemies":"Slime Boss","floor":16,"turns":13}],"event_choices":[{"event_name":"Liars Game","player_choice":"agreed","floor":2,"damage_taken":0},{"event_name":"The Cleric","player_choice":"Card Removal","floor":3,"damage_taken":0},{"event_name":"Golden Wing","player_choice":"Card Removal","floor":5,"damage_taken":0},{"event_name":"Scrap Ooze","player_choice":"success","floor":7,"damage_taken":3}],"boss_relics":[],"potions_floor_spawned":[11],"seed_played":"4998048063002375825","killed_by":"Slime Boss","ascension_level":3,"is_trial":false}