{"gold_per_floor":[414,589,192,207,207,207,237,237,237,252,252,282,32,32,32,132,132,147,147,147,162,192,192,192,192,192,192,34,34,34,49,49,149,149,164,190,205,33,48,48,78,78,78,108,108,33,48,48,48,48],"floor_reached":51,"playtime":3625,"items_purged":["Doubt","Pain","Strike_G"],"score":800,"play_id":"850681ee-b2aa-445e-a560-620376df8c5f","local_time":"20190123201638","daily_mods":["Heirloom","Flight","DeadlyEvents"],"is_ascension_mode":false,"campfire_choices":[{"data":"Footwork","floor":6.0,"key":"SMITH"},{"floor":8.0,"key":"REST"},{"floor":15.0,"key":"REST"},{"floor":23.0,"key":"REST"},{"floor":25.0,"key":"REST"},{"data":"Noxious Fumes","floor":27.0,"key":"SMITH"},{"data":"Adrenaline","floor":29.0,"key":"SMITH"},{"data":"RitualDagger","floor":30.0,"key":"SMITH"},{"data":"Blur","floor":32.0,"key":"SMITH"},{"floor":40,"key":"REST"},{"floor":42,"key":"REST"},{"floor":45,"key":"REST"},{"data":"Catalyst","floor":49,"key":"SMITH"}],"neow_cost":"","seed_source_timestamp":0,"circlet_count":0,"master_deck":["Defend_G","Defend_G","Defend_G","Defend_G","Defend_G","Strike_G","Strike_G","Strike_G","Survivor","Neutralize","Blur+1","Well Laid Plans","Footwork+1","Noxious Fumes+1","Backstab","After Image+1","Corpse Explosion","Caltrops+1","RitualDagger+1","Adrenaline+1","Envenom+1","Backflip","Blur","Acrobatics+1","Catalyst+1"],"special_seed":17918,"relics":["Ring of the Snake","Old Coin","Dodecahedron","Bottled Lightning","Frozen Egg 2","WarpedTongs","PreservedInsect","Regal Pillow","Ancient Tea Set","Lizard Tail","Nilry\u0027s Codex","Darkstone Periapt","Centennial Puzzle","Busted Crown","The Specimen","Boot","Ninja Scroll","Letter Opener"],"potions_floor_usage":[41,41],"damage_taken":[{"damage":0.0,"enemies":"Small Slimes","floor":1.0,"turns":4.0},{"damage":0.0,"enemies":"Jaw Worm","floor":4.0,"turns":4.0},{"damage":18.0,"enemies":"3 Sentries","floor":7.0,"turns":18.0},{"damage":0.0,"enemies":"2 Louse","floor":10.0,"turns":4.0},{"damage":15.0,"enemies":"Gremlin Nob","floor":12.0,"turns":6.0},{"damage":0.0,"enemies":"Hexaghost","floor":16.0,"turns":11.0},{"damage":26.0,"enemies":"2 Thieves","floor":18.0,"turns":4.0},{"damage":5.0,"enemies":"Spheric Guardian","floor":21.0,"turns":6.0},{"damage":24.0,"enemies":"Gremlin Leader","floor":22.0,"turns":8.0},{"damage":0.0,"enemies":"3 Cultists","floor":31.0,"turns":4.0},{"damage":32.0,"enemies":"Champ","floor":33.0,"turns":11.0},{"damage":0,"enemies":"Orb Walker","floor":35,"turns":4},{"damage":54,"enemies":"2 Orb Walkers","floor":36,"turns":5},{"damage":4,"enemies":"3 Shapes","floor":37,"turns":4},{"damage":9,"enemies":"Maw","floor":39,"turns":8},{"damage":31,"enemies":"Reptomancer","floor":41,"turns":5},{"damage":6,"enemies":"Nemesis","floor":44,"turns":5},{"damage":0,"enemies":"4 Shapes","floor":47,"turns":3},{"damage":2,"enemies":"Donu and Deca","floor":50,"turns":6}],"seed_played":"-6286355576629178474","potions_obtained":[{"floor":1.0,"key":"GhostInAJar"},{"floor":12.0,"key":"AttackPotion"},{"floor":16.0,"key":"AttackPotion"},{"floor":33.0,"key":"Ancient Potion"},{"floor":39,"key":"SpeedPotion"},{"floor":44,"key":"LiquidBronze"}],"is_trial":false,"path_per_floor":["M","?","$","M","?","R","E","R","T","M","?","E","$","T","R","B",null,"M","?","?","M","E","R","?","R","T","R","$","R","R","M","R","B",null,"M","?","M","$","M","R","E","R","T","E","R","$","M","$","R","B",null],"character_chosen":"THE_SILENT","items_purchased":["Blur","Dodecahedron","Regal Pillow","Adrenaline","Backflip","Catalyst"],"campfire_rested":7,"item_purchase_floors":[3,3,13,28,38,46],"current_hp_per_floor":[70,70,70,70,70,70,52,70,70,70,70,55,55,55,70,70,70,44,28,15,10,25,62,56,75,75,75,75,75,75,75,75,43,75,75,21,17,17,8,45,14,51,51,45,75,75,75,75,75,73],"gold":48,"neow_bonus":"","is_prod":false,"is_daily":true,"chose_seed":false,"campfire_upgraded":6,"win_rate":0,"timestamp":1548292598,"path_taken":["M","?","$","M","?","R","?","R","T","?","?","?","$","?","R","BOSS","M","?","?","?","?","R","?","R","T","R","$","R","R","M","R","BOSS","M","?","?","$","?","R","?","R","T","E","R","$","?","?","R","BOSS"],"build_version":"2019-01-23","purchased_purges":3,"victory":true,"max_hp_per_floor":[70,70,70,70,70,70,70,70,70,70,70,70,70,70,70,70,70,70,70,75,75,75,75,75,75,75,75,75,75,75,75,75,75,75,75,75,75,75,75,75,75,75,75,75,75,75,75,75,75,75],"card_choices":[{"not_picked":["Accuracy","Eviscerate","Distraction"],"picked":"SKIP","floor":1.0},{"not_picked":["Sucker Punch","All Out Attack"],"picked":"Well Laid Plans","floor":4.0},{"not_picked":["Dodge and Roll","Flying Knee"],"picked":"Noxious Fumes","floor":7.0},{"not_picked":["Prepared","Cloak And Dagger"],"picked":"Backstab","floor":10.0},{"not_picked":["Blade Dance","Flying Knee"],"picked":"After Image+1","floor":12.0},{"not_picked":["Grand Finale","Doppelganger"],"picked":"Corpse Explosion","floor":16.0},{"not_picked":["Heel Hook","Underhanded Strike","Blade Dance"],"picked":"SKIP","floor":18.0},{"not_picked":["Skewer","Quick Slash+1"],"picked":"Caltrops+1","floor":21.0},{"not_picked":["Blade Dance","Deadly Poison+1","Slice"],"picked":"SKIP","floor":22.0},{"not_picked":["Skewer","Accuracy+1","Flying Knee"],"picked":"SKIP","floor":31.0},{"not_picked":["Burst","Die Die Die"],"picked":"Envenom+1","floor":33.0},{"not_picked":["All Out Attack+1"],"picked":"SKIP","floor":35},{"not_picked":["Sucker Punch+1"],"picked":"SKIP","floor":37},{"not_picked":["Dagger Spray+1"],"picked":"SKIP","floor":39},{"not_picked":[],"picked":"Blur","floor":41},{"not_picked":[],"picked":"Acrobatics+1","floor":44},{"not_picked":["Sucker Punch"],"picked":"SKIP","floor":47}],"player_experience":824007,"relics_obtained":[{"floor":7.0,"key":"Bottled Lightning"},{"floor":9.0,"key":"Frozen Egg 2"},{"floor":12.0,"key":"PreservedInsect"},{"floor":14.0,"key":"Ancient Tea Set"},{"floor":19.0,"key":"Nilry\u0027s Codex"},{"floor":22.0,"key":"Darkstone Periapt"},{"floor":26.0,"key":"Centennial Puzzle"},{"floor":36,"key":"The Specimen"},{"floor":41,"key":"Boot"},{"floor":43,"key":"Ninja Scroll"},{"floor":44,"key":"Letter Opener"}],"event_choices":[{"damage_healed":0.0,"max_hp_gain":0.0,"max_hp_loss":0.0,"gold_gain":175.0,"event_name":"Liars Game","player_choice":"AGREE","floor":2.0,"gold_loss":0.0,"damage_taken":0.0,"cards_obtained":["Doubt"]},{"damage_healed":0.0,"max_hp_gain":0.0,"max_hp_loss":0.0,"gold_gain":0.0,"cards_transformed":["Strike_G"],"event_name":"Living Wall","player_choice":"Change","floor":5.0,"gold_loss":0.0,"damage_taken":0.0,"cards_obtained":["Footwork"]},{"damage_healed":0.0,"max_hp_gain":0.0,"max_hp_loss":0.0,"gold_gain":0.0,"event_name":"Accursed Blacksmith","player_choice":"Rummage","floor":11.0,"gold_loss":0.0,"damage_taken":0.0,"relics_obtained":["WarpedTongs"],"cards_obtained":["Pain"]},{"damage_healed":0.0,"max_hp_gain":0.0,"max_hp_loss":0.0,"gold_gain":0.0,"event_name":"Cursed Tome","player_choice":"Obtained Book","floor":19.0,"gold_loss":0.0,"damage_taken":16.0},{"damage_healed":0.0,"max_hp_gain":5.0,"max_hp_loss":0.0,"gold_gain":0.0,"event_name":"Forgotten Altar","player_choice":"Shed Blood","floor":20.0,"gold_loss":0.0,"damage_taken":18.0},{"damage_healed":0.0,"max_hp_gain":0.0,"max_hp_loss":0.0,"gold_gain":0.0,"event_name":"Nest","player_choice":"Joined the Cult","floor":24.0,"gold_loss":0.0,"damage_taken":6.0,"cards_obtained":["RitualDagger"]},{"damage_healed":0,"gold_gain":0,"player_choice":"Fight","damage_taken":0,"max_hp_gain":0,"max_hp_loss":0,"event_name":"Mysterious Sphere","floor":36,"gold_loss":0}],"is_beta":false,"boss_relics":[{"not_picked":["Calling Bell","White Beast Statue"],"picked":"Lizard Tail"},{"not_picked":["Runic Pyramid","Pandora\u0027s Box"],"picked":"Busted Crown"}],"items_purged_floors":[3,13,38],"is_endless":false,"potions_floor_spawned":[1,12,16,33,39,44],"ascension_level":0}