{"gold_per_floor":[117,117,131,131,131,131,159,159,159,176,190,190,207,217,217,315,315,334,334,334,350,350],"floor_reached":22,"playtime":2199,"items_purged":[],"score":195,"play_id":"54fdfcaa-b12e-47fb-92a8-9f893500d706","local_time":"20190106150249","is_ascension_mode":true,"campfire_choices":[{"floor":6,"key":"REST"},{"floor":8,"key":"REST"},{"data":"Sunder","floor":12,"key":"SMITH"},{"data":"Zap","floor":15,"key":"SMITH"}],"neow_cost":"CURSE","seed_source_timestamp":472503526665455,"circlet_count":0,"master_deck":["Strike_B","Defend_B","Defend_B","Defend_B","Defend_B","Zap+1","Dualcast+1","Normality","Sweeping Beam","Doom and Gloom","Chill+1","Sunder+1","BootSequence","Ball Lightning","Cold Snap","Thunder Strike","Electrodynamics","Conserve Battery","Aggregate+1"],"relics":["Cracked Core","Bottled Flame","Shuriken","Inserter"],"potions_floor_usage":[],"damage_taken":[{"damage":7,"enemies":"2 Louse","floor":1,"turns":3},{"damage":0,"enemies":"Cultist","floor":3,"turns":4},{"damage":40,"enemies":"Lagavulin","floor":7,"turns":7},{"damage":0,"enemies":"Jaw Worm","floor":10,"turns":2},{"damage":0,"enemies":"2 Fungi Beasts","floor":11,"turns":2},{"damage":1,"enemies":"Exordium Thugs","floor":13,"turns":2},{"damage":0,"enemies":"Large Slime","floor":14,"turns":3},{"damage":32,"enemies":"Hexaghost","floor":16,"turns":8},{"damage":6,"enemies":"2 Thieves","floor":18,"turns":4},{"damage":28,"enemies":"3 Byrds","floor":21,"turns":4},{"damage":31,"enemies":"Centurion and Healer","floor":22,"turns":6}],"seed_played":"-1366906016757827486","potions_obtained":[{"floor":1,"key":"FearPotion"},{"floor":2,"key":"PowerPotion"},{"floor":2,"key":"AttackPotion"},{"floor":16,"key":"EntropicBrew"}],"is_trial":false,"path_per_floor":["M","?","M","?","?","R","E","R","T","M","M","R","M","M","R","B",null,"M","?","?","M","M"],"character_chosen":"DEFECT","items_purchased":[],"campfire_rested":2,"item_purchase_floors":[],"current_hp_per_floor":[68,68,68,61,46,68,28,50,50,50,50,50,49,49,49,17,75,69,55,55,27,0],"gold":350,"neow_bonus":"TRANSFORM_TWO_CARDS","is_prod":false,"is_daily":false,"chose_seed":false,"campfire_upgraded":2,"win_rate":0,"timestamp":1546783369,"path_taken":["M","?","?","?","?","R","E","R","T","M","M","R","?","M","R","BOSS","M","?","?","?","M"],"build_version":"2019-01-03v4","purchased_purges":0,"victory":false,"max_hp_per_floor":[75,75,75,75,75,75,75,75,75,75,75,75,75,75,75,75,75,75,80,80,80,80],"card_choices":[{"not_picked":["Redo","Rebound"],"picked":"Chill","floor":1},{"not_picked":["Leap","Streamline"],"picked":"Sunder","floor":3},{"not_picked":["Go for the Eyes","Streamline"],"picked":"BootSequence","floor":7},{"not_picked":["Go for the Eyes","Compile Driver"],"picked":"Ball Lightning","floor":10},{"not_picked":["Gash","Skim"],"picked":"Cold Snap","floor":11},{"not_picked":["Stack","Leap","Lockon"],"picked":"SKIP","floor":13},{"not_picked":["Auto Shields","Stack"],"picked":"Thunder Strike","floor":14},{"not_picked":["Amplify","Buffer"],"picked":"Electrodynamics","floor":16},{"not_picked":["Ball Lightning","Force Field"],"picked":"Conserve Battery","floor":18},{"not_picked":["Go for the Eyes","Beam Cell"],"picked":"Aggregate+1","floor":21}],"player_experience":106365,"relics_obtained":[{"floor":7,"key":"Bottled Flame"},{"floor":9,"key":"Shuriken"}],"event_choices":[{"damage_healed":0,"gold_gain":0,"player_choice":"Got Potions","damage_taken":0,"max_hp_gain":0,"max_hp_loss":0,"event_name":"Lab","floor":2,"gold_loss":0},{"cards_removed":["Strike_B"],"damage_healed":0,"gold_gain":0,"player_choice":"Card Removal","damage_taken":7,"max_hp_gain":0,"max_hp_loss":0,"event_name":"Golden Wing","floor":4,"gold_loss":0},{"damage_healed":0,"gold_gain":0,"player_choice":"Entered Light","damage_taken":15,"max_hp_gain":0,"max_hp_loss":0,"event_name":"Shining Light","floor":5,"gold_loss":0,"cards_upgraded":["Chill","Dualcast"]},{"damage_healed":0,"gold_gain":0,"player_choice":"Shed Blood","damage_taken":19,"max_hp_gain":5,"max_hp_loss":0,"event_name":"Forgotten Altar","floor":19,"gold_loss":0},{"damage_healed":0,"gold_gain":0,"player_choice":"0 cards matched","damage_taken":0,"max_hp_gain":0,"max_hp_loss":0,"event_name":"Match and Keep!","floor":20,"gold_loss":0,"cards_obtained":[]}],"is_beta":false,"boss_relics":[{"not_picked":["Lizard Tail","Snecko Eye"],"picked":"Inserter"}],"items_purged_floors":[],"is_endless":false,"potions_floor_spawned":[1,7,14,16,21],"killed_by":"Centurion and Healer","ascension_level":1}