{"gold_per_floor":[115,145,220,237,187,187,63,79,157,172,172,187,187,204,204,306,306,320,335,254,254,270,270,270,290,290,290,310,310,310,84,84,186,186,205,205,217,138,138,138,148,148,148,148,161,206,225,235,235,235],"floor_reached":50,"playtime":1733,"items_purged":["Defend_B"],"score":546,"play_id":"89ce2a68-83c1-4d41-b082-3563b66f0e04","local_time":"20180914145636","is_ascension_mode":true,"campfire_choices":[{"data":"Zap","floor":6,"key":"SMITH"},{"data":"Go for the Eyes","floor":11,"key":"SMITH"},{"data":"Creative AI","floor":13,"key":"SMITH"},{"data":"Leap","floor":15,"key":"SMITH"},{"data":"Dualcast","floor":23,"key":"SMITH"},{"data":"Heatsinks","floor":29,"key":"SMITH"},{"data":"Storm","floor":32,"key":"SMITH"},{"data":"Defragment","floor":40,"key":"SMITH"},{"data":"Panacea","floor":42,"key":"SMITH"},{"data":"Storm","floor":44,"key":"SMITH"},{"data":"Steam","floor":49,"key":"SMITH"}],"neow_cost":"PERCENT_DAMAGE","seed_source_timestamp":63473562771461,"circlet_count":0,"master_deck":["Defend_B","Defend_B","Defend_B","Zap+1","Dualcast+1","White Noise","Go for the Eyes+1","Coolheaded","Steam+1","Leap+1","Creative AI+1","Storm+1","Machine Learning","Chaos+1","Ball Lightning","Capacitor","Heatsinks+1","Heatsinks","Storm+1","Echo Form","Chaos+1","Redo","Beam Cell","Defragment+1","Panacea+1","Coolheaded+1","Leap+1","Coolheaded","Hello World","Static Discharge"],"relics":["Cracked Core","Tiny Chest","Mercury Hourglass","Coffee Dripper","Vajra","Ancient Tea Set","Bag of Preparation","Gremlin Horn","Blood Vial","Inserter","Emotion Chip","Symbiotic Virus","Calipers"],"potions_floor_usage":[41,47,50],"damage_taken":[{"damage":0,"enemies":"2 Louse","floor":1,"turns":3},{"damage":1,"enemies":"Cultist","floor":4,"turns":4},{"damage":0,"enemies":"Jaw Worm","floor":8,"turns":3},{"damage":0,"enemies":"Large Slime","floor":10,"turns":3},{"damage":0,"enemies":"Exordium Thugs","floor":12,"turns":4},{"damage":0,"enemies":"2 Fungi Beasts","floor":14,"turns":4},{"damage":24,"enemies":"Hexaghost","floor":16,"turns":6},{"damage":16,"enemies":"3 Byrds","floor":18,"turns":3},{"damage":7,"enemies":"Spheric Guardian","floor":19,"turns":4},{"damage":21,"enemies":"Centurion and Healer","floor":22,"turns":6},{"damage":6,"enemies":"Snake Plant","floor":25,"turns":3},{"damage":0,"enemies":"3 Cultists","floor":28,"turns":2},{"damage":24,"enemies":"Champ","floor":33,"turns":9},{"damage":10,"enemies":"Orb Walker","floor":35,"turns":2},{"damage":0,"enemies":"Mind Bloom Boss Battle","floor":36,"turns":4},{"damage":3,"enemies":"3 Shapes","floor":37,"turns":3},{"damage":19,"enemies":"Sphere and 2 Shapes","floor":41,"turns":3},{"damage":19,"enemies":"4 Shapes","floor":45,"turns":3},{"damage":15,"enemies":"Mysterious Sphere","floor":46,"turns":3},{"damage":10,"enemies":"Maw","floor":47,"turns":5},{"damage":15,"enemies":"3 Darklings","floor":48,"turns":3},{"damage":46,"enemies":"Time Eater","floor":50,"turns":4}],"seed_played":"4437663363204678880","potions_obtained":[{"floor":4,"key":"Explosive Potion"},{"floor":12,"key":"Block Potion"},{"floor":16,"key":"Ancient Potion"},{"floor":22,"key":"Fire Potion"},{"floor":48,"key":"SteroidPotion"}],"is_trial":false,"path_per_floor":["M","?","?","M","?","R","$","M","T","M","R","M","R","M","R","B",null,"M","M","?","T","M","R","?","M","T","?","M","R","T","$","R","B",null,"M","?","M","$","?","R","M","R","T","R","M","?","M","M","R"],"character_chosen":"DEFECT","items_purchased":["Coolheaded","Storm","Blood Vial","Defragment"],"campfire_rested":0,"item_purchase_floors":[7,31,31,38],"current_hp_per_floor":[54,42,31,30,30,30,30,30,30,30,30,30,30,30,30,6,75,59,52,52,52,31,31,31,25,25,50,50,50,50,50,50,35,75,65,67,66,66,66,66,49,49,49,49,39,26,18,5,5,0],"gold":235,"neow_bonus":"REMOVE_TWO","is_prod":false,"is_daily":false,"chose_seed":false,"campfire_upgraded":11,"win_rate":0,"timestamp":1536904596,"path_taken":["M","?","?","?","?","R","$","M","T","M","R","M","R","M","R","BOSS","M","?","?","?","M","R","?","?","T","?","M","R","?","$","R","BOSS","M","?","M","$","?","R","M","R","T","R","M","?","?","M","R","BOSS"],"build_version":"2018-09-12","purchased_purges":1,"victory":false,"max_hp_per_floor":[75,75,75,75,75,75,75,75,75,75,75,75,75,75,75,75,75,75,75,75,75,75,75,75,75,75,75,75,75,75,75,75,75,75,75,75,75,75,75,75,75,75,75,75,75,75,75,75,75,75],"card_choices":[{"not_picked":["Compile Driver","Recycle"],"picked":"White Noise","floor":1},{"not_picked":["Sweeping Beam","Undo"],"picked":"Go for the Eyes","floor":4},{"not_picked":["Reinforced Body","Steam Power"],"picked":"Steam","floor":8},{"not_picked":["Sweeping Beam","Compile Driver"],"picked":"Leap","floor":10},{"not_picked":["Rebound","Storm"],"picked":"Creative AI","floor":12},{"not_picked":["Scrape","Lockon"],"picked":"Storm","floor":14},{"not_picked":["Rainbow","Multi-Cast"],"picked":"Machine Learning","floor":16},{"not_picked":["Turbo","Gash"],"picked":"Chaos+1","floor":18},{"not_picked":["Beam Cell","Lockon"],"picked":"Ball Lightning","floor":19},{"not_picked":["FTL","Doom and Gloom"],"picked":"Capacitor","floor":22},{"not_picked":["Scrape","Barrage"],"picked":"Heatsinks","floor":25},{"not_picked":["Undo","Ball Lightning"],"picked":"Heatsinks","floor":28},{"not_picked":["Amplify","Multi-Cast"],"picked":"Echo Form","floor":33},{"not_picked":["Compile Driver","Cold Snap"],"picked":"Chaos+1","floor":35},{"not_picked":["Tempest+1","Cold Snap+1"],"picked":"Redo","floor":36},{"not_picked":["Ball Lightning","Blizzard+1"],"picked":"Beam Cell","floor":37},{"not_picked":["Sadistic Nature","Trip"],"picked":"Panacea","floor":39},{"not_picked":["Gash+1","Reprogram+1"],"picked":"Coolheaded+1","floor":41},{"not_picked":["Sweeping Beam+1","Barrage"],"picked":"Leap+1","floor":45},{"not_picked":["Double Energy","Go for the Eyes"],"picked":"Coolheaded","floor":46},{"not_picked":["Doom and Gloom","Gash+1"],"picked":"Hello World","floor":47},{"not_picked":["Beam Cell+1","Ball Lightning"],"picked":"Static Discharge","floor":48}],"player_experience":420165,"relics_obtained":[{"floor":9,"key":"Mercury Hourglass"},{"floor":21,"key":"Ancient Tea Set"},{"floor":26,"key":"Bag of Preparation"},{"floor":30,"key":"Gremlin Horn"},{"floor":36,"key":"Emotion Chip"},{"floor":43,"key":"Symbiotic Virus"},{"floor":46,"key":"Calipers"}],"event_choices":[{"event_name":"Scrap Ooze","player_choice":"success","floor":2,"damage_taken":12},{"event_name":"World of Goop","player_choice":"Gather Gold","floor":3,"damage_taken":0},{"event_name":"The Cleric","player_choice":"Card Removal","floor":5,"damage_taken":0},{"event_name":"WeMeetAgain","player_choice":"Gold","floor":20,"damage_taken":0},{"event_name":"Back to Basics","player_choice":"Elegance","floor":24,"damage_taken":0},{"event_name":"The Library","player_choice":"Heal","floor":27,"damage_taken":0},{"event_name":"MindBloom","player_choice":"Fight","floor":36,"damage_taken":0},{"event_name":"SensoryStone","player_choice":"Memory 1","floor":39,"damage_taken":0},{"event_name":"Mysterious Sphere","player_choice":"Fight","floor":46,"damage_taken":0}],"is_beta":true,"boss_relics":[{"not_picked":["Nuclear Battery","Runic Pyramid"],"picked":"Coffee Dripper"},{"not_picked":["Empty Cage","Orrery"],"picked":"Inserter"}],"items_purged_floors":[7],"is_endless":false,"potions_floor_spawned":[4,12,16,22,28,36,37,48],"killed_by":"Time Eater","ascension_level":4}