{"gold_per_floor":[114,129,129,129,54,54,84,99,124,139,39,1,1,16,16,116,116,86,101,101],"floor_reached":20,"playtime":1324,"items_purged":["Strike_R","Strike_R"],"score":199,"play_id":"3ab21134-134c-4788-b8ed-3da32848adc1","local_time":"20181023011134","daily_mods":["Specialized","Time Dilation","Night Terrors"],"is_ascension_mode":false,"campfire_choices":[{"data":"Flex","floor":6,"key":"SMITH"},{"data":"Disarm","floor":13,"key":"SMITH"},{"floor":15,"key":"REST"}],"neow_cost":"","seed_source_timestamp":0,"circlet_count":0,"master_deck":["Strike_R","Strike_R","Defend_R","Defend_R","Defend_R","Bash","Fiend Fire","Fiend Fire","Fiend Fire","Fiend Fire","Fiend Fire","Flex+1","Iron Wave","Warcry","Shrug It Off","Disarm+1","Thunderclap","Burning Pact","Armaments","Barricade","Evolve","Twin Strike"],"special_seed":17827,"relics":["Burning Blood","PreservedInsect","Lantern","Mark of Pain"],"potions_floor_usage":[14,16,19],"damage_taken":[{"damage":8,"enemies":"Jaw Worm","floor":1,"turns":3},{"damage":3,"enemies":"2 Louse","floor":2,"turns":3},{"damage":31,"enemies":"Gremlin Nob","floor":7,"turns":5},{"damage":0,"enemies":"Small Slimes","floor":8,"turns":3},{"damage":0,"enemies":"2 Fungi Beasts","floor":10,"turns":2},{"damage":3,"enemies":"Large Slime","floor":14,"turns":3},{"damage":41,"enemies":"Hexaghost","floor":16,"turns":15},{"damage":50,"enemies":"2 Thieves","floor":18,"turns":5},{"damage":22,"enemies":"Spheric Guardian","floor":19,"turns":15},{"damage":15,"enemies":"Centurion and Healer","floor":20,"turns":1}],"seed_played":"6411126748383649417","potions_obtained":[{"floor":1,"key":"Dexterity Potion"},{"floor":7,"key":"Fire Potion"},{"floor":10,"key":"SpeedPotion"},{"floor":19,"key":"SpeedPotion"}],"is_trial":false,"path_per_floor":["M","M","?","?","$","R","E","M","T","M","$","$","R","M","R","B",null,"M","M"],"character_chosen":"IRONCLAD","items_purchased":["Burning Pact"],"campfire_rested":1,"item_purchase_floors":[12],"current_hp_per_floor":[78,80,80,73,73,73,48,54,54,60,60,60,60,63,75,40,75,31,15,0],"gold":101,"neow_bonus":"","is_prod":false,"is_daily":true,"chose_seed":false,"campfire_upgraded":2,"win_rate":0,"timestamp":1540271494,"path_taken":["M","M","?","?","$","R","E","?","T","M","?","$","R","M","R","BOSS","M","M","M"],"build_version":"2018-10-18","purchased_purges":2,"victory":false,"max_hp_per_floor":[80,80,80,80,80,80,80,80,80,80,80,80,80,80,75,75,75,75,75,75],"card_choices":[{"not_picked":["Flame Barrier","Armaments"],"picked":"Flex","floor":1},{"not_picked":["Rupture","Body Slam"],"picked":"Iron Wave","floor":2},{"not_picked":["Metallicize","Pummel"],"picked":"Shrug It Off","floor":7},{"not_picked":["Thunderclap","Entrench"],"picked":"Disarm","floor":8},{"not_picked":["Second Wind","Wild Strike"],"picked":"Thunderclap","floor":10},{"not_picked":["Clash","True Grit"],"picked":"Armaments","floor":14},{"not_picked":["Brutality","Feed"],"picked":"Barricade","floor":16},{"not_picked":["Uppercut+1","Clothesline"],"picked":"Evolve","floor":18},{"not_picked":["Clash","Flex"],"picked":"Twin Strike","floor":19}],"player_experience":371582,"relics_obtained":[{"floor":7,"key":"PreservedInsect"},{"floor":9,"key":"Lantern"}],"event_choices":[{"damage_healed":0,"gold_gain":0,"cards_transformed":["Strike_R"],"player_choice":"Change","damage_taken":0,"max_hp_gain":0,"max_hp_loss":0,"event_name":"Living Wall","floor":3,"gold_loss":0,"cards_obtained":["Warcry"]},{"cards_removed":["Defend_R"],"damage_healed":0,"gold_gain":0,"player_choice":"Card Removal","damage_taken":7,"max_hp_gain":0,"max_hp_loss":0,"event_name":"Golden Wing","floor":4,"gold_loss":0}],"is_beta":false,"boss_relics":[{"not_picked":["Tiny House","Sozu"],"picked":"Mark of Pain"}],"items_purged_floors":[5,11],"is_endless":false,"potions_floor_spawned":[1,7,10,19],"killed_by":"Centurion and Healer","ascension_level":0}