{"gold_per_floor":[115,132,132,151,166,166,200,225,237,249,261,287,299,322,334,425,437,467,496,72,87,87,87,100,100,100,100,120,120,136,152,152,227,227,240,258,258,271,271,296,10,10,81,96,43,43,56,73,73,73,73],"floor_reached":51,"playtime":3065,"items_purged":["Strike_G"],"score":1345,"play_id":"cf17db48-ced8-4f78-b19d-fe1235acb6a2","local_time":"20181128003933","is_ascension_mode":true,"campfire_choices":[{"data":"Neutralize","floor":6,"key":"SMITH"},{"floor":10,"key":"REST"},{"floor":15,"key":"REST"},{"floor":23,"key":"REST"},{"data":"Footwork","floor":25,"key":"SMITH"},{"floor":29,"key":"REST"},{"floor":32,"key":"REST"},{"floor":42,"key":"REST"},{"floor":49,"key":"REST"}],"neow_cost":"NONE","seed_source_timestamp":412514185028200,"circlet_count":0,"master_deck":["AscendersBane","Defend_G","Defend_G","Defend_G","Defend_G","Defend_G","Survivor","Neutralize+1","Dagger Throw","Deadly Poison","After Image","Flying Knee","Cloak And Dagger","Cloak And Dagger+1","Dodge and Roll","Terror","Corpse Explosion","Deadly Poison+1","Distraction+1","Crippling Poison+1","Infinite Blades","Footwork+1","Cloak And Dagger","Backflip","Noxious Fumes","Blur","Blur","After Image","PiercingWail","Malaise","Catalyst+1","Expertise+1","Dodge and Roll","Catalyst+1","Dodge and Roll+1","PiercingWail","Backflip"],"relics":["WristBlade","MawBank","Snake Skull","Astrolabe","Mummified Hand","Pear","Lizard Tail","Art of War","DollysMirror","Dodecahedron"],"potions_floor_usage":[8,16,21,24,36,36,38,48],"damage_taken":[{"damage":1,"enemies":"Small Slimes","floor":1,"turns":5},{"damage":4,"enemies":"Cultist","floor":2,"turns":4},{"damage":0,"enemies":"Jaw Worm","floor":4,"turns":6},{"damage":14,"enemies":"3 Louse","floor":5,"turns":4},{"damage":13,"enemies":"Lagavulin","floor":7,"turns":7},{"damage":19,"enemies":"Exordium Thugs","floor":8,"turns":5},{"damage":1,"enemies":"Looter","floor":12,"turns":3},{"damage":10,"enemies":"Exordium Wildlife","floor":14,"turns":4},{"damage":22,"enemies":"Slime Boss","floor":16,"turns":9},{"damage":10,"enemies":"Spheric Guardian","floor":18,"turns":6},{"damage":2,"enemies":"Chosen","floor":19,"turns":4},{"damage":20,"enemies":"Shelled Parasite and Fungi","floor":21,"turns":5},{"damage":9,"enemies":"Centurion and Healer","floor":24,"turns":5},{"damage":4,"enemies":"3 Cultists","floor":28,"turns":6},{"damage":28,"enemies":"Snecko","floor":30,"turns":5},{"damage":1,"enemies":"Centurion and Healer","floor":31,"turns":5},{"damage":10,"enemies":"Collector","floor":33,"turns":11},{"damage":18,"enemies":"Orb Walker","floor":35,"turns":4},{"damage":14,"enemies":"3 Darklings","floor":36,"turns":4},{"damage":36,"enemies":"Spire Growth","floor":38,"turns":6},{"damage":29,"enemies":"Nemesis","floor":40,"turns":13},{"damage":45,"enemies":"Jaw Worm Horde","floor":44,"turns":3},{"damage":0,"enemies":"Maw","floor":47,"turns":6},{"damage":2,"enemies":"Transient","floor":48,"turns":6},{"damage":83,"enemies":"Awakened One","floor":50,"turns":17},{"damage":5,"enemies":"Donu and Deca","floor":51,"turns":1}],"seed_played":"-177889642495755477","potions_obtained":[{"floor":4,"key":"Ancient Potion"},{"floor":7,"key":"Weak Potion"},{"floor":12,"key":"EssenceOfSteel"},{"floor":16,"key":"Weak Potion"},{"floor":21,"key":"Regen Potion"},{"floor":28,"key":"FairyPotion"},{"floor":31,"key":"Block Potion"},{"floor":33,"key":"SkillPotion"},{"floor":36,"key":"Fruit Juice"}],"is_trial":false,"path_per_floor":["M","M","?","M","M","R","E","M","T","R","?","M","?","M","R","B",null,"M","M","$","M","?","R","M","R","T","?","M","R","M","M","R","B",null,"M","M","?","M","?","E","$","R","T","M","$","?","M","M","R","B","B"],"character_chosen":"THE_SILENT","items_purchased":["Mummified Hand","Cloak And Dagger","Backflip","Noxious Fumes","DollysMirror","SkillPotion"],"campfire_rested":7,"item_purchase_floors":[20,20,20,20,41,45],"current_hp_per_floor":[58,54,54,54,40,40,27,8,8,27,16,15,15,5,24,2,50,40,38,38,18,18,37,43,43,53,31,27,51,23,22,46,36,70,52,43,43,7,71,42,42,63,63,18,18,18,18,16,37,3,0],"gold":73,"neow_bonus":"BOSS_RELIC","is_prod":false,"is_daily":false,"chose_seed":false,"campfire_upgraded":2,"win_rate":0,"timestamp":1543383573,"path_taken":["M","M","?","?","M","R","E","M","T","R","?","M","?","M","R","BOSS","M","M","$","M","?","R","M","R","T","?","M","R","M","M","R","BOSS","M","M","?","M","?","E","$","R","T","M","?","?","?","M","R","BOSS","BOSS"],"build_version":"2018-11-15","purchased_purges":1,"victory":false,"max_hp_per_floor":[66,66,66,66,66,66,66,66,66,66,66,66,66,66,66,66,66,66,66,66,66,66,66,66,66,76,81,81,81,81,81,81,81,81,81,86,86,86,71,71,71,71,71,71,71,71,71,71,71,71,71],"card_choices":[{"not_picked":["Deflect","Terror"],"picked":"Dagger Throw","floor":1},{"not_picked":["Backflip","Dodge and Roll"],"picked":"Deadly Poison","floor":2},{"not_picked":["Concentrate","Deadly Poison"],"picked":"Flying Knee","floor":4},{"not_picked":["Underhanded Strike","Prepared"],"picked":"Poisoned Stab","floor":5},{"not_picked":["Calculated Gamble","Poisoned Stab"],"picked":"Cloak And Dagger","floor":7},{"not_picked":["Dagger Throw","Caltrops"],"picked":"Cloak And Dagger","floor":8},{"not_picked":["Flying Knee","Expertise"],"picked":"Dodge and Roll","floor":12},{"not_picked":["Bane","PiercingWail"],"picked":"Terror","floor":14},{"not_picked":["Storm of Steel","Doppelganger"],"picked":"Corpse Explosion","floor":16},{"not_picked":["Accuracy","Dagger Throw"],"picked":"Infinite Blades","floor":18},{"not_picked":["All Out Attack","Poisoned Stab"],"picked":"Footwork","floor":19},{"not_picked":["Dagger Spray","Poisoned Stab"],"picked":"Blur","floor":21},{"not_picked":["Underhanded Strike+1","Bane"],"picked":"Blur","floor":24},{"not_picked":["Heel Hook","Calculated Gamble"],"picked":"After Image","floor":28},{"not_picked":["Slice","Dagger Spray","Endless Agony"],"picked":"SKIP","floor":30},{"not_picked":["Accuracy","Deflect"],"picked":"PiercingWail","floor":31},{"not_picked":["After Image","Burst"],"picked":"Malaise","floor":33},{"not_picked":["Acrobatics","Setup+1"],"picked":"Catalyst+1","floor":35},{"not_picked":["Heel Hook","Slice"],"picked":"Expertise+1","floor":36},{"not_picked":["Dagger Throw","Blade Dance"],"picked":"Dodge and Roll","floor":38},{"not_picked":["Dodge and Roll","Underhanded Strike+1","Dagger Spray"],"picked":"SKIP","floor":40},{"not_picked":["Acrobatics","Prepared"],"picked":"Dodge and Roll+1","floor":44},{"not_picked":["PiercingWail","Bane","Slice"],"picked":"SKIP","floor":47},{"not_picked":["Bane","Slice"],"picked":"PiercingWail","floor":47},{"not_picked":["Predator","Deadly Poison+1"],"picked":"Backflip","floor":48}],"player_experience":1698892,"relics_obtained":[{"floor":7,"key":"MawBank"},{"floor":9,"key":"Snake Skull"},{"floor":26,"key":"Pear"},{"floor":40,"key":"Art of War"},{"floor":43,"key":"Dodecahedron"}],"event_choices":[{"damage_healed":0,"gold_gain":0,"cards_transformed":["Strike_G"],"player_choice":"Transformed","damage_taken":0,"max_hp_gain":0,"max_hp_loss":0,"event_name":"Transmorgrifier","floor":3,"gold_loss":0,"cards_obtained":["After Image"]},{"damage_healed":0,"gold_gain":0,"player_choice":"Fled","damage_taken":11,"max_hp_gain":0,"max_hp_loss":0,"event_name":"Scrap Ooze","floor":11,"gold_loss":0},{"damage_healed":0,"gold_gain":0,"player_choice":"Upgraded","damage_taken":0,"max_hp_gain":0,"max_hp_loss":0,"event_name":"Upgrade Shrine","floor":13,"gold_loss":0,"cards_upgraded":["Cloak And Dagger"]},{"damage_healed":0,"gold_gain":0,"player_choice":"Ignored","damage_taken":0,"max_hp_gain":0,"max_hp_loss":0,"event_name":"Cursed Tome","floor":22,"gold_loss":0},{"damage_healed":0,"gold_gain":0,"player_choice":"Shed Blood","damage_taken":27,"max_hp_gain":5,"max_hp_loss":0,"event_name":"Forgotten Altar","floor":27,"gold_loss":0},{"damage_healed":0,"gold_gain":0,"player_choice":"Ignored","damage_taken":0,"max_hp_gain":0,"max_hp_loss":0,"event_name":"Mysterious Sphere","floor":37,"gold_loss":0},{"damage_healed":71,"gold_gain":0,"player_choice":"Heal","damage_taken":0,"max_hp_gain":0,"max_hp_loss":15,"event_name":"The Moai Head","floor":39,"gold_loss":0},{"cards_removed":["Poisoned Stab"],"damage_healed":0,"gold_gain":0,"player_choice":"Removed Attack","damage_taken":0,"max_hp_gain":0,"max_hp_loss":0,"event_name":"Falling","floor":46,"gold_loss":0}],"is_beta":true,"boss_relics":[{"not_picked":["Empty Cage","White Beast Statue"],"picked":"Astrolabe"},{"not_picked":["Runic Dome","Pandora\u0027s Box"],"picked":"Lizard Tail"}],"items_purged_floors":[41],"is_endless":false,"potions_floor_spawned":[4,7,12,16,21,28,31,33,35,36],"killed_by":"Donu and Deca","ascension_level":20}