{"gold_per_floor":[112,128,143,69,83,115,135,151,197,197,297,297,307,323,323,418,418,433,383,399,414,414,414,324,324,350,369,385,385],"floor_reached":29,"playtime":1654,"items_purged":["Strike_R"],"score":254,"play_id":"11c7e5ff-fd44-4c04-9efe-add94a096b3e","local_time":"20190126143358","is_ascension_mode":true,"campfire_choices":[{"floor":10.0,"key":"REST"},{"data":"Corruption","floor":12.0,"key":"SMITH"},{"floor":15.0,"key":"REST"},{"data":"Demon Form","floor":23.0,"key":"SMITH"},{"data":"Seeing Red","floor":25.0,"key":"SMITH"}],"neow_cost":"NONE","seed_source_timestamp":2069063269446040,"circlet_count":0,"master_deck":["Strike_R","Strike_R","Strike_R","Defend_R","Defend_R","Defend_R","Defend_R","Bash","True Grit","Inflame","Seeing Red+1","Fiend Fire","Shrug It Off","Corruption+1","Demon Form+1","Armaments","Reaper+1","Sentinel","Exhume"],"special_seed":0,"relics":["Burning Blood","Smiling Mask","Blood Vial","Snecko Eye"],"potions_floor_usage":[29,29],"damage_taken":[{"damage":2.0,"enemies":"Jaw Worm","floor":1.0,"turns":3.0},{"damage":1.0,"enemies":"Cultist","floor":2.0,"turns":3.0},{"damage":1.0,"enemies":"2 Louse","floor":3.0,"turns":4.0},{"damage":29.0,"enemies":"Lots of Slimes","floor":5.0,"turns":6.0},{"damage":47.0,"enemies":"3 Sentries","floor":6.0,"turns":16.0},{"damage":22.0,"enemies":"3 Louse","floor":7.0,"turns":6.0},{"damage":1.0,"enemies":"Exordium Thugs","floor":8.0,"turns":4.0},{"damage":23.0,"enemies":"Gremlin Gang","floor":13.0,"turns":5.0},{"damage":11.0,"enemies":"2 Fungi Beasts","floor":14.0,"turns":5.0},{"damage":26.0,"enemies":"Hexaghost","floor":16.0,"turns":7.0},{"damage":29.0,"enemies":"Shell Parasite","floor":18.0,"turns":7.0},{"damage":14.0,"enemies":"2 Thieves","floor":20.0,"turns":3.0},{"damage":15.0,"enemies":"Sentry and Sphere","floor":21.0,"turns":4.0},{"damage":15.0,"enemies":"Centurion and Healer","floor":27.0,"turns":5.0},{"damage":54,"enemies":"Shelled Parasite and Fungi","floor":28,"turns":6},{"damage":67,"enemies":"Slavers","floor":29,"turns":3}],"seed_played":"3920388795348404983","potions_obtained":[{"floor":2.0,"key":"Energy Potion"},{"floor":3.0,"key":"Swift Potion"},{"floor":5.0,"key":"AttackPotion"},{"floor":8.0,"key":"Fire Potion"},{"floor":14.0,"key":"Strength Potion"},{"floor":18.0,"key":"AttackPotion"},{"floor":28,"key":"Fire Potion"}],"is_trial":false,"path_per_floor":["M","M","M","$","M","E","M","M","T","R","?","R","M","M","R","B",null,"M","$","M","M","?","R","?","R","T","M","M","E"],"character_chosen":"IRONCLAD","items_purchased":["Fiend Fire"],"campfire_rested":2,"item_purchase_floors":[4],"current_hp_per_floor":[88,88,88,88,65,24,8,13,13,39,39,39,24,21,47,29,88,65,65,75,81,64,64,64,64,64,84,49,0],"gold":385,"neow_bonus":"TEN_PERCENT_HP_BONUS","is_prod":false,"is_daily":false,"chose_seed":false,"campfire_upgraded":3,"win_rate":0,"timestamp":1548509638,"path_taken":["M","M","M","$","M","E","M","M","T","R","?","R","?","M","R","BOSS","M","$","?","?","?","R","?","R","T","?","M","E"],"build_version":"2019-01-23","purchased_purges":1,"victory":false,"max_hp_per_floor":[88,88,88,88,88,88,88,88,88,88,88,88,88,88,88,88,88,88,88,88,88,93,93,93,93,93,93,93,93],"card_choices":[{"not_picked":["Warcry","Twin Strike"],"picked":"True Grit","floor":1.0},{"not_picked":["Heavy Blade","Dropkick"],"picked":"Inflame","floor":2.0},{"not_picked":["Dropkick","Thunderclap"],"picked":"Seeing Red","floor":3.0},{"not_picked":["Anger","Cleave"],"picked":"Shrug It Off","floor":5.0},{"not_picked":["Flame Barrier","Cleave"],"picked":"Corruption","floor":6.0},{"not_picked":["Shrug It Off","Dropkick"],"picked":"Demon Form","floor":7.0},{"not_picked":["Pommel Strike","Bloodletting","Reckless Charge"],"picked":"SKIP","floor":8.0},{"not_picked":["Searing Blow","Perfected Strike","Twin Strike"],"picked":"SKIP","floor":13.0},{"not_picked":["Headbutt","Uppercut"],"picked":"Armaments","floor":14.0},{"not_picked":["Demon Form","Immolate"],"picked":"Reaper","floor":16.0},{"not_picked":["Headbutt","Intimidate"],"picked":"Sentinel","floor":18.0},{"not_picked":["Body Slam","Intimidate","Flex"],"picked":"SKIP","floor":20.0},{"not_picked":["Body Slam","Twin Strike+1","Clash"],"picked":"SKIP","floor":21.0},{"not_picked":["Clothesline","Armaments","Fire Breathing"],"picked":"SKIP","floor":27.0},{"not_picked":["Hemokinesis","Sword Boomerang"],"picked":"Exhume","floor":28}],"player_experience":247897,"relics_obtained":[{"floor":6.0,"key":"Smiling Mask"},{"floor":9.0,"key":"Blood Vial"}],"event_choices":[{"damage_healed":0.0,"max_hp_gain":0.0,"max_hp_loss":0.0,"gold_gain":100.0,"event_name":"Golden Shrine","player_choice":"Pray","floor":11.0,"gold_loss":0.0,"damage_taken":0.0},{"damage_healed":0.0,"max_hp_gain":5.0,"max_hp_loss":0.0,"gold_gain":0.0,"event_name":"Forgotten Altar","player_choice":"Shed Blood","floor":22.0,"gold_loss":0.0,"damage_taken":22.0},{"cards_removed":["Strike_R"],"damage_healed":0.0,"max_hp_gain":0.0,"max_hp_loss":0.0,"gold_gain":0.0,"event_name":"Designer","player_choice":"Upgrade and Remove","floor":24.0,"gold_loss":90.0,"damage_taken":0.0,"cards_upgraded":["Reaper"]}],"is_beta":false,"boss_relics":[{"not_picked":["Eternal Feather","Runic Cube"],"picked":"Snecko Eye"}],"items_purged_floors":[19],"is_endless":false,"potions_floor_spawned":[2,3,5,7,8,14,18,28],"killed_by":"Slavers","ascension_level":2}