{"gold_per_floor":[109,126,201,211,226,226,21,21,103,103,253,52,85,147,147,224,224,234,124,134,84,95,95,95,95,95,114,114,114,131,142,142,214,214,227,227,40,60,77,102,102,128,140,172,184,215,243,280,292,304,316],"floor_reached":52,"playtime":2889,"items_purged":["Doubt","Strike_G+1"],"score":1959,"play_id":"741ea4a1-b865-4f23-ae86-9d1188051820","local_time":"20181105014332","is_ascension_mode":true,"campfire_choices":[{"data":"Noxious Fumes","floor":6,"key":"SMITH"},{"data":"Bouncing Flask","floor":8,"key":"SMITH"},{"floor":15,"key":"REST"},{"floor":23,"key":"REST"},{"floor":25,"key":"REST"},{"data":"Footwork","floor":28,"key":"SMITH"},{"floor":32,"key":"REST"},{"data":"Noxious Fumes","floor":41,"key":"SMITH"},{"data":"Noxious Fumes","floor":45,"key":"SMITH"},{"floor":49,"key":"REST"}],"neow_cost":"NONE","seed_source_timestamp":285485162751000,"circlet_count":0,"master_deck":["AscendersBane","Defend_G+1","Defend_G+1","Defend_G+1","Defend_G+1","Defend_G+1","Strike_G+1","Strike_G+1","Strike_G+1","Survivor","Neutralize","Noxious Fumes+1","Noxious Fumes+1","Underhanded Strike","Bouncing Flask+1","Noxious Fumes+1","Skewer","Footwork+1","Bouncing Flask+1","Bullet Time+1","Backflip+1","Backflip+1","Predator","Corpse Explosion+1","Acrobatics+1","Adrenaline+1","Catalyst+1","Blur+1","Backflip+1","Catalyst+1","Adrenaline+1","Backflip+1"],"relics":["Snecko Eye","Snake Skull","Bottled Tornado","Art of War","Toxic Egg 2","White Beast Statue","MutagenicStrength","Darkstone Periapt","Cursed Key","Bottled Lightning","MawBank","The Courier"],"potions_floor_usage":[13,14,20,20,22,33,39,40,46,47,50,51],"damage_taken":[{"damage":4,"enemies":"Small Slimes","floor":1,"turns":5},{"damage":2,"enemies":"Jaw Worm","floor":2,"turns":5},{"damage":1,"enemies":"Cultist","floor":4,"turns":4},{"damage":2,"enemies":"2 Fungi Beasts","floor":5,"turns":4},{"damage":9,"enemies":"Gremlin Nob","floor":13,"turns":3},{"damage":0,"enemies":"Lagavulin Event","floor":14,"turns":5},{"damage":16,"enemies":"Hexaghost","floor":16,"turns":7},{"damage":0,"enemies":"Spheric Guardian","floor":18,"turns":3},{"damage":14,"enemies":"2 Thieves","floor":20,"turns":4},{"damage":32,"enemies":"Cultist and Chosen","floor":22,"turns":5},{"damage":8,"enemies":"Centurion and Healer","floor":27,"turns":5},{"damage":2,"enemies":"Snecko","floor":30,"turns":4},{"damage":0,"enemies":"Sentry and Sphere","floor":31,"turns":2},{"damage":8,"enemies":"Automaton","floor":33,"turns":6},{"damage":0,"enemies":"3 Darklings","floor":35,"turns":2},{"damage":4,"enemies":"3 Shapes","floor":38,"turns":4},{"damage":0,"enemies":"Transient","floor":39,"turns":6},{"damage":0,"enemies":"Nemesis","floor":40,"turns":3},{"damage":2,"enemies":"Giant Head","floor":42,"turns":4},{"damage":0,"enemies":"Sphere and 2 Shapes","floor":44,"turns":3},{"damage":0,"enemies":"3 Darklings","floor":46,"turns":2},{"damage":2,"enemies":"Writhing Mass","floor":47,"turns":3},{"damage":12,"enemies":"Nemesis","floor":48,"turns":5},{"damage":10,"enemies":"Time Eater","floor":50,"turns":4},{"damage":30,"enemies":"Donu and Deca","floor":51,"turns":4}],"seed_played":"-1471826355315456398","potions_obtained":[{"floor":1,"key":"FearPotion"},{"floor":5,"key":"SpeedPotion"},{"floor":13,"key":"Weak Potion"},{"floor":16,"key":"SkillPotion"},{"floor":20,"key":"SteroidPotion"},{"floor":22,"key":"Block Potion"},{"floor":27,"key":"FairyPotion"},{"floor":31,"key":"Strength Potion"},{"floor":33,"key":"Explosive Potion"},{"floor":35,"key":"GhostInAJar"},{"floor":38,"key":"GhostInAJar"},{"floor":39,"key":"Regen Potion"},{"floor":40,"key":"Explosive Potion"},{"floor":42,"key":"Poison Potion"},{"floor":46,"key":"Poison Potion"},{"floor":47,"key":"Poison Potion"}],"is_trial":false,"path_per_floor":["M","M","?","M","M","R","$","R","T","?","?","$","E","?","R","B",null,"M","?","M","$","M","R","?","R","T","M","R","?","M","M","R","B",null,"M","?","$","M","M","E","R","E","T","M","R","M","M","E","R","B","B",null],"character_chosen":"THE_SILENT","items_purchased":["Snake Skull","Noxious Fumes","GhostInAJar","Skewer","Backflip+1","Blur+1"],"campfire_rested":5,"item_purchase_floors":[7,7,12,12,21,37],"current_hp_per_floor":[55,53,42,41,39,39,39,39,39,19,19,19,10,10,29,13,53,53,53,39,39,7,26,26,45,45,37,37,37,35,35,54,46,61,61,61,61,57,57,66,66,64,64,64,64,64,62,50,66,56,26],"gold":328,"neow_bonus":"BOSS_RELIC","is_prod":false,"is_daily":false,"chose_seed":true,"campfire_upgraded":5,"win_rate":0,"timestamp":1541400212,"path_taken":["M","M","?","M","M","R","$","R","T","?","?","$","E","?","R","BOSS","M","?","M","$","?","R","?","R","T","M","R","?","M","M","R","BOSS","M","?","$","M","M","E","R","E","T","M","R","M","M","E","R","BOSS","BOSS"],"build_version":"2018-11-01","purchased_purges":2,"victory":true,"max_hp_per_floor":[66,66,66,66,66,66,66,66,66,66,66,66,66,66,66,66,66,66,66,66,66,66,66,66,66,66,66,66,66,66,66,66,66,66,66,66,66,66,66,66,66,66,66,66,66,66,66,66,66,66,66],"card_choices":[{"not_picked":["Slice","Dagger Throw"],"picked":"Noxious Fumes","floor":1},{"not_picked":["Poisoned Stab","PiercingWail"],"picked":"Noxious Fumes","floor":2},{"not_picked":["Dagger Throw","Flying Knee"],"picked":"Underhanded Strike","floor":4},{"not_picked":["Outmaneuver","Deadly Poison"],"picked":"Bouncing Flask","floor":5},{"not_picked":["Backstab","Outmaneuver"],"picked":"Footwork","floor":13},{"not_picked":["Deadly Poison","Poisoned Stab"],"picked":"Bouncing Flask","floor":14},{"not_picked":["Phantasmal Killer+1","Doppelganger+1"],"picked":"Bullet Time+1","floor":16},{"not_picked":["Underhanded Strike","Setup+1","Bane+1"],"picked":"SKIP","floor":18},{"not_picked":["Infinite Blades","Crippling Poison+1"],"picked":"Backflip+1","floor":20},{"not_picked":["Poisoned Stab","Bane","Bouncing Flask+1"],"picked":"SKIP","floor":22},{"not_picked":["Dagger Throw","Riddle With Holes"],"picked":"Predator","floor":27},{"not_picked":["Dagger Throw","Blade Dance+1"],"picked":"Corpse Explosion+1","floor":30},{"not_picked":["Deflect+1","Slice"],"picked":"Acrobatics+1","floor":31},{"not_picked":["Wraith Form v2","After Image"],"picked":"Adrenaline+1","floor":33},{"not_picked":["Cloak And Dagger+1","Sucker Punch+1"],"picked":"Catalyst+1","floor":35},{"not_picked":["Poisoned Stab","PiercingWail+1"],"picked":"Backflip+1","floor":38},{"not_picked":["Finisher","Well Laid Plans","Slice+1"],"picked":"SKIP","floor":39},{"not_picked":["After Image","Dagger Throw"],"picked":"Catalyst+1","floor":40},{"not_picked":["Accuracy","Flying Knee+1","Quick Slash"],"picked":"SKIP","floor":42},{"not_picked":["Bane+1","Well Laid Plans+1"],"picked":"Adrenaline+1","floor":44},{"not_picked":["Dagger Spray+1","Slice+1","Escape Plan+1"],"picked":"SKIP","floor":46},{"not_picked":["Well Laid Plans","Tactician+1","Cloak And Dagger+1"],"picked":"SKIP","floor":47},{"not_picked":["Acrobatics+1","Die Die Die"],"picked":"Backflip+1","floor":48}],"player_experience":1636493,"relics_obtained":[{"floor":9,"key":"Bottled Tornado"},{"floor":13,"key":"Art of War"},{"floor":14,"key":"Toxic Egg 2"},{"floor":26,"key":"Darkstone Periapt"},{"floor":40,"key":"Bottled Lightning"},{"floor":42,"key":"MawBank"},{"floor":48,"key":"The Courier"}],"event_choices":[{"damage_healed":0,"gold_gain":75,"player_choice":"Gather Gold","damage_taken":11,"max_hp_gain":0,"max_hp_loss":0,"event_name":"World of Goop","floor":3,"gold_loss":0},{"damage_healed":0,"gold_gain":0,"player_choice":"Entered Light","damage_taken":20,"max_hp_gain":0,"max_hp_loss":0,"event_name":"Shining Light","floor":10,"gold_loss":0,"cards_upgraded":["Defend_G","Strike_G"]},{"damage_healed":0,"gold_gain":150,"player_choice":"AGREE","damage_taken":0,"max_hp_gain":0,"max_hp_loss":0,"event_name":"Liars Game","floor":11,"gold_loss":0,"cards_obtained":["Doubt"]},{"damage_healed":0,"gold_gain":0,"player_choice":"Searched \u00271\u0027 times","damage_taken":0,"max_hp_gain":0,"max_hp_loss":0,"event_name":"Dead Adventurer","floor":14,"gold_loss":0},{"cards_removed":["Strike_G"],"damage_healed":0,"gold_gain":0,"player_choice":"Upgrade and Remove","damage_taken":0,"max_hp_gain":0,"max_hp_loss":0,"event_name":"Designer","floor":19,"gold_loss":110,"cards_upgraded":["Strike_G"]},{"damage_healed":0,"gold_gain":0,"player_choice":"Inject Mutagens","damage_taken":0,"relics_obtained":["MutagenicStrength"],"max_hp_gain":0,"max_hp_loss":0,"event_name":"Drug Dealer","floor":24,"gold_loss":0},{"damage_healed":0,"gold_gain":0,"player_choice":"Simplicity","damage_taken":0,"max_hp_gain":0,"max_hp_loss":0,"event_name":"Back to Basics","floor":29,"gold_loss":0,"cards_upgraded":["Defend_G","Defend_G","Defend_G","Defend_G","Strike_G","Strike_G"]},{"damage_healed":0,"gold_gain":0,"player_choice":"Ignored","damage_taken":0,"max_hp_gain":0,"max_hp_loss":0,"event_name":"Tomb of Lord Red Mask","floor":36,"gold_loss":0}],"is_beta":true,"boss_relics":[{"not_picked":["Runic Pyramid","Eternal Feather"],"picked":"White Beast Statue"},{"not_picked":["Calling Bell","Tiny House"],"picked":"Cursed Key"}],"items_purged_floors":[12,37],"is_endless":false,"potions_floor_spawned":[1,5,13,16,18,20,22,27,30,31,33,35,38,39,40,42,44,46,47,48],"ascension_level":20}