{"gold_per_floor":[214,214,7,44,76,130,149,186,213,213,252,252,288,84,84,84],"floor_reached":16,"playtime":840,"items_purged":[],"score":208,"play_id":"459a198f-e207-4c02-9eed-75ae73f7c147","local_time":"20190209184606","is_ascension_mode":true,"campfire_choices":[{"floor":10,"key":"REST"},{"data":"Armaments","floor":12,"key":"SMITH"},{"data":"Bash","floor":15,"key":"SMITH"}],"neow_cost":"NONE","seed_source_timestamp":33144164550000,"circlet_count":0,"master_deck":["AscendersBane","Strike_R","Strike_R","Strike_R","Strike_R","Strike_R","Defend_R","Defend_R","Defend_R","Defend_R","Bash+1","Perfected Strike","HandOfGreed","Armaments+1","Pommel Strike","Offering","Shrug It Off","Ghostly Armor","Master of Strategy"],"relics":["Burning Blood","Bag of Marbles","Oddly Smooth Stone"],"potions_floor_usage":[6,7,8],"damage_taken":[{"damage":9,"enemies":"2 Louse","floor":1,"turns":3},{"damage":19,"enemies":"Jaw Worm","floor":4,"turns":4},{"damage":2,"enemies":"Cultist","floor":5,"turns":5},{"damage":50,"enemies":"3 Sentries","floor":6,"turns":10},{"damage":6,"enemies":"Blue Slaver","floor":7,"turns":4},{"damage":2,"enemies":"2 Fungi Beasts","floor":8,"turns":4},{"damage":10,"enemies":"Gremlin Gang","floor":11,"turns":7},{"damage":6,"enemies":"Looter","floor":13,"turns":1},{"damage":34,"enemies":"Slime Boss","floor":16,"turns":6}],"seed_played":"-1290787813232266354","potions_obtained":[{"floor":4,"key":"GamblersBrew"},{"floor":6,"key":"SkillPotion"},{"floor":7,"key":"SpeedPotion"}],"is_trial":false,"path_per_floor":["M","?","$","M","M","E","M","M","T","R","M","R","M","$","R","B"],"character_chosen":"IRONCLAD","items_purchased":["HandOfGreed","Armaments","Master of Strategy"],"campfire_rested":1,"item_purchase_floors":[3,3,14],"current_hp_per_floor":[65,65,65,52,56,12,12,16,16,38,34,34,34,34,34,0],"gold":84,"neow_bonus":"HUNDRED_GOLD","is_prod":false,"is_daily":false,"chose_seed":false,"campfire_upgraded":2,"win_rate":0,"timestamp":1549734366,"path_taken":["M","?","$","M","M","E","M","M","T","R","M","R","M","$","R","BOSS"],"build_version":"2019-01-23","purchased_purges":0,"victory":false,"max_hp_per_floor":[75,75,75,75,75,75,75,75,75,75,75,75,75,75,75,75],"card_choices":[{"not_picked":["Iron Wave","True Grit"],"picked":"Perfected Strike","floor":1},{"not_picked":["Flex","Cleave","Carnage"],"picked":"SKIP","floor":4},{"not_picked":["Entrench","Iron Wave"],"picked":"Pommel Strike","floor":5},{"not_picked":["Shockwave","Blood for Blood"],"picked":"Offering","floor":6},{"not_picked":["Sever Soul","Cleave","Entrench"],"picked":"SKIP","floor":7},{"not_picked":["Rampage","Wild Strike"],"picked":"Shrug It Off","floor":8},{"not_picked":["Pummel","Iron Wave"],"picked":"Ghostly Armor","floor":11},{"not_picked":["Sword Boomerang","Reckless Charge","Twin Strike"],"picked":"SKIP","floor":13}],"player_experience":651568,"relics_obtained":[{"floor":6,"key":"Bag of Marbles"},{"floor":9,"key":"Oddly Smooth Stone"}],"event_choices":[{"damage_healed":0,"gold_gain":0,"player_choice":"Leave","damage_taken":0,"max_hp_gain":0,"max_hp_loss":0,"event_name":"The Cleric","floor":2,"gold_loss":0}],"is_beta":false,"boss_relics":[],"items_purged_floors":[],"is_endless":false,"potions_floor_spawned":[4,6,7],"killed_by":"Slime Boss","ascension_level":20}