{"gold_per_floor":[111,111,125,13,13,13,43,43,43,58,75,75,101,117,117,218,218,198,198,208,227,261,261,261,275,298,298,298,310,326,339,339,442,442,461,381,381,395,395,395,409,423,477,477,477,497,719,719],"floor_reached":48,"playtime":2429,"items_purged":["Shame","Strike_B"],"score":451,"play_id":"7a5f396c-6b74-4718-ba30-ec43964e1439","local_time":"20180831172139","is_ascension_mode":false,"campfire_choices":[{"data":"Zap","floor":6,"key":"SMITH"},{"data":"Self Repair","floor":8,"key":"SMITH"},{"data":"Lockon","floor":15,"key":"SMITH"},{"floor":23,"key":"REST"},{"data":"Static Discharge","floor":28,"key":"SMITH"},{"data":"Echo Form","floor":32,"key":"SMITH"},{"data":"Barrage","floor":40,"key":"SMITH"},{"data":"Creative AI","floor":44,"key":"SMITH"}],"neow_cost":"CURSE","seed_source_timestamp":73652375223334,"circlet_count":0,"master_deck":["Strike_B","Strike_B","Defend_B","Defend_B","Defend_B","Defend_B","Zap+1","Dualcast","Conserve Battery","Cold Snap","Self Repair+1","Lockon","Lockon+1","Barrage+1","Machine Learning","Steam","Coolheaded+1","Coolheaded","Ball Lightning","Echo Form+1","Static Discharge+1","Gash","Echo Form","Creative AI+1","Steam+1","Double Energy","Bandage Up","Go for the Eyes","Conserve Battery","Chill+1"],"relics":["Cracked Core","Girya","Potion Belt","Tiny Chest","Ginger","Omamori","Nuclear Battery","Regal Pillow","Red Mask","The Courier","Dream Catcher","Sozu","Boot"],"potions_floor_usage":[45],"damage_taken":[{"damage":3,"enemies":"Cultist","floor":1,"turns":3},{"damage":0,"enemies":"2 Louse","floor":3,"turns":2},{"damage":11,"enemies":"Small Slimes","floor":10,"turns":3},{"damage":5,"enemies":"Looter","floor":11,"turns":3},{"damage":2,"enemies":"Exordium Thugs","floor":14,"turns":4},{"damage":52,"enemies":"The Guardian","floor":16,"turns":11},{"damage":30,"enemies":"2 Thieves","floor":18,"turns":4},{"damage":27,"enemies":"3 Byrds","floor":20,"turns":6},{"damage":12,"enemies":"Cultist and Chosen","floor":21,"turns":7},{"damage":18,"enemies":"Masked Bandits","floor":22,"turns":7},{"damage":6,"enemies":"Snecko","floor":25,"turns":5},{"damage":24,"enemies":"Centurion and Healer","floor":29,"turns":8},{"damage":10,"enemies":"Snake Plant","floor":30,"turns":3},{"damage":13,"enemies":"Snecko","floor":31,"turns":5},{"damage":52,"enemies":"Champ","floor":33,"turns":10},{"damage":6,"enemies":"3 Shapes","floor":35,"turns":5},{"damage":18,"enemies":"3 Darklings","floor":38,"turns":4},{"damage":15,"enemies":"Spire Growth","floor":41,"turns":4},{"damage":38,"enemies":"Maw","floor":42,"turns":7},{"damage":0,"enemies":"4 Shapes","floor":45,"turns":1},{"damage":8,"enemies":"3 Darklings","floor":46,"turns":6},{"damage":65,"enemies":"Jaw Worm Horde","floor":48,"turns":5}],"seed_played":"2607687752739408844","potions_obtained":[{"floor":1,"key":"Poison Potion"},{"floor":2,"key":"SmokeBomb"},{"floor":2,"key":"FairyPotion"},{"floor":10,"key":"Weak Potion"},{"floor":20,"key":"GamblersBrew"},{"floor":33,"key":"EssenceOfSteel"}],"is_trial":false,"path_per_floor":["M","?","M","$","?","R","?","R","T","M","M","?","T","M","R","B",null,"M","?","M","M","?","R","T","M","T","?","R","M","M","M","R","B",null,"M","$","?","M","?","R","M","M","T","R","M","M","?"],"character_chosen":"DEFECT","items_purchased":["Self Repair"],"campfire_rested":1,"item_purchase_floors":[4],"current_hp_per_floor":[72,72,72,72,65,65,65,65,65,64,59,52,52,60,60,18,75,55,55,38,36,28,65,65,59,59,59,59,45,45,42,42,17,75,75,75,75,75,75,75,75,50,50,50,50,56,56,0],"gold":719,"neow_bonus":"ONE_RARE_RELIC","is_prod":false,"is_daily":false,"chose_seed":false,"campfire_upgraded":7,"win_rate":0,"timestamp":1535703699,"path_taken":["M","?","M","$","?","R","?","R","T","M","M","?","?","M","R","BOSS","M","?","?","M","?","R","?","M","T","?","R","?","M","M","R","BOSS","M","$","?","M","?","R","?","M","T","R","M","M","?","M"],"build_version":"2018-08-30","purchased_purges":2,"victory":false,"max_hp_per_floor":[75,75,75,75,75,75,75,75,75,75,75,75,75,75,75,75,75,75,75,75,75,75,75,75,75,75,75,75,75,75,75,75,75,75,75,75,75,75,75,75,75,75,75,75,75,75,75,75],"card_choices":[{"not_picked":["Cold Snap","Double Energy"],"picked":"Conserve Battery","floor":1},{"not_picked":["Stack","Reinforced Body"],"picked":"Cold Snap","floor":3},{"not_picked":["Coolheaded","Reprogram"],"picked":"Lockon","floor":10},{"not_picked":["Genetic Algorithm","Compile Driver"],"picked":"Lockon","floor":11},{"not_picked":["Go for the Eyes","Undo"],"picked":"Barrage","floor":14},{"not_picked":["Seek","Biased Cognition"],"picked":"Machine Learning","floor":16},{"not_picked":["Genetic Algorithm","Cold Snap"],"picked":"Steam","floor":18},{"not_picked":["Barrage+1","Turbo+1"],"picked":"Coolheaded+1","floor":20},{"not_picked":["Redo","Compile Driver"],"picked":"Coolheaded","floor":21},{"not_picked":["Beam Cell","Hello World+1"],"picked":"Ball Lightning","floor":22},{"not_picked":["Force Field","Barrage"],"picked":"Echo Form","floor":25},{"not_picked":["Conserve Battery","Steam+1"],"picked":"Gash","floor":29},{"not_picked":["Rebound","Double Energy"],"picked":"Conserve Battery","floor":30},{"not_picked":["Static Discharge","Capacitor"],"picked":"Echo Form","floor":31},{"not_picked":["Core Surge","Machine Learning"],"picked":"Creative AI","floor":33},{"not_picked":["Rebound","Leap+1"],"picked":"Steam+1","floor":35},{"not_picked":["Cold Snap","Consume"],"picked":"Double Energy","floor":38},{"not_picked":["Dark Shackles","Secret Weapon"],"picked":"Bandage Up","floor":39},{"not_picked":["Steam","Sweeping Beam"],"picked":"Go for the Eyes","floor":41},{"not_picked":["Hologram","Melter"],"picked":"Conserve Battery","floor":42},{"not_picked":["Skim","Go for the Eyes+1"],"picked":"Chill+1","floor":46}],"player_experience":376759,"relics_obtained":[{"floor":9,"key":"Ginger"},{"floor":13,"key":"Omamori"},{"floor":22,"key":"Red Mask"},{"floor":24,"key":"The Courier"},{"floor":26,"key":"Dream Catcher"},{"floor":43,"key":"Boot"}],"event_choices":[{"event_name":"The Lab","player_choice":"Got Potions","floor":2,"damage_taken":0},{"event_name":"Scrap Ooze","player_choice":"success","floor":5,"damage_taken":7},{"event_name":"Big Fish","player_choice":"Box","floor":7,"damage_taken":0},{"event_name":"Golden Wing","player_choice":"Card Removal","floor":12,"damage_taken":0},{"event_name":"The Mausoleum","player_choice":"Yes","floor":19,"damage_taken":0},{"event_name":"Masked Bandits","player_choice":"Fought Bandits","floor":22,"damage_taken":0},{"event_name":"Transmorgrifier","player_choice":"Transform","floor":27,"damage_taken":0},{"event_name":"Falling","player_choice":"Removed Skill","floor":37,"damage_taken":0},{"event_name":"SensoryStone","player_choice":"Memory 1","floor":39,"damage_taken":0},{"event_name":"Tomb of Lord Red Mask","player_choice":"Wore Mask","floor":47,"damage_taken":0}],"is_beta":true,"boss_relics":[{"not_picked":["White Beast Statue","Busted Crown"],"picked":"Nuclear Battery"},{"not_picked":["Coffee Dripper","Runic Pyramid"],"picked":"Sozu"}],"items_purged_floors":[4,36],"is_endless":false,"potions_floor_spawned":[1,3,10,20,21,22,33,38,42,46],"killed_by":"Jaw Worm Horde","ascension_level":0}