{"gold_per_floor":[118,136,84,84,84,115,115,140,140,105,1,36,52,71,71,197,197,218,145,158,83,102,102,138,150,233,1,1,19,19,19,19,19],"floor_reached":33,"playtime":1504,"items_purged":["Strike_R"],"score":288,"play_id":"f7c28c38-737d-48af-9136-bf32eea6ad0f","local_time":"20190205170305","is_ascension_mode":false,"campfire_choices":[{"data":"Armaments","floor":7,"key":"SMITH"},{"data":"Shockwave","floor":15,"key":"SMITH"},{"data":"Uppercut","floor":23,"key":"SMITH"},{"floor":25,"key":"REST"},{"data":"Battle Trance","floor":32,"key":"SMITH"}],"neow_cost":"NONE","seed_source_timestamp":463369768061213,"circlet_count":0,"master_deck":["Strike_R","Strike_R","Strike_R","Strike_R","Defend_R","Defend_R","Defend_R","Defend_R","Bash","Wild Strike","Anger","Clothesline","Armaments+1","Shrug It Off","Shockwave+1","Battle Trance+1","Infernal Blade","Uppercut+1","Evolve+1","Reaper","Inflame+1","Shame"],"relics":["Burning Blood","Orichalcum","Golden Idol","Ornamental Fan","Darkstone Periapt","Odd Mushroom","White Beast Statue","MawBank","Frozen Egg 2","Lee\u0027s Waffle","Calipers"],"potions_floor_usage":[6,12,24,24,29,29],"damage_taken":[{"damage":8,"enemies":"2 Louse","floor":1,"turns":2},{"damage":5,"enemies":"Jaw Worm","floor":2,"turns":2},{"damage":15,"enemies":"3 Sentries","floor":6,"turns":7},{"damage":4,"enemies":"Small Slimes","floor":8,"turns":3},{"damage":11,"enemies":"The Mushroom Lair","floor":12,"turns":5},{"damage":2,"enemies":"Blue Slaver","floor":13,"turns":4},{"damage":0,"enemies":"2 Fungi Beasts","floor":14,"turns":4},{"damage":41,"enemies":"The Guardian","floor":16,"turns":14},{"damage":0,"enemies":"Chosen","floor":18,"turns":5},{"damage":12,"enemies":"Shell Parasite","floor":20,"turns":8},{"damage":21,"enemies":"3 Cultists","floor":22,"turns":6},{"damage":50,"enemies":"Gremlin Leader","floor":24,"turns":8},{"damage":22,"enemies":"Sentry and Sphere","floor":29,"turns":7},{"damage":93,"enemies":"Champ","floor":33,"turns":12}],"seed_played":"9000679505203733156","potions_obtained":[{"floor":2,"key":"Strength Potion"},{"floor":16,"key":"SteroidPotion"},{"floor":18,"key":"SpeedPotion"},{"floor":20,"key":"SkillPotion"},{"floor":22,"key":"LiquidBronze"},{"floor":24,"key":"Explosive Potion"},{"floor":29,"key":"Fruit Juice"}],"is_trial":false,"path_per_floor":["M","M","$","?","?","E","R","M","T","?","$","?","M","M","R","B",null,"M","$","M","$","M","R","E","R","T","$","?","M","?","?","R","B"],"character_chosen":"IRONCLAD","items_purchased":["Clothesline","Shrug It Off","SkillPotion","Uppercut","Lee\u0027s Waffle","Evolve+1"],"campfire_rested":1,"item_purchase_floors":[3,11,11,19,27,27],"current_hp_per_floor":[78,79,79,59,64,55,55,57,57,78,78,73,77,83,83,48,85,85,85,79,79,64,64,20,45,45,92,92,81,81,87,87,0],"gold":19,"neow_bonus":"RANDOM_COMMON_RELIC","is_prod":false,"is_daily":false,"chose_seed":false,"campfire_upgraded":4,"win_rate":0,"timestamp":1549404185,"path_taken":["M","M","$","?","?","E","R","M","T","?","$","?","?","M","R","BOSS","M","$","M","$","M","R","E","R","T","$","?","M","?","?","R","BOSS"],"build_version":"2019-01-23","purchased_purges":1,"victory":false,"max_hp_per_floor":[80,80,80,80,85,85,85,85,85,85,85,85,85,85,85,85,85,85,85,85,85,85,85,85,85,85,92,92,97,97,103,103,103],"card_choices":[{"not_picked":["True Grit","Heavy Blade"],"picked":"Wild Strike","floor":1},{"not_picked":["Perfected Strike","Headbutt"],"picked":"Anger","floor":2},{"not_picked":["Fire Breathing","Dropkick"],"picked":"Armaments","floor":6},{"not_picked":["Sword Boomerang","Perfected Strike","Cleave"],"picked":"SKIP","floor":8},{"not_picked":["Iron Wave","Rupture"],"picked":"Shockwave","floor":12},{"not_picked":["Bloodletting","Pommel Strike"],"picked":"Battle Trance","floor":13},{"not_picked":["Thunderclap","Immolate","Metallicize"],"picked":"SKIP","floor":14},{"not_picked":["Clothesline","Armaments"],"picked":"Infernal Blade","floor":18},{"not_picked":["Dropkick","Flex","Cleave"],"picked":"SKIP","floor":20},{"not_picked":["Twin Strike+1","Perfected Strike","Flex+1"],"picked":"SKIP","floor":22},{"not_picked":["Intimidate","Perfected Strike","Sentinel"],"picked":"SKIP","floor":24},{"not_picked":["Cleave","Iron Wave"],"picked":"Reaper","floor":29}],"player_experience":168432,"relics_obtained":[{"floor":6,"key":"Ornamental Fan"},{"floor":9,"key":"Darkstone Periapt"},{"floor":12,"key":"Odd Mushroom"},{"floor":24,"key":"MawBank"},{"floor":26,"key":"Frozen Egg 2"}],"event_choices":[{"damage_healed":0,"gold_gain":0,"player_choice":"Take Damage","damage_taken":20,"relics_obtained":["Golden Idol"],"max_hp_gain":0,"max_hp_loss":0,"event_name":"Golden Idol","floor":4,"gold_loss":0},{"damage_healed":0,"gold_gain":0,"player_choice":"Donut","damage_taken":0,"max_hp_gain":5,"max_hp_loss":0,"event_name":"Big Fish","floor":5,"gold_loss":0},{"damage_healed":21,"gold_gain":0,"player_choice":"Healed","damage_taken":0,"max_hp_gain":0,"max_hp_loss":0,"event_name":"The Cleric","floor":10,"gold_loss":35},{"damage_healed":0,"gold_gain":0,"player_choice":"Fought Mushrooms","damage_taken":0,"max_hp_gain":0,"max_hp_loss":0,"event_name":"Mushrooms","floor":12,"gold_loss":0},{"damage_healed":0,"gold_gain":0,"player_choice":"Ignored","damage_taken":0,"max_hp_gain":0,"max_hp_loss":0,"event_name":"Ghosts","floor":28,"gold_loss":0},{"damage_healed":0,"gold_gain":0,"player_choice":"Read","damage_taken":0,"max_hp_gain":0,"max_hp_loss":0,"event_name":"The Library","floor":30,"gold_loss":0,"cards_obtained":["Inflame"]},{"damage_healed":0,"gold_gain":0,"player_choice":"Stole Relic","damage_taken":0,"relics_obtained":["Calipers"],"max_hp_gain":0,"max_hp_loss":0,"event_name":"Addict","floor":31,"gold_loss":0,"cards_obtained":["Shame"]}],"is_beta":false,"boss_relics":[{"not_picked":["Philosopher\u0027s Stone","Velvet Choker"],"picked":"White Beast Statue"}],"items_purged_floors":[21],"is_endless":false,"potions_floor_spawned":[2,16,18,20,22,24,29],"killed_by":"Champ","ascension_level":0}