{"gold_per_floor":[116,31,42,42,42,42,55,55,55,72,72,83,94,121,121,200,200,214,264,275,325,3,3,30,42,42,42,42],"floor_reached":28,"playtime":1810,"items_purged":[],"score":526,"play_id":"71d59a79-297e-416f-8f98-3bbe7271f73c","local_time":"20181104215225","is_ascension_mode":true,"campfire_choices":[{"data":"Flechettes","floor":6,"key":"SMITH"},{"data":"Bouncing Flask","floor":8,"key":"SMITH"},{"data":"Noxious Fumes","floor":11,"key":"SMITH"},{"data":"Catalyst","floor":15,"key":"SMITH"},{"floor":23,"key":"REST"},{"floor":27,"key":"REST"}],"neow_cost":"NONE","seed_source_timestamp":273386378232400,"circlet_count":0,"master_deck":["AscendersBane","Defend_G+1","Defend_G","Defend_G","Defend_G","Defend_G","Strike_G","Strike_G","Strike_G","Survivor","Neutralize","Leg Sweep+1","Flechettes+1","Footwork","Bouncing Flask+1","Noxious Fumes+1","Catalyst+1","Sucker Punch","Die Die Die","Backstab","Expertise+1","Deflect"],"relics":["Empty Cage","Darkstone Periapt","Pen Nib","Incense Burner","Sozu","The Specimen","PreservedInsect","Matryoshka"],"potions_floor_usage":[10,10,16,20],"damage_taken":[{"damage":5,"enemies":"2 Louse","floor":1,"turns":5},{"damage":2,"enemies":"Small Slimes","floor":3,"turns":7},{"damage":0,"enemies":"Cultist","floor":7,"turns":5},{"damage":19,"enemies":"Gremlin Gang","floor":10,"turns":11},{"damage":13,"enemies":"Large Slime","floor":12,"turns":8},{"damage":6,"enemies":"Red Slaver","floor":13,"turns":5},{"damage":2,"enemies":"Lagavulin","floor":14,"turns":5},{"damage":7,"enemies":"The Guardian","floor":16,"turns":8},{"damage":17,"enemies":"Shell Parasite","floor":18,"turns":6},{"damage":0,"enemies":"2 Thieves","floor":20,"turns":3},{"damage":49,"enemies":"Gremlin Leader","floor":24,"turns":6},{"damage":0,"enemies":"Centurion and Healer","floor":25,"turns":7},{"damage":43,"enemies":"Chosen and Byrds","floor":28,"turns":5}],"seed_played":"5080835546014259791","potions_obtained":[{"floor":1,"key":"Regen Potion"},{"floor":7,"key":"Regen Potion"},{"floor":10,"key":"Fire Potion"},{"floor":14,"key":"Fire Potion"}],"is_trial":false,"path_per_floor":["M","$","M","?","?","R","M","R","T","M","R","M","M","E","R","B",null,"M","?","M","?","$","R","E","M","T","R","M"],"character_chosen":"THE_SILENT","items_purchased":["Flechettes","The Specimen"],"campfire_rested":2,"item_purchase_floors":[2,22],"current_hp_per_floor":[54,54,52,34,14,14,14,14,14,50,50,37,31,29,29,22,55,38,38,38,38,38,57,8,8,8,27,0],"gold":42,"neow_bonus":"BOSS_RELIC","is_prod":false,"is_daily":false,"chose_seed":false,"campfire_upgraded":4,"win_rate":0,"timestamp":1541386345,"path_taken":["M","$","M","?","?","R","M","R","T","M","R","M","M","E","R","BOSS","M","?","M","?","$","R","E","?","T","R","?"],"build_version":"2018-11-01","purchased_purges":0,"victory":false,"max_hp_per_floor":[66,66,66,66,66,66,66,66,66,66,66,66,66,66,66,66,66,66,66,66,66,66,66,66,66,66,66,66],"card_choices":[{"not_picked":["Acrobatics","PiercingWail"],"picked":"Leg Sweep","floor":1},{"not_picked":["Tactician","Flying Knee"],"picked":"Footwork","floor":3},{"not_picked":["Prepared","Underhanded Strike"],"picked":"Bouncing Flask","floor":7},{"not_picked":["Dagger Throw","Acrobatics"],"picked":"Noxious Fumes","floor":10},{"not_picked":["Sucker Punch","Noxious Fumes"],"picked":"Catalyst","floor":12},{"not_picked":["Finisher","Slice"],"picked":"Sucker Punch","floor":13},{"not_picked":["Underhanded Strike","Envenom","Blade Dance"],"picked":"SKIP","floor":14},{"not_picked":["Tools of the Trade","Bullet Time"],"picked":"Die Die Die","floor":16},{"not_picked":["Concentrate","Outmaneuver"],"picked":"Backstab","floor":18},{"not_picked":["PiercingWail","Concentrate"],"picked":"Expertise+1","floor":20},{"not_picked":["Deadly Poison+1","Tactician","Noxious Fumes"],"picked":"SKIP","floor":24},{"not_picked":["Poisoned Stab","Dagger Spray"],"picked":"Deflect","floor":25}],"player_experience":1628786,"relics_obtained":[{"floor":9,"key":"Pen Nib"},{"floor":14,"key":"Incense Burner"},{"floor":24,"key":"PreservedInsect"},{"floor":26,"key":"Matryoshka"}],"event_choices":[{"damage_healed":0,"gold_gain":0,"player_choice":"Success","damage_taken":18,"relics_obtained":["Darkstone Periapt"],"max_hp_gain":0,"max_hp_loss":0,"event_name":"Scrap Ooze","floor":4,"gold_loss":0},{"damage_healed":0,"gold_gain":0,"player_choice":"Entered Light","damage_taken":20,"max_hp_gain":0,"max_hp_loss":0,"event_name":"Shining Light","floor":5,"gold_loss":0,"cards_upgraded":["Leg Sweep","Defend_G"]},{"damage_healed":0,"gold_gain":50,"player_choice":"Stole From Cult","damage_taken":0,"max_hp_gain":0,"max_hp_loss":0,"event_name":"Nest","floor":19,"gold_loss":0},{"damage_healed":0,"gold_gain":100,"player_choice":"Bet on Murderer","damage_taken":0,"max_hp_gain":0,"max_hp_loss":0,"event_name":"The Joust","floor":21,"gold_loss":50}],"is_beta":true,"boss_relics":[{"not_picked":["White Beast Statue","Black Star"],"picked":"Sozu"}],"items_purged_floors":[],"is_endless":false,"potions_floor_spawned":[1,7,10,14,24],"killed_by":"Chosen and Byrds","ascension_level":20}