{"gold_per_floor":[110,192,212,212,212,212,212,231,301,327,327,340,375,375,375,471,471,486,503,503,520,534,534,566,566,620,620,654,654,654,667,667,762,762,776,16,16,36,51,78,78,93,93,109,109,123,123,223,223,223],"floor_reached":50,"playtime":2906,"items_purged":[],"score":706,"play_id":"e2eeacb2-ccbc-4e27-b934-69b8fd96fc76","local_time":"20190123212636","is_ascension_mode":true,"campfire_choices":[{"data":"Bash","floor":6,"key":"SMITH"},{"data":"Clothesline","floor":11,"key":"SMITH"},{"floor":15,"key":"REST"},{"floor":23,"key":"REST"},{"floor":25,"key":"REST"},{"data":"Shockwave","floor":27,"key":"SMITH"},{"floor":29,"key":"REST"},{"floor":32,"key":"REST"},{"data":"Inflame","floor":41,"key":"SMITH"},{"data":"Whirlwind","floor":47,"key":"SMITH"},{"data":"Rampage","floor":49,"key":"SMITH"}],"neow_cost":"NONE","seed_source_timestamp":1293144730638068,"circlet_count":0,"master_deck":["Strike_R","Strike_R","Strike_R","Defend_R","Defend_R","Defend_R","Defend_R","Bash+1","Clothesline+1","Headbutt","Blood for Blood","Shockwave+1","Dark Embrace","Inflame+1","Sword Boomerang","Cleave","Shockwave","Rampage+1","Shrug It Off","Reaper","Armaments+1","Apotheosis+1","Inflame+1","Rampage+1","Heavy Blade","Cleave+1","Flex+1","Twin Strike","Whirlwind+1"],"relics":["Black Blood","Self Forming Clay","Ancient Tea Set","Charon\u0027s Ashes","Bottled Flame","Lantern","The Courier","Velvet Choker","Pear","Pen Nib","Happy Flower","PreservedInsect","Mummified Hand","Oddly Smooth Stone","Meat on the Bone","Sundial"],"potions_floor_usage":[0,10,13,19,24,28,31,33,33,33,33,33,40,42,46,50,50],"damage_taken":[{"damage":1,"enemies":"Cultist","floor":1,"turns":3},{"damage":9,"enemies":"2 Louse","floor":3,"turns":3},{"damage":2,"enemies":"Small Slimes","floor":8,"turns":5},{"damage":32,"enemies":"Lagavulin","floor":10,"turns":5},{"damage":46,"enemies":"Gremlin Gang","floor":12,"turns":5},{"damage":5,"enemies":"Gremlin Nob","floor":13,"turns":3},{"damage":29,"enemies":"The Guardian","floor":16,"turns":9},{"damage":24,"enemies":"2 Thieves","floor":18,"turns":3},{"damage":20,"enemies":"Spheric Guardian","floor":19,"turns":4},{"damage":25,"enemies":"Centurion and Healer","floor":21,"turns":6},{"damage":16,"enemies":"Cultist and Chosen","floor":22,"turns":5},{"damage":7,"enemies":"Gremlin Leader","floor":24,"turns":5},{"damage":28,"enemies":"Slavers","floor":28,"turns":4},{"damage":3,"enemies":"3 Cultists","floor":31,"turns":3},{"damage":47,"enemies":"Collector","floor":33,"turns":7},{"damage":17,"enemies":"Orb Walker","floor":35,"turns":3},{"damage":16,"enemies":"3 Shapes","floor":38,"turns":5},{"damage":36,"enemies":"Maw","floor":39,"turns":7},{"damage":27,"enemies":"Giant Head","floor":40,"turns":6},{"damage":6,"enemies":"Spire Growth","floor":42,"turns":3},{"damage":24,"enemies":"4 Shapes","floor":44,"turns":2},{"damage":17,"enemies":"3 Darklings","floor":46,"turns":5},{"damage":134,"enemies":"Time Eater","floor":50,"turns":8}],"seed_played":"8875261724373114229","potions_obtained":[{"floor":0,"key":"Explosive Potion"},{"floor":0,"key":"Fruit Juice"},{"floor":0,"key":"FearPotion"},{"floor":8,"key":"Ancient Potion"},{"floor":12,"key":"AttackPotion"},{"floor":14,"key":"Swift Potion"},{"floor":14,"key":"Swift Potion"},{"floor":19,"key":"EntropicBrew"},{"floor":24,"key":"Ancient Potion"},{"floor":28,"key":"AttackPotion"},{"floor":35,"key":"SkillPotion"},{"floor":38,"key":"Poison Potion"},{"floor":40,"key":"FearPotion"},{"floor":44,"key":"Regen Potion"}],"is_trial":false,"path_per_floor":["M","T","M","?","?","R","?","M","T","E","R","M","E","?","R","B",null,"M","M","?","M","M","R","E","R","T","R","E","R","?","M","R","B",null,"M","$","?","M","M","E","R","M","T","M","?","M","R","?","R","B"],"character_chosen":"IRONCLAD","items_purchased":["PreservedInsect","Apotheosis","Inflame","Rampage","Heavy Blade","Mummified Hand","Oddly Smooth Stone","Strength Potion"],"campfire_rested":5,"item_purchase_floors":[36,36,36,36,36,36,36,36],"current_hp_per_floor":[85,85,82,82,75,75,75,79,79,53,53,13,14,14,39,16,68,50,36,36,17,7,32,41,69,69,69,47,75,56,59,89,48,87,90,90,90,98,72,71,71,75,75,90,90,100,100,100,100,0],"gold":223,"neow_bonus":"THREE_SMALL_POTIONS","is_prod":false,"is_daily":false,"chose_seed":false,"campfire_upgraded":6,"win_rate":0,"timestamp":1548296796,"path_taken":["M","?","M","?","?","R","?","?","T","E","R","M","E","?","R","BOSS","M","?","?","M","?","R","E","R","T","R","E","R","?","M","R","BOSS","M","$","?","M","M","E","R","?","T","M","?","M","R","?","R","BOSS"],"build_version":"2019-01-23","purchased_purges":0,"victory":false,"max_hp_per_floor":[85,85,85,85,85,85,85,85,85,85,85,85,85,85,85,85,85,85,85,85,85,85,85,95,95,95,95,95,95,100,100,100,100,100,100,100,100,100,100,100,100,100,100,100,100,100,100,100,100,100],"card_choices":[{"not_picked":["Flex","Hemokinesis"],"picked":"Heavy Blade","floor":1},{"not_picked":["Entrench","Body Slam","Sword Boomerang"],"picked":"SKIP","floor":3},{"not_picked":["Heavy Blade","Intimidate"],"picked":"Clothesline","floor":8},{"not_picked":["Corruption","Havoc"],"picked":"Headbutt","floor":10},{"not_picked":["Seeing Red","Intimidate"],"picked":"Blood for Blood","floor":12},{"not_picked":["Wild Strike","Flex"],"picked":"Shockwave","floor":13},{"not_picked":["Fiend Fire","Bludgeon"],"picked":"Dark Embrace","floor":16},{"not_picked":["Pommel Strike","Twin Strike"],"picked":"Inflame+1","floor":18},{"not_picked":["Perfected Strike+1","Clash"],"picked":"Sword Boomerang","floor":19},{"not_picked":["Ghostly Armor","Entrench"],"picked":"Cleave","floor":21},{"not_picked":["Evolve","Clash"],"picked":"Shockwave","floor":22},{"not_picked":["Intimidate","Clothesline"],"picked":"Cleave","floor":24},{"not_picked":["Flex+1","Carnage"],"picked":"Rampage+1","floor":28},{"not_picked":["Body Slam","Thunderclap"],"picked":"Shrug It Off","floor":31},{"not_picked":["Berserk","Impervious"],"picked":"Reaper","floor":33},{"not_picked":["Disarm+1","Anger+1"],"picked":"Armaments+1","floor":35},{"not_picked":["Warcry","Headbutt"],"picked":"Cleave+1","floor":38},{"not_picked":["Havoc","Reckless Charge+1","Armaments"],"picked":"SKIP","floor":39},{"not_picked":["Shrug It Off+1","Bloodletting+1"],"picked":"Flex+1","floor":40},{"not_picked":["Havoc","Body Slam","Hemokinesis"],"picked":"SKIP","floor":42},{"not_picked":["Clash+1","Hemokinesis+1"],"picked":"Twin Strike","floor":44},{"not_picked":["Sword Boomerang+1","Havoc+1"],"picked":"Whirlwind","floor":46}],"player_experience":283239,"relics_obtained":[{"floor":2,"key":"Self Forming Clay"},{"floor":9,"key":"Bottled Flame"},{"floor":10,"key":"Lantern"},{"floor":13,"key":"The Courier"},{"floor":24,"key":"Pear"},{"floor":26,"key":"Pen Nib"},{"floor":28,"key":"Happy Flower"},{"floor":40,"key":"Meat on the Bone"},{"floor":43,"key":"Sundial"}],"event_choices":[{"cards_removed":["Strike_R"],"damage_healed":0,"gold_gain":0,"player_choice":"Forget","damage_taken":0,"max_hp_gain":0,"max_hp_loss":0,"event_name":"Living Wall","floor":4,"gold_loss":0},{"damage_healed":0,"gold_gain":0,"player_choice":"Success","damage_taken":7,"relics_obtained":["Ancient Tea Set"],"max_hp_gain":0,"max_hp_loss":0,"event_name":"Scrap Ooze","floor":5,"gold_loss":0},{"cards_removed":["Heavy Blade"],"damage_healed":0,"gold_gain":0,"player_choice":"Gave Card","damage_taken":0,"relics_obtained":["Charon\u0027s Ashes"],"max_hp_gain":0,"max_hp_loss":0,"event_name":"WeMeetAgain","floor":7,"gold_loss":0},{"damage_healed":0,"gold_gain":0,"player_choice":"Got Potions","damage_taken":0,"max_hp_gain":0,"max_hp_loss":0,"event_name":"Lab","floor":14,"gold_loss":0},{"cards_removed":["Strike_R"],"damage_healed":0,"gold_gain":0,"player_choice":"Purged","damage_taken":0,"max_hp_gain":0,"max_hp_loss":0,"event_name":"Purifier","floor":20,"gold_loss":0},{"damage_healed":0,"gold_gain":0,"player_choice":"Shed Blood","damage_taken":24,"max_hp_gain":5,"max_hp_loss":0,"event_name":"Forgotten Altar","floor":30,"gold_loss":0},{"damage_healed":0,"gold_gain":0,"player_choice":"Upgraded","damage_taken":0,"max_hp_gain":0,"max_hp_loss":0,"event_name":"Upgrade Shrine","floor":37,"gold_loss":0,"cards_upgraded":["Apotheosis"]},{"cards_removed":["Cleave"],"damage_healed":0,"gold_gain":0,"player_choice":"Removed Attack","damage_taken":0,"max_hp_gain":0,"max_hp_loss":0,"event_name":"Falling","floor":45,"gold_loss":0},{"damage_healed":0,"gold_gain":100,"player_choice":"Pray","damage_taken":0,"max_hp_gain":0,"max_hp_loss":0,"event_name":"Golden Shrine","floor":48,"gold_loss":0}],"is_beta":false,"boss_relics":[{"not_picked":["Pandora\u0027s Box","Orrery"],"picked":"Velvet Choker"},{"not_picked":["Lizard Tail","Eternal Feather"],"picked":"Black Blood"}],"items_purged_floors":[],"is_endless":false,"potions_floor_spawned":[8,12,19,24,28,35,38,40,44],"killed_by":"Time Eater","ascension_level":5}