{"gold_per_floor":[114,132,132,147,166,166,195,195],"floor_reached":8,"playtime":389,"items_purged":[],"score":73,"play_id":"5ed3ae4a-af92-4620-b7b4-61d267404c0e","local_time":"20181206194203","is_ascension_mode":true,"campfire_choices":[{"data":"Static Discharge","floor":6,"key":"SMITH"}],"neow_cost":"PERCENT_DAMAGE","seed_source_timestamp":513876055286595,"circlet_count":0,"master_deck":["Strike_B","Strike_B","Strike_B","Strike_B","Defend_B","Defend_B","Defend_B","Defend_B","Zap","Dualcast","Static Discharge+1","Hello World","Capacitor","Compile Driver"],"relics":["Cracked Core","Bird Faced Urn","Boot"],"potions_floor_usage":[8,8],"damage_taken":[{"damage":0,"enemies":"Cultist","floor":1,"turns":4},{"damage":0,"enemies":"Small Slimes","floor":2,"turns":2},{"damage":7,"enemies":"Jaw Worm","floor":4,"turns":4},{"damage":31,"enemies":"Large Slime","floor":5,"turns":5},{"damage":23,"enemies":"Gremlin Nob","floor":7,"turns":4},{"damage":0,"enemies":"3 Louse","floor":8,"turns":1}],"seed_played":"7863322843098177308","potions_obtained":[{"floor":5,"key":"Strength Potion"},{"floor":7,"key":"FocusPotion"}],"is_trial":false,"path_per_floor":["M","M","?","M","M","R","E","M"],"character_chosen":"DEFECT","items_purchased":[],"campfire_rested":0,"item_purchase_floors":[],"current_hp_per_floor":[54,54,54,51,26,26,9,9],"gold":195,"neow_bonus":"ONE_RARE_RELIC","is_prod":false,"is_daily":false,"chose_seed":false,"campfire_upgraded":1,"win_rate":0,"timestamp":1544143323,"path_taken":["M","?","?","?","M","R","E","M"],"build_version":"2018-11-15","purchased_purges":0,"victory":false,"max_hp_per_floor":[75,75,75,75,75,75,75,75],"card_choices":[{"not_picked":["Beam Cell","Genetic Algorithm"],"picked":"Gash","floor":1},{"not_picked":["Barrage","Ball Lightning"],"picked":"Static Discharge","floor":2},{"not_picked":["Redo","Rainbow"],"picked":"Capacitor","floor":4},{"not_picked":["Sweeping Beam","Scrape"],"picked":"Compile Driver","floor":5},{"not_picked":["Compile Driver","Hologram","Turbo"],"picked":"SKIP","floor":7}],"player_experience":288369,"relics_obtained":[{"floor":7,"key":"Boot"}],"event_choices":[{"damage_healed":0,"gold_gain":0,"cards_transformed":["Gash"],"player_choice":"Transformed","damage_taken":0,"max_hp_gain":0,"max_hp_loss":0,"event_name":"Transmorgrifier","floor":3,"gold_loss":0,"cards_obtained":["Hello World"]}],"is_beta":false,"boss_relics":[],"items_purged_floors":[],"is_endless":false,"potions_floor_spawned":[5,7],"killed_by":"3 Louse","ascension_level":5}