{"gold_per_floor":[112,129,143,160,178,178,213,213,237,237,252,278,278,295,295,295],"floor_reached":16,"playtime":806,"items_purged":[],"score":160,"play_id":"fbc31e60-26a3-4a40-a685-dbad09f43803","local_time":"20190205002718","is_ascension_mode":true,"campfire_choices":[{"data":"Dualcast","floor":6,"key":"SMITH"},{"data":"Zap","floor":8,"key":"SMITH"},{"floor":15,"key":"REST"}],"neow_cost":"NONE","seed_source_timestamp":576880534309,"circlet_count":0,"master_deck":["Strike_B","Strike_B","Strike_B","Defend_B","Defend_B","Defend_B","Defend_B","Zap+1","Dualcast+1","Coolheaded","Ball Lightning","Leap","Conserve Battery","Leap","BootSequence","Loop+1","Self Repair"],"relics":["Cracked Core","Lantern","Ancient Tea Set","Omamori"],"potions_floor_usage":[7,7,7,7,7,7,16],"damage_taken":[{"damage":1,"enemies":"2 Louse","floor":1,"turns":2},{"damage":0,"enemies":"Small Slimes","floor":2,"turns":3},{"damage":0,"enemies":"Cultist","floor":3,"turns":3},{"damage":8,"enemies":"3 Louse","floor":4,"turns":3},{"damage":29,"enemies":"Lots of Slimes","floor":5,"turns":4},{"damage":1,"enemies":"Lagavulin","floor":7,"turns":7},{"damage":6,"enemies":"Exordium Thugs","floor":11,"turns":4},{"damage":18,"enemies":"Gremlin Nob","floor":12,"turns":4},{"damage":0,"enemies":"Exordium Wildlife","floor":14,"turns":3},{"damage":31,"enemies":"Hexaghost","floor":16,"turns":9}],"seed_played":"5121738141474139411","potions_obtained":[{"floor":1,"key":"EssenceOfSteel"},{"floor":3,"key":"SpeedPotion"},{"floor":5,"key":"EntropicBrew"},{"floor":12,"key":"Swift Potion"},{"floor":14,"key":"Dexterity Potion"}],"is_trial":false,"path_per_floor":["M","M","M","M","M","R","E","R","T","?","M","E","?","M","R","B"],"character_chosen":"DEFECT","items_purchased":[],"campfire_rested":1,"item_purchase_floors":[],"current_hp_per_floor":[74,74,74,66,37,37,36,36,36,29,23,5,5,5,29,0],"gold":295,"neow_bonus":"TEN_PERCENT_HP_BONUS","is_prod":false,"is_daily":false,"chose_seed":false,"campfire_upgraded":2,"win_rate":0,"timestamp":1549344438,"path_taken":["M","M","M","M","M","R","E","R","T","?","M","E","?","M","R","BOSS"],"build_version":"2019-01-23","purchased_purges":0,"victory":false,"max_hp_per_floor":[82,82,82,82,82,82,82,82,82,82,82,82,82,82,82,82],"card_choices":[{"not_picked":["Melter","Steam Power"],"picked":"Coolheaded","floor":1},{"not_picked":["Self Repair","Go for the Eyes"],"picked":"Ball Lightning","floor":2},{"not_picked":["Turbo","Stack"],"picked":"Leap","floor":3},{"not_picked":["Redo","Sunder","Double Energy"],"picked":"SKIP","floor":4},{"not_picked":["Aggregate","Sunder"],"picked":"Conserve Battery","floor":5},{"not_picked":["Storm","Steam Power"],"picked":"Leap","floor":7},{"not_picked":["Barrage","Stack"],"picked":"BootSequence","floor":11},{"not_picked":["Auto Shields","Genetic Algorithm"],"picked":"Loop","floor":12},{"not_picked":["Go for the Eyes","Gash"],"picked":"Self Repair","floor":14}],"player_experience":451292,"relics_obtained":[{"floor":7,"key":"Lantern"},{"floor":9,"key":"Ancient Tea Set"},{"floor":12,"key":"Omamori"}],"event_choices":[{"cards_removed":["Strike_B"],"damage_healed":0,"gold_gain":0,"player_choice":"Card Removal","damage_taken":7,"max_hp_gain":0,"max_hp_loss":0,"event_name":"Golden Wing","floor":10,"gold_loss":0},{"damage_healed":0,"gold_gain":0,"player_choice":"Grow","damage_taken":0,"max_hp_gain":0,"max_hp_loss":0,"event_name":"Living Wall","floor":13,"gold_loss":0,"cards_upgraded":["Loop"]}],"is_beta":false,"boss_relics":[],"items_purged_floors":[],"is_endless":false,"potions_floor_spawned":[1,3,5,12,14],"killed_by":"Hexaghost","ascension_level":8}