{"gold_per_floor":[168,185,185,60,80,80,115,130,153,153,178,178,197,197,197,276,276,294,107,127,146,158,158,158,158,158,158,169,204,254,268,268,342,342,354,354,364,55,71,71,71,71,71,71,81,81,0,33,33,33,33],"floor_reached":51,"playtime":2922,"items_purged":["Strike_G","Strike_G"],"score":1449,"play_id":"38c9f073-2c19-4824-aed3-7f332095246f","local_time":"20181026012704","is_ascension_mode":true,"campfire_choices":[{"data":"Noxious Fumes","floor":6,"key":"SMITH"},{"data":"Noxious Fumes","floor":10,"key":"SMITH"},{"floor":12,"key":"REST"},{"floor":15,"key":"REST"},{"floor":23,"key":"REST"},{"floor":25,"key":"REST"},{"data":"Catalyst","floor":27,"key":"SMITH"},{"floor":32,"key":"REST"},{"floor":41,"key":"REST"},{"floor":44,"key":"REST"},{"floor":46,"key":"REST"},{"floor":49,"key":"REST"}],"neow_cost":"NONE","seed_source_timestamp":574271726767200,"circlet_count":0,"master_deck":["Defend_G","Defend_G","Defend_G","Defend_G","Defend_G","Strike_G+1","Strike_G","Survivor","Neutralize","AscendersBane","Noxious Fumes+1","Sucker Punch","Noxious Fumes","Cloak And Dagger","Poisoned Stab","Predator","Noxious Fumes+1","Backstab","Glass Knife","Catalyst+1","Leg Sweep","Backstab","Catalyst","Burst","Leg Sweep","PiercingWail","Cloak And Dagger+1","Escape Plan","Adrenaline","Expertise","Footwork","Footwork+1","Impatience","Master of Strategy","Prepared+1","Cloak And Dagger+1","Catalyst"],"relics":["Tiny House","Bag of Marbles","Bag of Preparation","Potion Belt","Dream Catcher","White Beast Statue","Happy Flower","Snake Skull","Fusion Hammer","Toy Ornithopter","Matryoshka","Red Mask","Oddly Smooth Stone"],"potions_floor_usage":[8,11,20,21,24,29,33,33,39,40,40,50,50,51],"damage_taken":[{"damage":4,"enemies":"Small Slimes","floor":1,"turns":4},{"damage":2,"enemies":"Jaw Worm","floor":2,"turns":5},{"damage":0,"enemies":"Cultist","floor":5,"turns":4},{"damage":24,"enemies":"3 Sentries","floor":7,"turns":7},{"damage":0,"enemies":"Lots of Slimes","floor":8,"turns":1},{"damage":12,"enemies":"Gremlin Nob","floor":11,"turns":4},{"damage":5,"enemies":"Red Slaver","floor":13,"turns":4},{"damage":20,"enemies":"Slime Boss","floor":16,"turns":7},{"damage":15,"enemies":"Spheric Guardian","floor":18,"turns":5},{"damage":3,"enemies":"Chosen","floor":20,"turns":5},{"damage":16,"enemies":"Snake Plant","floor":21,"turns":5},{"damage":2,"enemies":"Snecko","floor":22,"turns":4},{"damage":11,"enemies":"Cultist and Chosen","floor":24,"turns":5},{"damage":0,"enemies":"Centurion and Healer","floor":28,"turns":5},{"damage":9,"enemies":"Gremlin Leader","floor":29,"turns":5},{"damage":8,"enemies":"Snake Plant","floor":31,"turns":4},{"damage":35,"enemies":"Automaton","floor":33,"turns":7},{"damage":3,"enemies":"3 Darklings","floor":35,"turns":5},{"damage":0,"enemies":"3 Shapes","floor":37,"turns":4},{"damage":8,"enemies":"Sphere and 2 Shapes","floor":39,"turns":4},{"damage":1,"enemies":"Reptomancer","floor":40,"turns":3},{"damage":26,"enemies":"Writhing Mass","floor":45,"turns":6},{"damage":11,"enemies":"Nemesis","floor":48,"turns":7},{"damage":68,"enemies":"Donu and Deca","floor":50,"turns":10},{"damage":31,"enemies":"Awakened One","floor":51,"turns":12}],"seed_played":"-4183244678282453029","potions_obtained":[{"floor":0,"key":"SpeedPotion"},{"floor":1,"key":"Ancient Potion"},{"floor":2,"key":"AttackPotion"},{"floor":8,"key":"SmokeBomb"},{"floor":13,"key":"Weak Potion"},{"floor":16,"key":"Energy Potion"},{"floor":18,"key":"EssenceOfSteel"},{"floor":20,"key":"Swift Potion"},{"floor":21,"key":"GamblersBrew"},{"floor":22,"key":"Dexterity Potion"},{"floor":28,"key":"AttackPotion"},{"floor":29,"key":"Weak Potion"},{"floor":33,"key":"FairyPotion"},{"floor":35,"key":"SpeedPotion"},{"floor":37,"key":"SmokeBomb"},{"floor":39,"key":"Explosive Potion"},{"floor":45,"key":"SpeedPotion"},{"floor":48,"key":"Dexterity Potion"}],"is_trial":false,"path_per_floor":["M","M","?","$","M","R","E","M","T","R","E","R","M","?","R","B",null,"M","$","M","M","M","R","M","R","T","R","M","E","?","M","R","B",null,"M","?","M","$","M","E","R","?","T","R","M","R","?","E","R","B"],"character_chosen":"THE_SILENT","items_purchased":["Cloak And Dagger","Leg Sweep","Toy Ornithopter","Footwork"],"campfire_rested":9,"item_purchase_floors":[4,19,38,38],"current_hp_per_floor":[60,58,51,51,51,51,27,27,27,27,15,36,31,26,47,27,60,45,45,42,26,24,45,34,55,55,55,55,46,39,31,52,17,58,55,55,55,55,52,61,67,57,57,67,41,61,61,50,67,9,0],"gold":33,"neow_bonus":"BOSS_RELIC","is_prod":false,"is_daily":false,"chose_seed":false,"campfire_upgraded":3,"win_rate":0,"timestamp":1540531624,"path_taken":["M","M","?","$","?","R","E","M","T","R","E","R","M","?","R","BOSS","M","$","M","M","M","R","M","R","T","R","M","E","?","M","R","BOSS","M","?","M","$","?","E","R","?","T","R","M","R","?","E","R","BOSS","BOSS"],"build_version":"2018-10-19","purchased_purges":2,"victory":false,"max_hp_per_floor":[71,71,71,71,71,71,71,71,71,71,71,71,71,71,71,71,71,71,71,71,71,71,71,71,71,71,71,71,71,71,71,71,71,71,71,67,67,67,67,67,67,67,67,67,67,67,67,67,67,67,67],"card_choices":[{"not_picked":["Flying Knee","PiercingWail"],"picked":"Noxious Fumes","floor":0},{"not_picked":["Setup","All Out Attack"],"picked":"Sucker Punch","floor":1},{"not_picked":["Poisoned Stab","Outmaneuver"],"picked":"Noxious Fumes","floor":2},{"not_picked":["Acrobatics","Flying Knee"],"picked":"Poisoned Stab","floor":5},{"not_picked":["Outmaneuver","Quick Slash"],"picked":"Predator","floor":7},{"not_picked":["Deflect","Leg Sweep"],"picked":"Noxious Fumes","floor":8},{"not_picked":["Unload","Expertise","Concentrate"],"picked":"SKIP","floor":11},{"not_picked":["Noxious Fumes","Acrobatics","Terror"],"picked":"SKIP","floor":13},{"not_picked":["Deadly Poison","Prepared"],"picked":"Backstab","floor":15},{"not_picked":["Tools of the Trade","Unload"],"picked":"Glass Knife","floor":16},{"not_picked":["Accuracy","Poisoned Stab"],"picked":"Catalyst","floor":18},{"not_picked":["Masterful Stab","Crippling Poison"],"picked":"Backstab","floor":20},{"not_picked":["Bane","Quick Slash"],"picked":"Catalyst","floor":21},{"not_picked":["Distraction","Dagger Throw","Heel Hook"],"picked":"SKIP","floor":22},{"not_picked":["Dagger Spray","Distraction"],"picked":"Burst","floor":23},{"not_picked":["Deflect","Predator"],"picked":"Leg Sweep","floor":25},{"not_picked":["Crippling Poison","Masterful Stab"],"picked":"PiercingWail","floor":28},{"not_picked":["Blade Dance","Deflect"],"picked":"Cloak And Dagger+1","floor":29},{"not_picked":["Poisoned Stab","Setup"],"picked":"Escape Plan","floor":31},{"not_picked":["Unload","Corpse Explosion"],"picked":"Adrenaline","floor":33},{"not_picked":["Skewer","Quick Slash","Dagger Spray+1"],"picked":"SKIP","floor":35},{"not_picked":["Concentrate","Cloak And Dagger"],"picked":"Expertise","floor":37},{"not_picked":["Infinite Blades","Slice","Deadly Poison"],"picked":"SKIP","floor":39},{"not_picked":["Dagger Spray","Slice"],"picked":"Footwork+1","floor":41},{"not_picked":["Finesse","Blind"],"picked":"Impatience","floor":42},{"not_picked":["Mind Blast","Madness"],"picked":"Master of Strategy","floor":42},{"not_picked":["Bane","Blade Dance"],"picked":"Prepared+1","floor":44},{"not_picked":["Slice","Underhanded Strike"],"picked":"Cloak And Dagger+1","floor":45},{"not_picked":["Underhanded Strike","All Out Attack"],"picked":"Catalyst","floor":46},{"not_picked":["Backstab","Flying Knee","Bane"],"picked":"SKIP","floor":48}],"player_experience":1504560,"relics_obtained":[{"floor":7,"key":"Bag of Marbles"},{"floor":9,"key":"Bag of Preparation"},{"floor":11,"key":"Potion Belt"},{"floor":26,"key":"Happy Flower"},{"floor":29,"key":"Snake Skull"},{"floor":43,"key":"Matryoshka"},{"floor":48,"key":"Oddly Smooth Stone"}],"event_choices":[{"cards_removed":["Strike_G"],"damage_healed":0,"gold_gain":0,"player_choice":"Card Removal","damage_taken":7,"max_hp_gain":0,"max_hp_loss":0,"event_name":"Golden Wing","floor":3,"gold_loss":0},{"damage_healed":0,"gold_gain":0,"player_choice":"Success","damage_taken":5,"relics_obtained":["Dream Catcher"],"max_hp_gain":0,"max_hp_loss":0,"event_name":"Scrap Ooze","floor":14,"gold_loss":0},{"damage_healed":0,"gold_gain":50,"player_choice":"Touch","damage_taken":7,"max_hp_gain":0,"max_hp_loss":0,"event_name":"FaceTrader","floor":30,"gold_loss":0},{"damage_healed":0,"gold_gain":0,"player_choice":"Max HP","damage_taken":0,"max_hp_gain":0,"max_hp_loss":4,"event_name":"Winding Halls","floor":36,"gold_loss":0},{"damage_healed":0,"gold_gain":0,"player_choice":"Memory 3","damage_taken":10,"max_hp_gain":0,"max_hp_loss":0,"event_name":"SensoryStone","floor":42,"gold_loss":0},{"damage_healed":0,"gold_gain":0,"player_choice":"Paid","damage_taken":0,"relics_obtained":["Red Mask"],"max_hp_gain":0,"max_hp_loss":0,"event_name":"Tomb of Lord Red Mask","floor":47,"gold_loss":81}],"is_beta":true,"boss_relics":[{"not_picked":["Philosopher\u0027s Stone","HoveringKite"],"picked":"White Beast Statue"},{"not_picked":["Coffee Dripper","Orrery"],"picked":"Fusion Hammer"}],"items_purged_floors":[4,19],"is_endless":false,"potions_floor_spawned":[1,2,8,13,16,18,20,21,22,24,28,29,31,33,35,37,39,40,45,48],"killed_by":"Awakened One","ascension_level":20}