{"gold_per_floor":[111,163,31,106,106,135,153,153,204,221,240,240,273,285,285,359,359,373,373,127,141,91,124,136,174,186,198,221,233,245,272,284,296],"floor_reached":33,"playtime":1333,"items_purged":[],"score":611,"play_id":"04fce6f5-bee8-4a15-921b-e8cb26c74d14","local_time":"20181128024216","is_ascension_mode":true,"campfire_choices":[{"floor":8.0,"key":"REST"},{"floor":12.0,"key":"REST"},{"data":"Noxious Fumes","floor":15.0,"key":"SMITH"},{"floor":24.0,"key":"REST"},{"data":"Footwork","floor":27,"key":"SMITH"},{"floor":32,"key":"REST"}],"neow_cost":"NONE","seed_source_timestamp":0,"circlet_count":0,"master_deck":["AscendersBane","Defend_G","Defend_G","Defend_G","Defend_G","Defend_G","Survivor","Neutralize","Backstab","Dagger Spray","Predator","Quick Slash","Dagger Throw","Noxious Fumes+1","Dagger Spray","Dagger Spray","Adrenaline","Bite","Bite","Bite","Bite","Bite","Footwork+1","Dodge and Roll","PiercingWail","Expertise+1","Phantasmal Killer","Leg Sweep","Skewer+1"],"special_seed":0,"relics":["Lizard Tail","Mercury Hourglass","Lantern","Shuriken","Velvet Choker","MawBank","Ninja Scroll","Molten Egg 2","Enchiridion"],"potions_floor_usage":[25,28],"damage_taken":[{"damage":6.0,"enemies":"Jaw Worm","floor":1.0,"turns":7.0},{"damage":40.0,"enemies":"Lagavulin","floor":6.0,"turns":8.0},{"damage":0.0,"enemies":"2 Louse","floor":7.0,"turns":2.0},{"damage":0.0,"enemies":"Cultist","floor":10.0,"turns":3.0},{"damage":1.0,"enemies":"Looter","floor":11.0,"turns":2.0},{"damage":16.0,"enemies":"Gremlin Nob","floor":13.0,"turns":4.0},{"damage":0.0,"enemies":"Blue Slaver","floor":14.0,"turns":2.0},{"damage":34.0,"enemies":"Slime Boss","floor":16.0,"turns":6.0},{"damage":17.0,"enemies":"2 Thieves","floor":18.0,"turns":3.0},{"damage":0.0,"enemies":"3 Byrds","floor":21.0,"turns":3.0},{"damage":28.0,"enemies":"Gremlin Leader","floor":23.0,"turns":6.0},{"damage":17,"enemies":"Slavers","floor":25,"turns":4},{"damage":1,"enemies":"Centurion and Healer","floor":28,"turns":6},{"damage":30,"enemies":"Shelled Parasite and Fungi","floor":31,"turns":5},{"damage":33,"enemies":"Collector","floor":33,"turns":6}],"seed_played":"6745480149703076506","potions_obtained":[{"floor":6.0,"key":"Block Potion"},{"floor":11.0,"key":"Energy Potion"},{"floor":14.0,"key":"Block Potion"},{"floor":25,"key":"Fruit Juice"}],"is_trial":false,"path_per_floor":["M","?","$","?","?","E","M","R","T","M","M","R","E","M","R","B",null,"M","?","$","M","?","E","R","E","T","R","M","?","?","M","R","B"],"character_chosen":"THE_SILENT","items_purchased":["Dagger Spray","Predator","Footwork","Dodge and Roll","PiercingWail","Block Potion"],"campfire_rested":4,"item_purchase_floors":[3,3,20,20,20,20],"current_hp_per_floor":[53,53,53,42,42,2,2,21,21,21,20,39,23,23,23,33,58,41,41,41,46,46,28,41,32,32,32,46,46,25,5,20,0],"gold":296,"neow_bonus":"BOSS_RELIC","is_prod":false,"is_daily":false,"chose_seed":false,"campfire_upgraded":2,"win_rate":0,"timestamp":1543390936,"path_taken":["M","?","?","?","?","E","?","R","T","M","M","R","E","M","R","BOSS","M","?","$","M","?","E","R","E","T","R","?","?","?","M","R","BOSS"],"build_version":"2018-11-15","purchased_purges":0,"victory":false,"max_hp_per_floor":[66,66,66,66,66,66,66,66,66,66,66,66,66,66,66,66,66,66,46,46,46,46,46,46,46,46,46,51,51,51,51,51,51],"card_choices":[{"not_picked":["Underhanded Strike","Choke"],"picked":"Backstab","floor":1.0},{"not_picked":["Prepared","Slice"],"picked":"Quick Slash","floor":6.0},{"not_picked":["Quick Slash","Acrobatics","Night Terror"],"picked":"SKIP","floor":7.0},{"not_picked":["Flying Knee","Outmaneuver"],"picked":"Dagger Throw","floor":10.0},{"not_picked":["Backflip","Dagger Throw"],"picked":"Noxious Fumes","floor":11.0},{"not_picked":["Grand Finale","Bane"],"picked":"Dagger Spray","floor":13.0},{"not_picked":["Deadly Poison","Dagger Throw"],"picked":"Dagger Spray","floor":14.0},{"not_picked":["Wraith Form v2","Doppelganger"],"picked":"Adrenaline","floor":16.0},{"not_picked":["Dagger Throw","Dagger Spray","Quick Slash"],"picked":"SKIP","floor":18.0},{"not_picked":["Dagger Throw","Deflect"],"picked":"Expertise+1","floor":21.0},{"not_picked":["Finisher","Masterful Stab"],"picked":"Phantasmal Killer","floor":23.0},{"not_picked":["Flying Knee","Quick Slash"],"picked":"Leg Sweep","floor":25},{"not_picked":["Poisoned Stab+1","Bane+1"],"picked":"Skewer+1","floor":28},{"not_picked":["Setup","Deflect","Poisoned Stab+1"],"picked":"SKIP","floor":31}],"player_experience":1704891,"relics_obtained":[{"floor":6.0,"key":"Mercury Hourglass"},{"floor":9.0,"key":"Lantern"},{"floor":13.0,"key":"Shuriken"},{"floor":23.0,"key":"MawBank"},{"floor":25,"key":"Ninja Scroll"},{"floor":26,"key":"Molten Egg 2"},{"floor":30,"key":"Enchiridion"}],"event_choices":[{"damage_healed":0.0,"max_hp_gain":0.0,"max_hp_loss":0.0,"gold_gain":52.0,"event_name":"Golden Wing","player_choice":"Gained Gold","floor":2.0,"gold_loss":0.0,"damage_taken":0.0},{"damage_healed":0.0,"max_hp_gain":0.0,"max_hp_loss":0.0,"gold_gain":75.0,"event_name":"World of Goop","player_choice":"Gather Gold","floor":4.0,"gold_loss":0.0,"damage_taken":11.0},{"cards_removed":["Strike_G"],"damage_healed":0.0,"max_hp_gain":0.0,"max_hp_loss":0.0,"gold_gain":0.0,"event_name":"Wheel of Change","player_choice":"Card Removal","floor":5.0,"gold_loss":0.0,"damage_taken":0.0},{"damage_healed":0.0,"max_hp_gain":0.0,"max_hp_loss":20.0,"gold_gain":0.0,"event_name":"Vampires","player_choice":"Became a vampire","floor":19.0,"gold_loss":0.0,"damage_taken":0.0,"cards_obtained":["Bite","Bite","Bite","Bite","Bite"]},{"damage_healed":0.0,"max_hp_gain":0.0,"max_hp_loss":0.0,"gold_gain":0.0,"event_name":"The Joust","player_choice":"Bet on Owner","floor":22.0,"gold_loss":50.0,"damage_taken":0.0},{"damage_healed":0,"gold_gain":0,"player_choice":"Ignored","damage_taken":0,"max_hp_gain":0,"max_hp_loss":0,"event_name":"Ghosts","floor":29,"gold_loss":0},{"damage_healed":0,"gold_gain":0,"player_choice":"Obtained Book","damage_taken":21,"max_hp_gain":0,"max_hp_loss":0,"event_name":"Cursed Tome","floor":30,"gold_loss":0}],"is_beta":true,"boss_relics":[{"not_picked":["Runic Pyramid","Tiny House"],"picked":"Velvet Choker"}],"items_purged_floors":[],"is_endless":false,"potions_floor_spawned":[6,11,14,25],"killed_by":"Collector","ascension_level":20}