{"path_per_floor":["M","$","?","$","?","E","R","E","T","E","M","?","E","?","R"],"character_chosen":"THE_SILENT","items_purchased":[],"gold_per_floor":[113,38,38,38,38,73,73,99,99,126,140,140,168,118,118,118],"floor_reached":16,"campfire_rested":1,"playtime":1482,"current_hp_per_floor":[64,64,57,57,57,29,29,20,20,19,31,31,19,19,40,0],"items_purged":["Strike_G"],"gold":118,"score":130,"play_id":"62d16db4-8db9-4fe1-9682-5291ee4c8365","local_time":"20180414195103","is_prod":false,"is_daily":false,"chose_seed":false,"is_ascension_mode":true,"campfire_upgraded":1,"timestamp":1523703063,"path_taken":["M","$","?","$","?","E","R","E","T","E","M","?","E","?","R","BOSS"],"build_version":"2018-04-12","seed_source_timestamp":298525624453647,"purchased_purges":1,"victory":false,"master_deck":["Defend_G","Defend_G","Defend_G","Strike_G","Strike_G","Survivor","Neutralize","Outmaneuver","Quick Slash+1","Escape Plan","Dagger Spray","Deflect","Acrobatics","After Image"],"max_hp_per_floor":[70,70,70,70,70,70,70,70,70,70,70,70,70,70,70,70],"relics":["Ring of the Snake","Meat on the Bone","Matryoshka","Art of War","Ornamental Fan","Bag of Preparation","Anchor"],"card_choices":[{"not_picked":["Slice","Reflex"],"picked":"Outmaneuver","floor":1},{"not_picked":["Acrobatics","Deadly Poison"],"picked":"Escape Plan","floor":6},{"not_picked":["Deadly Poison","Quick Slash"],"picked":"Dagger Spray","floor":8},{"not_picked":["Acrobatics","Dodge and Roll"],"picked":"Deflect","floor":10},{"not_picked":["Deadly Poison","Malaise"],"picked":"Acrobatics","floor":11},{"not_picked":["Sucker Punch","Poisoned Stab"],"picked":"After Image","floor":13}],"player_experience":51745,"potions_floor_usage":[8,10,16,16],"damage_taken":[{"damage":6,"enemies":"Jaw Worm","floor":1,"turns":6},{"damage":28,"enemies":"3 Sentries","floor":6,"turns":13},{"damage":21,"enemies":"Lagavulin","floor":8,"turns":10},{"damage":13,"enemies":"3 Sentries","floor":10,"turns":7},{"damage":0,"enemies":"2 Louse","floor":11,"turns":2},{"damage":24,"enemies":"Lagavulin","floor":13,"turns":9},{"damage":41,"enemies":"Hexaghost","floor":16,"turns":14}],"event_choices":[{"event_name":"Golden Wing","player_choice":"Card Removal","floor":3,"damage_taken":0},{"event_name":"Living Wall","player_choice":"Change","floor":5,"damage_taken":0},{"event_name":"Wheel of Change","player_choice":"Card Removal","floor":12,"damage_taken":0},{"event_name":"The Cleric","player_choice":"Card Removal","floor":14,"damage_taken":0}],"boss_relics":[],"potions_floor_spawned":[6,8,11,13],"seed_played":"-3943569366884807047","killed_by":"Hexaghost","ascension_level":1,"is_trial":false}