{"gold_per_floor":[110,110,110,110,129,129,154,154,154,154,167,167,192,225,225,299,299,313,313,333,248,25,51,51,251,274,284,284,309,234,245,245,320,320,337,355,369,386,197,223,223,256,306,306,99,99,125,19,19,19,19],"floor_reached":52,"playtime":3402,"items_purged":["Strike_G","Strike_G","Strike_G"],"score":2114,"play_id":"36b3aa33-27dd-40e6-b770-81d01bda0f88","local_time":"20181215011843","is_ascension_mode":true,"campfire_choices":[{"floor":6.0,"key":"REST"},{"data":"Neutralize","floor":8.0,"key":"SMITH"},{"data":"Riddle With Holes","floor":10.0,"key":"SMITH"},{"data":"Dagger Throw","floor":12.0,"key":"SMITH"},{"data":"Backflip","floor":15.0,"key":"SMITH"},{"floor":24,"key":"REST"},{"data":"Bouncing Flask","floor":28,"key":"SMITH"},{"data":"Acrobatics","floor":32,"key":"SMITH"},{"floor":41,"key":"REST"},{"floor":49,"key":"REST"}],"neow_cost":"NONE","seed_source_timestamp":92631211563900,"circlet_count":0,"master_deck":["AscendersBane","Defend_G","Defend_G","Defend_G","Defend_G+1","Defend_G","Strike_G+1","Strike_G","Survivor","Neutralize+1","Riddle With Holes+1","Dagger Throw+1","Acrobatics+1","Backflip+1","Die Die Die","Wraith Form v2+1","Choke","Bouncing Flask+1","Wraith Form v2+1","Envenom+1","Backflip","Tools of the Trade+1","Wraith Form v2+1","Blur","Backflip","Malaise","PiercingWail","Well Laid Plans+1"],"special_seed":0,"relics":["Philosopher\u0027s Stone","Frozen Egg 2","Thread and Needle","Happy Flower","Snake Skull","White Beast Statue","Boot","DollysMirror","Mercury Hourglass","Omamori","Singing Bowl","Black Star","Lantern","Juzu Bracelet","Girya","Dead Branch","Bag of Preparation","Art of War","Anchor","Smiling Mask"],"potions_floor_usage":[23,33,36,38,40,42,47,51,51],"damage_taken":[{"damage":6.0,"enemies":"2 Louse","floor":1.0,"turns":3.0},{"damage":0.0,"enemies":"Small Slimes","floor":5.0,"turns":4.0},{"damage":9.0,"enemies":"Gremlin Nob","floor":7.0,"turns":3.0},{"damage":0.0,"enemies":"Cultist","floor":11.0,"turns":3.0},{"damage":8.0,"enemies":"3 Sentries","floor":14.0,"turns":10.0},{"damage":4.0,"enemies":"The Guardian","floor":16.0,"turns":14.0},{"damage":8.0,"enemies":"Spheric Guardian","floor":18.0,"turns":6.0},{"damage":0.0,"enemies":"Chosen","floor":20.0,"turns":4.0},{"damage":18,"enemies":"Book of Stabbing","floor":23,"turns":6},{"damage":0,"enemies":"Snake Plant","floor":27,"turns":4},{"damage":0,"enemies":"Slavers","floor":29,"turns":5},{"damage":0,"enemies":"Chosen and Byrds","floor":31,"turns":5},{"damage":47,"enemies":"Champ","floor":33,"turns":9},{"damage":0,"enemies":"Orb Walker","floor":35,"turns":3},{"damage":0,"enemies":"3 Darklings","floor":36,"turns":5},{"damage":2,"enemies":"4 Shapes","floor":37,"turns":5},{"damage":9,"enemies":"Writhing Mass","floor":38,"turns":8},{"damage":2,"enemies":"Nemesis","floor":40,"turns":9},{"damage":4,"enemies":"Giant Head","floor":42,"turns":9},{"damage":13,"enemies":"Reptomancer","floor":47,"turns":6},{"damage":0,"enemies":"Donu and Deca","floor":50,"turns":10},{"damage":55,"enemies":"Awakened One","floor":51,"turns":16}],"seed_played":"8565027083569640462","potions_obtained":[{"floor":5.0,"key":"FearPotion"},{"floor":14.0,"key":"Explosive Potion"},{"floor":16.0,"key":"Fruit Juice"},{"floor":18.0,"key":"Energy Potion"},{"floor":20.0,"key":"SteroidPotion"},{"floor":23,"key":"GhostInAJar"},{"floor":29,"key":"Strength Potion"},{"floor":33,"key":"Weak Potion"},{"floor":35,"key":"PowerPotion"},{"floor":36,"key":"Swift Potion"},{"floor":38,"key":"Swift Potion"},{"floor":40,"key":"Energy Potion"},{"floor":42,"key":"Regen Potion"},{"floor":47,"key":"Explosive Potion"}],"is_trial":false,"path_per_floor":["M","?","?","?","M","R","E","R","T","R","M","R","T","E","R","B",null,"M","?","M","?","$","E","R","?","T","M","R","E","$","M","R","B",null,"M","M","M","M","$","E","R","E","T","?","$","$","E","$","R","B","B",null],"character_chosen":"THE_SILENT","items_purchased":["DollysMirror","Malaise","Well Laid Plans+1","Art of War","Swift Potion"],"campfire_rested":4,"item_purchase_floors":[22,39,45,45,48],"current_hp_per_floor":[53,53,58,37,37,58,49,49,49,49,49,49,49,41,41,37,63,60,60,60,60,60,42,64,64,64,64,64,64,64,66,66,19,63,63,65,65,56,56,56,81,77,77,65,65,65,69,69,86,86,31],"gold":19,"neow_bonus":"BOSS_RELIC","is_prod":false,"is_daily":false,"chose_seed":false,"campfire_upgraded":6,"win_rate":0,"timestamp":1544854723,"path_taken":["M","?","?","?","M","R","E","R","T","R","M","R","?","E","R","BOSS","M","?","M","?","$","E","R","?","T","M","R","E","$","M","R","BOSS","M","?","M","M","$","E","R","E","T","?","?","$","E","$","R","BOSS","BOSS"],"build_version":"2018-11-15","purchased_purges":3,"victory":true,"max_hp_per_floor":[66,66,71,71,71,71,71,71,71,71,71,71,71,71,71,71,71,76,76,76,76,76,76,76,76,76,76,76,76,76,78,78,78,78,78,80,82,82,82,84,84,84,84,84,84,84,86,86,86,86,86],"card_choices":[{"not_picked":["Deadly Poison","Blade Dance"],"picked":"Riddle With Holes","floor":1.0},{"not_picked":["Underhanded Strike","Terror"],"picked":"Dagger Throw","floor":5.0},{"not_picked":["Bane","Slice"],"picked":"Acrobatics","floor":7.0},{"not_picked":["Quick Slash","Predator"],"picked":"Backflip","floor":11.0},{"not_picked":["Dagger Throw","Dodge and Roll"],"picked":"Die Die Die","floor":14.0},{"not_picked":["Grand Finale","Envenom+1"],"picked":"Wraith Form v2+1","floor":16.0},{"not_picked":["Expertise","Masterful Stab"],"picked":"Choke","floor":18.0},{"not_picked":["Prepared","Deflect"],"picked":"Bouncing Flask","floor":20.0},{"not_picked":["Blade Dance","Dagger Throw"],"picked":"Envenom+1","floor":23},{"not_picked":["Sucker Punch+1","PiercingWail"],"picked":"Backflip","floor":27},{"not_picked":["Dagger Spray+1","Blade Dance"],"picked":"Tools of the Trade+1","floor":29},{"not_picked":["Quick Slash+1","All Out Attack","Blade Dance"],"picked":"Singing Bowl","floor":31},{"not_picked":["Bullet Time","Die Die Die"],"picked":"Wraith Form v2+1","floor":33},{"not_picked":["Terror+1","Dodge and Roll"],"picked":"Blur","floor":35},{"not_picked":["Infinite Blades+1","Expertise","Blade Dance"],"picked":"Singing Bowl","floor":36},{"not_picked":["Prepared+1","Deflect","Caltrops+1"],"picked":"Singing Bowl","floor":37},{"not_picked":["Tactician","Backstab+1"],"picked":"Backflip","floor":38},{"not_picked":["Deflect+1","Poisoned Stab","Underhanded Strike"],"picked":"Singing Bowl","floor":40},{"not_picked":["Slice","Dagger Spray"],"picked":"PiercingWail","floor":42},{"not_picked":["Venomology","Poisoned Stab","Deadly Poison"],"picked":"Singing Bowl","floor":47}],"player_experience":1823011,"relics_obtained":[{"floor":7.0,"key":"Frozen Egg 2"},{"floor":9.0,"key":"Thread and Needle"},{"floor":13.0,"key":"Happy Flower"},{"floor":14.0,"key":"Snake Skull"},{"floor":23,"key":"Mercury Hourglass"},{"floor":26,"key":"Omamori"},{"floor":29,"key":"Singing Bowl"},{"floor":40,"key":"Lantern"},{"floor":40,"key":"Juzu Bracelet"},{"floor":42,"key":"Girya"},{"floor":42,"key":"Dead Branch"},{"floor":43,"key":"Bag of Preparation"},{"floor":47,"key":"Anchor"},{"floor":47,"key":"Smiling Mask"}],"event_choices":[{"damage_healed":0.0,"max_hp_gain":0.0,"max_hp_loss":0.0,"gold_gain":0.0,"event_name":"The Cleric","player_choice":"Leave","floor":2.0,"gold_loss":0.0,"damage_taken":0.0},{"damage_healed":0.0,"max_hp_gain":5.0,"max_hp_loss":0.0,"gold_gain":0.0,"event_name":"Big Fish","player_choice":"Donut","floor":3.0,"gold_loss":0.0,"damage_taken":0.0},{"damage_healed":0.0,"max_hp_gain":0.0,"max_hp_loss":0.0,"gold_gain":0.0,"event_name":"Shining Light","player_choice":"Entered Light","floor":4.0,"gold_loss":0.0,"damage_taken":21.0,"cards_upgraded":["Strike_G","Defend_G"]},{"damage_healed":0.0,"max_hp_gain":0.0,"max_hp_loss":0.0,"gold_gain":0.0,"event_name":"Ghosts","player_choice":"Ignored","floor":19.0,"gold_loss":0.0,"damage_taken":0.0},{"damage_healed":0.0,"max_hp_gain":0.0,"max_hp_loss":0.0,"gold_gain":0.0,"event_name":"Addict","player_choice":"Obtained Relic","floor":21.0,"gold_loss":85.0,"damage_taken":0.0,"relics_obtained":["Boot"]},{"damage_healed":0,"gold_gain":200,"player_choice":"Gold","damage_taken":0,"max_hp_gain":0,"max_hp_loss":0,"event_name":"Wheel of Change","floor":25,"gold_loss":0},{"damage_healed":0,"gold_gain":0,"player_choice":"Damaged","damage_taken":12,"max_hp_gain":0,"max_hp_loss":0,"event_name":"Wheel of Change","floor":44,"gold_loss":0}],"is_beta":true,"boss_relics":[{"not_picked":["Lizard Tail","Pandora\u0027s Box"],"picked":"White Beast Statue"},{"not_picked":["Busted Crown","Coffee Dripper"],"picked":"Black Star"}],"items_purged_floors":[30,39,48],"is_endless":false,"potions_floor_spawned":[5,14,16,18,20,23,27,29,31,33,35,36,37,38,40,42,47],"ascension_level":20}