{"gold_per_floor":[368,10,21,21,21,21,33,33,86,86,74,74,102,117,117,221,221,237,247,347,120,131,131],"floor_reached":23,"playtime":1183,"items_purged":["Strike_G","Strike_G"],"score":210,"play_id":"10a4d54f-74d6-42b7-b982-94cc7f65fa56","local_time":"20181013140901","is_ascension_mode":true,"campfire_choices":[{"floor":6,"key":"REST"},{"data":"Neutralize","floor":10,"key":"SMITH"},{"floor":15,"key":"REST"}],"neow_cost":"PERCENT_DAMAGE","seed_source_timestamp":304859970315816,"circlet_count":0,"master_deck":["Defend_G","Defend_G","Defend_G","Defend_G","Defend_G","Strike_G","Strike_G","Survivor","Neutralize+1","Dodge and Roll","Blur+1","Poisoned Stab+1","Prepared","Flechettes+1","Sucker Punch+1","All Out Attack+1","Grand Finale+1","Poisoned Stab+1","All Out Attack+1","Noxious Fumes","Prepared","Outmaneuver"],"relics":["Ring of the Snake","Molten Egg 2","Turnip","Orichalcum","Omamori","Eternal Feather"],"potions_floor_usage":[13,13,13,18,22],"damage_taken":[{"damage":7,"enemies":"Jaw Worm","floor":1,"turns":7},{"damage":4,"enemies":"2 Louse","floor":3,"turns":4},{"damage":0,"enemies":"Small Slimes","floor":7,"turns":3},{"damage":0,"enemies":"Exordium Thugs","floor":11,"turns":6},{"damage":1,"enemies":"Lagavulin","floor":13,"turns":4},{"damage":0,"enemies":"3 Louse","floor":14,"turns":3},{"damage":26,"enemies":"Hexaghost","floor":16,"turns":13},{"damage":10,"enemies":"Chosen","floor":18,"turns":5},{"damage":12,"enemies":"Spheric Guardian","floor":19,"turns":4},{"damage":20,"enemies":"Snake Plant","floor":22,"turns":3},{"damage":28,"enemies":"Slavers","floor":23,"turns":3}],"seed_played":"-8831415661241513025","potions_obtained":[{"floor":3,"key":"FearPotion"},{"floor":7,"key":"Strength Potion"},{"floor":11,"key":"SteroidPotion"},{"floor":16,"key":"SkillPotion"},{"floor":18,"key":"PowerPotion"}],"is_trial":false,"path_per_floor":["M","$","M","?","?","R","M","?","T","R","M","?","E","M","R","B",null,"M","M","?","$","M"],"character_chosen":"THE_SILENT","items_purchased":["Molten Egg 2","Blur","Noxious Fumes","Prepared"],"campfire_rested":2,"item_purchase_floors":[2,2,21,21],"current_hp_per_floor":[42,42,38,38,35,56,56,56,56,56,56,56,55,55,70,44,70,60,48,48,48,28,0],"gold":131,"neow_bonus":"TWO_FIFTY_GOLD","is_prod":false,"is_daily":false,"chose_seed":false,"campfire_upgraded":1,"win_rate":0,"timestamp":1539454141,"path_taken":["M","$","M","?","?","R","?","?","T","R","M","?","E","M","R","BOSS","M","M","?","$","M","E"],"build_version":"2018-10-11","purchased_purges":2,"victory":false,"max_hp_per_floor":[70,70,70,70,70,70,70,70,70,70,70,70,70,70,70,70,70,70,70,70,70,70,70],"card_choices":[{"not_picked":["PiercingWail","Predator"],"picked":"Dodge and Roll","floor":1},{"not_picked":["All Out Attack+1","Choke+1"],"picked":"Poisoned Stab+1","floor":3},{"not_picked":["Dagger Spray+1","Outmaneuver"],"picked":"Prepared","floor":7},{"not_picked":["Predator+1","Infinite Blades"],"picked":"Flechettes+1","floor":11},{"not_picked":["Leg Sweep","Cloak And Dagger"],"picked":"Sucker Punch+1","floor":13},{"not_picked":["Eviscerate+1","Well Laid Plans"],"picked":"All Out Attack+1","floor":14},{"not_picked":["Storm of Steel","Wraith Form v2"],"picked":"Grand Finale+1","floor":16},{"not_picked":["Riddle With Holes+1","Prepared"],"picked":"Poisoned Stab+1","floor":18},{"not_picked":["Cloak And Dagger","Reflex"],"picked":"All Out Attack+1","floor":19},{"not_picked":["Choke+1","Prepared"],"picked":"Outmaneuver","floor":22}],"player_experience":305034,"relics_obtained":[{"floor":9,"key":"Orichalcum"},{"floor":13,"key":"Omamori"}],"event_choices":[{"event_name":"Golden Idol","player_choice":"Ignored","floor":4,"damage_taken":0},{"event_name":"Scrap Ooze","player_choice":"success","floor":5,"damage_taken":3},{"event_name":"Accursed Blacksmith","player_choice":"Forge","floor":8,"damage_taken":0},{"event_name":"Living Wall","player_choice":"Forget","floor":12,"damage_taken":0},{"event_name":"Golden Shrine","player_choice":"Pray","floor":20,"damage_taken":0}],"is_beta":false,"boss_relics":[{"not_picked":["Fusion Hammer","Runic Dome"],"picked":"Eternal Feather"}],"items_purged_floors":[2,21],"is_endless":false,"potions_floor_spawned":[3,7,11,16,18],"killed_by":"Slavers","ascension_level":2}