{"gold_per_floor":[115,3,22,22,33,60,74,105,161,161,176,43,43,103,103,204,204,214,52,71,71,71,71,98,98],"floor_reached":25,"playtime":1868,"items_purged":["Strike_B"],"score":330,"play_id":"d1f9c00c-813c-4909-8c8a-b31d5b74d4c6","local_time":"20190209012242","is_ascension_mode":true,"campfire_choices":[{"data":"Echo Form","floor":10,"key":"SMITH"},{"data":"Loop","floor":13,"key":"SMITH"},{"floor":15,"key":"REST"},{"data":"Fusion","floor":23,"key":"SMITH"}],"neow_cost":"NONE","seed_source_timestamp":2693333066131996,"circlet_count":0,"master_deck":["Strike_B","Strike_B","Strike_B","Defend_B+1","Defend_B","Defend_B","Defend_B","Zap","Dualcast","Coolheaded","Defragment","Genetic Algorithm+1","Cold Snap","Loop+1","Echo Form+1","Consume","Seek","Dark Shackles","Doom and Gloom","Ball Lightning","Echo Form","Self Repair","Chill","Gash","Fusion+1","RitualDagger","Stack+1"],"relics":["Cracked Core","Art of War","War Paint","PreservedInsect","Tiny Chest","Happy Flower","Nuclear Battery","Strawberry"],"potions_floor_usage":[6,16,18,20,24,24],"damage_taken":[{"damage":0,"enemies":"Cultist","floor":1,"turns":3},{"damage":2,"enemies":"Jaw Worm","floor":3,"turns":3},{"damage":6,"enemies":"Small Slimes","floor":5,"turns":3},{"damage":31,"enemies":"3 Sentries","floor":6,"turns":9},{"damage":5,"enemies":"Blue Slaver","floor":7,"turns":4},{"damage":0,"enemies":"Lagavulin","floor":8,"turns":7},{"damage":0,"enemies":"2 Fungi Beasts","floor":11,"turns":6},{"damage":14,"enemies":"3 Sentries","floor":14,"turns":4},{"damage":11,"enemies":"Hexaghost","floor":16,"turns":9},{"damage":21,"enemies":"Chosen","floor":18,"turns":6},{"damage":0,"enemies":"Spheric Guardian","floor":20,"turns":5},{"damage":36,"enemies":"Book of Stabbing","floor":24,"turns":4},{"damage":24,"enemies":"3 Cultists","floor":25,"turns":4}],"seed_played":"-5520462498779170348","potions_obtained":[{"floor":3,"key":"PowerPotion"},{"floor":7,"key":"Poison Potion"},{"floor":11,"key":"SteroidPotion"},{"floor":16,"key":"EssenceOfSteel"},{"floor":18,"key":"Block Potion"},{"floor":20,"key":"Energy Potion"}],"is_trial":false,"path_per_floor":["M","$","M","$","M","E","M","E","T","R","M","$","R","?","R","B",null,"M","$","M","?","?","R","E","M"],"character_chosen":"DEFECT","items_purchased":["Defragment","Dark Shackles","Doom and Gloom","Self Repair","Chill"],"campfire_rested":1,"item_purchase_floors":[2,12,12,19,19],"current_hp_per_floor":[68,68,66,66,60,29,24,24,24,24,24,24,24,10,32,21,62,41,41,55,55,49,49,20,0],"gold":98,"neow_bonus":"RANDOM_COMMON_RELIC","is_prod":false,"is_daily":false,"chose_seed":false,"campfire_upgraded":3,"win_rate":0,"timestamp":1549693362,"path_taken":["M","?","M","$","M","E","M","E","T","R","M","$","R","?","R","BOSS","M","$","M","?","?","R","E","M"],"build_version":"2019-01-23","purchased_purges":1,"victory":false,"max_hp_per_floor":[75,75,75,75,75,75,75,75,75,75,75,75,75,75,75,75,75,75,75,75,75,75,75,82,82],"card_choices":[{"not_picked":["Conserve Battery","Leap"],"picked":"Coolheaded","floor":1},{"not_picked":["Sunder","Rip and Tear"],"picked":"Genetic Algorithm","floor":3},{"not_picked":["Coolheaded","Chaos"],"picked":"Cold Snap","floor":5},{"not_picked":["Gash","Turbo"],"picked":"Loop","floor":6},{"not_picked":["Rebound","Ball Lightning"],"picked":"Echo Form","floor":7},{"not_picked":["Redo","Conserve Battery"],"picked":"Consume","floor":8},{"not_picked":["Cold Snap","Hologram"],"picked":"Seek","floor":11},{"not_picked":["Go for the Eyes","Static Discharge"],"picked":"Ball Lightning","floor":14},{"not_picked":["Thunder Strike","Reboot"],"picked":"Echo Form","floor":16},{"not_picked":["Streamline","Redo","Steam Power"],"picked":"SKIP","floor":18},{"not_picked":["Consume","Reinforced Body"],"picked":"Gash","floor":20},{"not_picked":["Streamline","Barrage+1"],"picked":"Stack+1","floor":24}],"player_experience":321920,"relics_obtained":[{"floor":6,"key":"War Paint"},{"floor":8,"key":"PreservedInsect"},{"floor":9,"key":"Tiny Chest"},{"floor":14,"key":"Happy Flower"},{"floor":24,"key":"Strawberry"}],"event_choices":[{"damage_healed":0,"gold_gain":0,"player_choice":"Searched \u00272\u0027 times","damage_taken":0,"max_hp_gain":0,"max_hp_loss":0,"event_name":"Dead Adventurer","floor":14,"gold_loss":0},{"damage_healed":0,"gold_gain":0,"player_choice":"Read","damage_taken":0,"max_hp_gain":0,"max_hp_loss":0,"event_name":"The Library","floor":21,"gold_loss":0,"cards_obtained":["Fusion"]},{"damage_healed":0,"gold_gain":0,"player_choice":"Joined the Cult","damage_taken":6,"max_hp_gain":0,"max_hp_loss":0,"event_name":"Nest","floor":22,"gold_loss":0,"cards_obtained":["RitualDagger"]}],"is_beta":false,"boss_relics":[{"not_picked":["Pandora\u0027s Box","Busted Crown"],"picked":"Nuclear Battery"}],"items_purged_floors":[2],"is_endless":false,"potions_floor_spawned":[3,7,11,16,18,20],"killed_by":"3 Cultists","ascension_level":6}