{"gold_per_floor":[415,415,429,429,429,429,439,296,296,346,54,74,74,107,107,203,203,220,238,238,166,183,183,197,211,236,236,335,346,198,213,213,308,308,325,337,337,299,347,347,54,54,54,71,71,87,87,106,106,106],"floor_reached":51,"playtime":2192,"items_purged":[],"score":797,"play_id":"ac6cea03-b222-4537-a875-4804bfb2c818","local_time":"20180914175142","daily_mods":["Draft","Heirloom"],"is_ascension_mode":false,"campfire_choices":[{"data":"Defragment","floor":6,"key":"SMITH"},{"data":"Hologram","floor":15,"key":"SMITH"},{"data":"Defragment","floor":23,"key":"SMITH"},{"data":"Self Repair","floor":27,"key":"SMITH"},{"data":"Fission","floor":32,"key":"SMITH"},{"data":"Fission","floor":40,"key":"SMITH"},{"data":"Creative AI","floor":47,"key":"SMITH"},{"data":"Defragment","floor":49,"key":"SMITH"}],"neow_cost":"","seed_source_timestamp":72599431714254,"circlet_count":0,"master_deck":["Conserve Battery","BootSequence","Cold Snap","Hologram+1","Gash","Capacitor","FTL","Steam","Defragment+1","Steam+1","Conserve Battery","BootSequence","Ball Lightning","Gash","Beam Cell","Defragment+1","Conserve Battery","All For One","Go for the Eyes","Hologram+1","Gash","Multi-Cast","Defragment+1","FTL","Gash","Scrape","Self Repair+1","Gash+1","Electrodynamics","Gash","Defragment+1","Beam Cell","Go for the Eyes+1","Gash","Fission+1","Gash","Go for the Eyes","Beam Cell","Fission+1","Gash","Self Repair","Creative AI+1","Scrape","All For One","Core Surge","Writhe","Defragment"],"relics":["Cracked Core","Old Coin","War Paint","Anchor","Prayer Wheel","Singing Bowl","Gremlin Horn","Orrery","Bag of Preparation","Inserter","Bronze Scales","Symbiotic Virus"],"potions_floor_usage":[50],"damage_taken":[{"damage":0,"enemies":"Jaw Worm","floor":1,"turns":2},{"damage":0,"enemies":"2 Louse","floor":3,"turns":3},{"damage":0,"enemies":"Small Slimes","floor":7,"turns":2},{"damage":0,"enemies":"Red Slaver","floor":12,"turns":3},{"damage":8,"enemies":"Gremlin Nob","floor":14,"turns":4},{"damage":26,"enemies":"Hexaghost","floor":16,"turns":7},{"damage":1,"enemies":"Shell Parasite","floor":18,"turns":3},{"damage":0,"enemies":"2 Thieves","floor":19,"turns":3},{"damage":27,"enemies":"Snecko","floor":22,"turns":5},{"damage":0,"enemies":"Chosen and Byrds","floor":24,"turns":5},{"damage":16,"enemies":"Shelled Parasite and Fungi","floor":25,"turns":5},{"damage":3,"enemies":"3 Cultists","floor":29,"turns":3},{"damage":11,"enemies":"Snecko","floor":31,"turns":4},{"damage":26,"enemies":"Automaton","floor":33,"turns":6},{"damage":0,"enemies":"Orb Walker","floor":35,"turns":2},{"damage":28,"enemies":"3 Darklings","floor":36,"turns":3},{"damage":29,"enemies":"Maw","floor":44,"turns":6},{"damage":0,"enemies":"Transient","floor":46,"turns":5},{"damage":17,"enemies":"3 Darklings","floor":48,"turns":4},{"damage":65,"enemies":"Time Eater","floor":50,"turns":8}],"seed_played":"-1732561036401042469","potions_obtained":[{"floor":7,"key":"Fire Potion"},{"floor":16,"key":"Fire Potion"},{"floor":24,"key":"GamblersBrew"},{"floor":33,"key":"Explosive Potion"},{"floor":44,"key":"Swift Potion"}],"is_trial":true,"path_per_floor":["M","?","M","?","?","R","M","$","T","?","$","M","T","E","R","B",null,"M","M","?","$","M","R","M","M","T","R","?","M","$","M","R","B",null,"M","M","?","$","T","R","$","?","T","M","$","M","R","M","R","B"],"character_chosen":"DEFECT","items_purchased":["All For One","Prayer Wheel","Defragment","Fission","Scrape","All For One","Core Surge"],"campfire_rested":0,"item_purchase_floors":[8,11,21,30,38,41,41],"current_hp_per_floor":[75,75,75,75,72,72,72,72,72,72,72,72,72,64,64,38,75,76,76,76,76,56,56,63,56,56,56,56,53,53,42,42,33,79,83,59,59,59,59,59,59,81,81,63,63,84,84,86,86,38],"gold":106,"neow_bonus":"","is_prod":false,"is_daily":false,"chose_seed":false,"campfire_upgraded":8,"win_rate":0,"timestamp":1536915102,"path_taken":["M","?","?","?","?","R","M","$","T","?","$","?","?","E","R","BOSS","M","M","?","?","M","R","M","M","T","R","?","?","?","?","R","BOSS","M","M","?","?","?","R","$","?","T","M","?","M","R","M","R","BOSS"],"build_version":"2018-09-12","purchased_purges":0,"victory":true,"max_hp_per_floor":[75,75,75,75,75,75,75,75,75,75,75,75,75,75,75,75,75,77,77,77,77,77,77,77,79,79,79,79,79,79,79,79,79,79,83,87,87,87,87,87,87,87,87,91,91,95,95,97,97,97],"card_choices":[{"not_picked":["Go for the Eyes","Scrape"],"picked":"Conserve Battery","floor":0},{"not_picked":["Leap","Steam Power"],"picked":"BootSequence","floor":0},{"not_picked":["Stack","Redo"],"picked":"Cold Snap","floor":0},{"not_picked":["Stack","Undo"],"picked":"Hologram","floor":0},{"not_picked":["Lockon","Scrape"],"picked":"Gash","floor":0},{"not_picked":["Force Field","Sunder"],"picked":"Capacitor","floor":0},{"not_picked":["Heatsinks","Turbo"],"picked":"FTL","floor":0},{"not_picked":["Rebound","Steam Power"],"picked":"Steam","floor":0},{"not_picked":["Hologram","Compile Driver"],"picked":"Defragment","floor":0},{"not_picked":["Auto Shields","Static Discharge"],"picked":"Steam","floor":0},{"not_picked":["Coolheaded","Sweeping Beam"],"picked":"Conserve Battery","floor":0},{"not_picked":["Tempest","Redo"],"picked":"BootSequence","floor":0},{"not_picked":["Leap","Go for the Eyes"],"picked":"Ball Lightning","floor":0},{"not_picked":["Heatsinks","Rebound"],"picked":"Streamline","floor":0},{"not_picked":["Barrage","Force Field"],"picked":"Gash","floor":0},{"not_picked":["Compile Driver","Heatsinks"],"picked":"Beam Cell","floor":1},{"not_picked":["Blizzard","Hologram"],"picked":"Defragment","floor":3},{"not_picked":["Coolheaded","Recycle"],"picked":"Conserve Battery","floor":7},{"not_picked":["Turbo","Tempest"],"picked":"Go for the Eyes","floor":12},{"not_picked":["Coolheaded","Leap"],"picked":"Hologram","floor":12},{"not_picked":["Machine Learning","Glacier"],"picked":"Gash","floor":14},{"not_picked":["Meteor Strike","Amplify"],"picked":"Multi-Cast","floor":16},{"not_picked":["Stack","Rip and Tear"],"picked":"Defragment","floor":17},{"not_picked":["Self Repair","Fusion"],"picked":"FTL","floor":17},{"not_picked":["Leap","Go for the Eyes"],"picked":"Gash","floor":17},{"not_picked":["Heatsinks","Barrage"],"picked":"Scrape","floor":17},{"not_picked":["Chaos","Ball Lightning"],"picked":"Self Repair","floor":17},{"not_picked":["Doom and Gloom","Force Field","Steam"],"picked":"Singing Bowl","floor":18},{"not_picked":["Coolheaded","Rebound"],"picked":"Gash+1","floor":18},{"not_picked":["Steam","BootSequence"],"picked":"Electrodynamics","floor":19},{"not_picked":["Compile Driver","BootSequence"],"picked":"Gash","floor":19},{"not_picked":["Coolheaded+1","Stack"],"picked":"Beam Cell","floor":22},{"not_picked":["Streamline","Lockon"],"picked":"Go for the Eyes+1","floor":22},{"not_picked":["Sweeping Beam","Barrage+1"],"picked":"Gash","floor":24},{"not_picked":["Steam","Coolheaded"],"picked":"Fission","floor":24},{"not_picked":["Darkness+1","Auto Shields+1"],"picked":"Gash","floor":25},{"not_picked":["Streamline","Cold Snap","Conserve Battery+1"],"picked":"Singing Bowl","floor":25},{"not_picked":["Recycle","Cold Snap"],"picked":"Go for the Eyes","floor":29},{"not_picked":["Consume+1","Lockon"],"picked":"Beam Cell","floor":29},{"not_picked":["Barrage","Electrodynamics"],"picked":"Gash","floor":31},{"not_picked":["Auto Shields","Go for the Eyes"],"picked":"Self Repair","floor":31},{"not_picked":["Multi-Cast","Reboot"],"picked":"Creative AI","floor":33},{"not_picked":["Sweeping Beam+1","Ball Lightning+1","Go for the Eyes+1"],"picked":"Singing Bowl","floor":35},{"not_picked":["Ball Lightning+1","Heatsinks+1","Hyperbeam"],"picked":"Singing Bowl","floor":35},{"not_picked":["Coolheaded+1","Hello World","Streamline+1"],"picked":"Singing Bowl","floor":36},{"not_picked":["Barrage","Genetic Algorithm","Hologram+1"],"picked":"Singing Bowl","floor":36},{"not_picked":["Auto Shields","Loop","Sweeping Beam+1"],"picked":"Singing Bowl","floor":44},{"not_picked":["Auto Shields","Go for the Eyes+1","Lockon"],"picked":"Singing Bowl","floor":44},{"not_picked":["Sweeping Beam","Ball Lightning","Redo+1"],"picked":"Singing Bowl","floor":46},{"not_picked":["Barrage","Coolheaded","Fusion"],"picked":"Singing Bowl","floor":46},{"not_picked":["Leap+1","Lockon","Coolheaded"],"picked":"Singing Bowl","floor":48},{"not_picked":["Heatsinks+1","Meteor Strike"],"picked":"Defragment","floor":48}],"player_experience":427498,"relics_obtained":[{"floor":9,"key":"Anchor"},{"floor":13,"key":"Singing Bowl"},{"floor":14,"key":"Gremlin Horn"},{"floor":26,"key":"Bag of Preparation"},{"floor":39,"key":"Bronze Scales"},{"floor":43,"key":"Symbiotic Virus"}],"event_choices":[{"event_name":"Living Wall","player_choice":"Grow","floor":2,"damage_taken":0},{"event_name":"The Cleric","player_choice":"Leave","floor":4,"damage_taken":0},{"event_name":"Scrap Ooze","player_choice":"success","floor":5,"damage_taken":3},{"event_name":"Golden Wing","player_choice":"Gained Gold","floor":10,"damage_taken":0},{"event_name":"Vampires","player_choice":"Ignored","floor":20,"damage_taken":0},{"event_name":"Nest","player_choice":"Stole From Cult","floor":28,"damage_taken":0},{"event_name":"Purifier","player_choice":"One Purge","floor":37,"damage_taken":0},{"event_name":"Winding Halls","player_choice":"Writhe","floor":42,"damage_taken":0}],"is_beta":true,"boss_relics":[{"not_picked":["Astrolabe","Pandora\u0027s Box"],"picked":"Orrery"},{"not_picked":["Lizard Tail","Cursed Key"],"picked":"Inserter"}],"items_purged_floors":[],"is_endless":false,"potions_floor_spawned":[7,16,24,29,31,33,36,44,46],"ascension_level":1}