{"gold_per_floor":[117,117,392,71,88,88,122,122,122,137,163,182,182,199,199,295,295,313,313,313,329,343,343,372,372,372,35,45,63,113,39,39,143,143,163,183,202,212,85,120,120,139,139,149,56,56],"floor_reached":46,"playtime":5293,"items_purged":["Regret","Strike_R"],"score":607,"play_id":"33dd5e27-b6c8-43d2-860f-7dbf0de7dce4","local_time":"20190103122009","is_ascension_mode":true,"campfire_choices":[{"floor":6,"key":"DIG"},{"floor":8,"key":"DIG"},{"floor":13,"key":"REST"},{"floor":15,"key":"REST"},{"data":"Armaments","floor":23,"key":"SMITH"},{"floor":25,"key":"DIG"},{"floor":32,"key":"RECALL"},{"floor":41,"key":"DIG"}],"neow_cost":"TEN_PERCENT_HP_LOSS","seed_source_timestamp":726102704561221,"circlet_count":0,"master_deck":["Strike_R","Strike_R","Strike_R","Defend_R","Defend_R","Defend_R","Defend_R","Bash","True Grit","Evolve","Panache","Battle Trance+1","Shrug It Off+1","Armaments+1","Feel No Pain+1","Barricade+1","Feel No Pain+1","Necronomicurse","Seeing Red","Feel No Pain+1","Spot Weakness","Feed","Purity","Feel No Pain+1","Metallicize+1","Rupture+1","Dark Embrace+1","Fire Breathing+1","Parasite","Metallicize+1","Demon Form+1","Heavy Blade+1","Whirlwind","Madness"],"relics":["Black Blood","Shovel","Mummified Hand","Centennial Puzzle","Frozen Egg 2","Red Skull","Thread and Needle","Coffee Dripper","Necronomicon","War Paint","Vajra","Ornamental Fan","Pear","Bottled Lightning","Turnip","Shuriken"],"potions_floor_usage":[11,16,22,22,29,33,37,38,44],"damage_taken":[{"damage":8,"enemies":"2 Louse","floor":1,"turns":3},{"damage":3,"enemies":"Cultist","floor":5,"turns":4},{"damage":27,"enemies":"3 Sentries","floor":7,"turns":12},{"damage":2,"enemies":"Jaw Worm","floor":10,"turns":4},{"damage":31,"enemies":"Lagavulin","floor":11,"turns":6},{"damage":1,"enemies":"Blue Slaver","floor":12,"turns":3},{"damage":0,"enemies":"Exordium Wildlife","floor":14,"turns":4},{"damage":40,"enemies":"The Guardian","floor":16,"turns":16},{"damage":1,"enemies":"Shell Parasite","floor":18,"turns":7},{"damage":19,"enemies":"2 Thieves","floor":21,"turns":4},{"damage":16,"enemies":"Centurion and Healer","floor":22,"turns":7},{"damage":13,"enemies":"Gremlin Leader","floor":24,"turns":8},{"damage":12,"enemies":"Snake Plant","floor":28,"turns":3},{"damage":1,"enemies":"Snecko","floor":29,"turns":5},{"damage":19,"enemies":"Collector","floor":33,"turns":12},{"damage":0,"enemies":"3 Shapes","floor":35,"turns":7},{"damage":30,"enemies":"3 Darklings","floor":36,"turns":7},{"damage":17,"enemies":"Writhing Mass","floor":37,"turns":9},{"damage":35,"enemies":"Jaw Worm Horde","floor":38,"turns":7},{"damage":35,"enemies":"Giant Head","floor":40,"turns":14},{"damage":15,"enemies":"Sphere and 2 Shapes","floor":42,"turns":5},{"damage":13,"enemies":"3 Darklings","floor":44,"turns":8},{"damage":32,"enemies":"Writhing Mass","floor":46,"turns":2}],"seed_played":"3081375124667243041","potions_obtained":[{"floor":7,"key":"SneckoOil"},{"floor":14,"key":"Block Potion"},{"floor":16,"key":"Dexterity Potion"},{"floor":21,"key":"EssenceOfSteel"},{"floor":28,"key":"Swift Potion"},{"floor":29,"key":"BloodPotion"},{"floor":36,"key":"Dexterity Potion"},{"floor":37,"key":"Fruit Juice"},{"floor":42,"key":"Regen Potion"},{"floor":44,"key":"SpeedPotion"}],"is_trial":false,"path_per_floor":["M","?","?","$","M","R","E","R","T","M","E","M","R","M","R","B",null,"M","?","?","M","M","R","E","R","T","$","M","M","?","$","R","B",null,"M","M","M","M","?","E","R","M","T","M","$","M"],"character_chosen":"IRONCLAD","items_purchased":["Evolve","Panache","Feed","Purity","Rupture+1","Madness"],"campfire_rested":2,"item_purchase_floors":[4,4,27,27,31,45],"current_hp_per_floor":[70,58,58,58,61,61,40,40,40,44,19,24,45,51,72,38,72,72,72,56,43,33,33,26,26,26,26,23,28,28,28,28,22,75,78,58,56,35,45,20,20,18,18,30,30,0],"gold":56,"neow_bonus":"ONE_RARE_RELIC","is_prod":false,"is_daily":false,"chose_seed":false,"campfire_upgraded":1,"win_rate":0,"timestamp":1546536009,"path_taken":["M","?","?","$","M","R","E","R","T","?","E","M","R","M","R","BOSS","M","?","?","M","M","R","E","R","T","?","M","?","?","$","R","BOSS","M","?","M","?","?","E","R","M","T","M","$","M"],"build_version":"2018-12-20","purchased_purges":2,"victory":false,"max_hp_per_floor":[72,72,72,72,72,72,72,72,72,72,72,72,72,72,72,72,72,72,72,72,72,72,72,72,72,72,72,75,75,75,75,75,75,75,78,78,83,87,97,97,97,100,100,100,100,100],"card_choices":[{"not_picked":["Thunderclap","Perfected Strike"],"picked":"True Grit","floor":1},{"not_picked":["Flex","Sword Boomerang","Wild Strike"],"picked":"SKIP","floor":5},{"not_picked":["Power Through","Twin Strike"],"picked":"Battle Trance","floor":7},{"not_picked":["Burning Pact","Reckless Charge","Sword Boomerang"],"picked":"SKIP","floor":10},{"not_picked":["Wild Strike","Warcry"],"picked":"Shrug It Off","floor":11},{"not_picked":["Corruption+1","Rampage"],"picked":"Armaments","floor":12},{"not_picked":["Warcry","Combust+1"],"picked":"Feel No Pain+1","floor":14},{"not_picked":["Demon Form+1","Limit Break"],"picked":"Barricade+1","floor":16},{"not_picked":["Clash","Thunderclap"],"picked":"Feel No Pain+1","floor":18},{"not_picked":["Sword Boomerang","Headbutt"],"picked":"Seeing Red","floor":21},{"not_picked":["Bloodletting+1","True Grit"],"picked":"Feel No Pain+1","floor":22},{"not_picked":["Twin Strike","Burning Pact"],"picked":"Spot Weakness","floor":24},{"not_picked":["Havoc","Spot Weakness"],"picked":"Feel No Pain+1","floor":28},{"not_picked":["Burning Pact","Headbutt+1"],"picked":"Metallicize+1","floor":29},{"not_picked":["Brutality+1","Feed"],"picked":"Dark Embrace+1","floor":33},{"not_picked":["Clash","Twin Strike","Iron Wave+1"],"picked":"SKIP","floor":35},{"not_picked":["Flex+1","Clash"],"picked":"Fire Breathing+1","floor":36},{"not_picked":["Sword Boomerang+1","Flex+1","Havoc"],"picked":"SKIP","floor":37},{"not_picked":["Perfected Strike+1","Flex+1"],"picked":"Metallicize+1","floor":38},{"not_picked":["Berserk+1","Anger"],"picked":"Demon Form+1","floor":40},{"not_picked":["Searing Blow","Cleave"],"picked":"Heavy Blade+1","floor":42},{"not_picked":["Feel No Pain+1","Dual Wield"],"picked":"Whirlwind","floor":44}],"player_experience":740869,"relics_obtained":[{"floor":6,"key":"Centennial Puzzle"},{"floor":7,"key":"Frozen Egg 2"},{"floor":8,"key":"Red Skull"},{"floor":11,"key":"Thread and Needle"},{"floor":20,"key":"Necronomicon"},{"floor":24,"key":"War Paint"},{"floor":25,"key":"Vajra"},{"floor":26,"key":"Ornamental Fan"},{"floor":40,"key":"Bottled Lightning"},{"floor":41,"key":"Turnip"},{"floor":43,"key":"Shuriken"}],"event_choices":[{"damage_healed":0,"gold_gain":0,"player_choice":"Success","damage_taken":12,"relics_obtained":["Mummified Hand"],"max_hp_gain":0,"max_hp_loss":0,"event_name":"Scrap Ooze","floor":2,"gold_loss":0},{"damage_healed":0,"gold_gain":275,"player_choice":"Desecrate","damage_taken":0,"max_hp_gain":0,"max_hp_loss":0,"event_name":"Golden Shrine","floor":3,"gold_loss":0,"cards_obtained":["Regret"]},{"cards_removed":["Strike_R"],"damage_healed":0,"gold_gain":0,"player_choice":"Elegance","damage_taken":0,"max_hp_gain":0,"max_hp_loss":0,"event_name":"Back to Basics","floor":19,"gold_loss":0},{"damage_healed":0,"gold_gain":0,"player_choice":"Obtained Book","damage_taken":16,"max_hp_gain":0,"max_hp_loss":0,"event_name":"Cursed Tome","floor":20,"gold_loss":0},{"damage_healed":0,"gold_gain":100,"player_choice":"Bet on Murderer","damage_taken":0,"max_hp_gain":0,"max_hp_loss":0,"event_name":"The Joust","floor":30,"gold_loss":50},{"damage_healed":0,"gold_gain":0,"player_choice":"Paid Gold","damage_taken":0,"relics_obtained":["Pear"],"max_hp_gain":0,"max_hp_loss":0,"event_name":"WeMeetAgain","floor":39,"gold_loss":127}],"is_beta":false,"boss_relics":[{"not_picked":["Busted Crown","Black Star"],"picked":"Coffee Dripper"},{"not_picked":["Sozu","Lizard Tail"],"picked":"Black Blood"}],"items_purged_floors":[4,27],"is_endless":false,"potions_floor_spawned":[7,14,16,21,28,29,36,37,42,44],"killed_by":"Writhing Mass","ascension_level":1}