{"gold_per_floor":[109,109,13,23,43,72,89,119,119,153,153,153,165,177,177,272,272,283,30,41,41,53,53,53,53,53,72,72,83,10,25,25,127,127,145,156,156,14,14,47,47,81,81,81,0,11,11,30,30,30],"floor_reached":51,"playtime":5269,"items_purged":[],"score":727,"play_id":"897ad3c4-3360-4ce3-800f-794425be3d61","local_time":"20190120150724","is_ascension_mode":false,"campfire_choices":[{"floor":12,"key":"REST"},{"floor":15,"key":"REST"},{"data":"Well Laid Plans","floor":23,"key":"SMITH"},{"data":"Burst","floor":25,"key":"SMITH"},{"data":"Neutralize","floor":28,"key":"SMITH"},{"floor":32,"key":"REST"},{"data":"Leg Sweep","floor":44,"key":"SMITH"},{"data":"Catalyst","floor":47,"key":"SMITH"},{"floor":49,"key":"REST"}],"neow_cost":"NONE","seed_source_timestamp":569244616687649,"circlet_count":0,"master_deck":["Defend_G","Defend_G","Defend_G","Defend_G","Defend_G","Strike_G","Strike_G","Survivor","Neutralize+1","Slice","Cloak And Dagger+1","Poisoned Stab","Flying Knee","Catalyst+1","Blur","Leg Sweep+1","Poisoned Stab","Skewer","Burst+1","Corpse Explosion","Dodge and Roll","Dagger Spray","Well Laid Plans+1","Poisoned Stab","Crippling Poison","Glass Knife","Dash+1","Adrenaline","Bouncing Flask+1","Backstab"],"relics":["Ring of the Snake","NeowsBlessing","Blue Candle","Incense Burner","Paper Crane","Gremlin Horn","Busted Crown","Singing Bowl","Mummified Hand","PreservedInsect","Black Star","Lantern","Calipers","Pocketwatch","Ninja Scroll","Bottled Flame","Red Mask"],"potions_floor_usage":[6,6,6,8,13,16,33,33,42],"damage_taken":[{"damage":0,"enemies":"Cultist","floor":1,"turns":1},{"damage":0,"enemies":"Small Slimes","floor":4,"turns":1},{"damage":0,"enemies":"2 Louse","floor":5,"turns":1},{"damage":3,"enemies":"Lagavulin","floor":6,"turns":5},{"damage":9,"enemies":"Large Slime","floor":7,"turns":7},{"damage":17,"enemies":"Gremlin Nob","floor":8,"turns":5},{"damage":26,"enemies":"3 Sentries","floor":10,"turns":11},{"damage":7,"enemies":"Exordium Thugs","floor":13,"turns":5},{"damage":3,"enemies":"Lots of Slimes","floor":14,"turns":4},{"damage":51,"enemies":"Slime Boss","floor":16,"turns":17},{"damage":8,"enemies":"Shell Parasite","floor":18,"turns":5},{"damage":19,"enemies":"Chosen","floor":20,"turns":6},{"damage":6,"enemies":"Snecko","floor":22,"turns":7},{"damage":6,"enemies":"Chosen and Byrds","floor":27,"turns":5},{"damage":9,"enemies":"Snake Plant","floor":29,"turns":5},{"damage":5,"enemies":"Sentry and Sphere","floor":31,"turns":5},{"damage":26,"enemies":"Collector","floor":33,"turns":8},{"damage":6,"enemies":"3 Darklings","floor":35,"turns":3},{"damage":7,"enemies":"Orb Walker","floor":36,"turns":5},{"damage":21,"enemies":"Nemesis","floor":40,"turns":5},{"damage":20,"enemies":"Giant Head","floor":42,"turns":8},{"damage":19,"enemies":"Writhing Mass","floor":46,"turns":4},{"damage":0,"enemies":"4 Shapes","floor":48,"turns":4},{"damage":35,"enemies":"Time Eater","floor":50,"turns":6}],"seed_played":"758803404668415380","potions_obtained":[{"floor":1,"key":"GhostInAJar"},{"floor":2,"key":"Fire Potion"},{"floor":2,"key":"Fire Potion"},{"floor":7,"key":"SpeedPotion"},{"floor":10,"key":"Swift Potion"},{"floor":13,"key":"Fruit Juice"},{"floor":18,"key":"SmokeBomb"},{"floor":20,"key":"EssenceOfSteel"},{"floor":27,"key":"Poison Potion"},{"floor":35,"key":"Regen Potion"},{"floor":46,"key":"LiquidBronze"},{"floor":48,"key":"Weak Potion"}],"is_trial":false,"path_per_floor":["M","?","$","M","M","E","M","E","T","E","?","R","M","M","R","B",null,"M","$","M","?","M","R","?","R","T","M","R","M","$","M","R","B",null,"M","M","?","$","?","E","?","E","T","R","?","M","R","M","R","B",null],"character_chosen":"THE_SILENT","items_purchased":["Cloak And Dagger","Poisoned Stab","Singing Bowl","Crippling Poison","Adrenaline"],"campfire_rested":4,"item_purchase_floors":[3,3,19,30,38],"current_hp_per_floor":[70,70,70,70,70,67,58,41,41,15,15,36,34,31,53,2,75,67,67,48,48,44,44,44,44,44,38,38,31,31,28,52,26,81,75,70,70,70,70,49,51,48,48,48,48,31,31,31,57,22],"gold":30,"neow_bonus":"THREE_ENEMY_KILL","is_prod":false,"is_daily":false,"chose_seed":false,"campfire_upgraded":5,"win_rate":0,"timestamp":1548014844,"path_taken":["M","?","$","?","M","E","M","E","T","E","?","R","M","M","R","BOSS","M","$","M","?","M","R","?","R","T","?","R","M","?","M","R","BOSS","M","M","?","$","?","E","?","E","T","R","?","M","R","M","R","BOSS"],"build_version":"2019-01-17v2","purchased_purges":0,"victory":true,"max_hp_per_floor":[70,70,70,70,70,70,70,70,70,70,70,70,75,75,75,75,75,75,75,75,75,77,77,77,77,77,77,77,79,79,81,81,81,81,81,83,83,83,83,83,85,87,87,87,87,89,89,89,89,89],"card_choices":[{"not_picked":["Calculated Gamble","Finisher"],"picked":"Slice","floor":1},{"not_picked":["Underhanded Strike","Distraction"],"picked":"Flying Knee","floor":4},{"not_picked":["Escape Plan","Dagger Throw"],"picked":"Catalyst","floor":5},{"not_picked":["Cloak And Dagger","Sucker Punch"],"picked":"Blur","floor":6},{"not_picked":["Prepared","Bane"],"picked":"Calculated Gamble","floor":7},{"not_picked":["Infinite Blades","Endless Agony"],"picked":"Leg Sweep","floor":8},{"not_picked":["Finisher","Acrobatics"],"picked":"Poisoned Stab","floor":10},{"not_picked":["Footwork","Underhanded Strike"],"picked":"Skewer","floor":13},{"not_picked":["Prepared","Underhanded Strike"],"picked":"Burst","floor":14},{"not_picked":["Unload","Phantasmal Killer"],"picked":"Corpse Explosion","floor":16},{"not_picked":["Prepared"],"picked":"SKIP","floor":18},{"not_picked":[],"picked":"Dodge and Roll","floor":20},{"not_picked":["Blade Dance"],"picked":"Singing Bowl","floor":22},{"not_picked":[],"picked":"Poisoned Stab","floor":27},{"not_picked":["Deadly Poison"],"picked":"Singing Bowl","floor":29},{"not_picked":["Deflect"],"picked":"Singing Bowl","floor":31},{"not_picked":[],"picked":"Glass Knife","floor":33},{"not_picked":[],"picked":"Dash+1","floor":35},{"not_picked":["Acrobatics"],"picked":"Singing Bowl","floor":36},{"not_picked":[],"picked":"Bouncing Flask+1","floor":40},{"not_picked":["PanicButton"],"picked":"Singing Bowl","floor":41},{"not_picked":["Deadly Poison+1"],"picked":"Singing Bowl","floor":42},{"not_picked":["Acrobatics+1"],"picked":"Singing Bowl","floor":46},{"not_picked":[],"picked":"Backstab","floor":48}],"player_experience":82904,"relics_obtained":[{"floor":6,"key":"Blue Candle"},{"floor":8,"key":"Incense Burner"},{"floor":9,"key":"Paper Crane"},{"floor":10,"key":"Gremlin Horn"},{"floor":26,"key":"PreservedInsect"},{"floor":40,"key":"Lantern"},{"floor":40,"key":"Calipers"},{"floor":42,"key":"Pocketwatch"},{"floor":42,"key":"Ninja Scroll"},{"floor":43,"key":"Bottled Flame"}],"event_choices":[{"damage_healed":0,"gold_gain":0,"player_choice":"Got Potions","damage_taken":0,"max_hp_gain":0,"max_hp_loss":0,"event_name":"Lab","floor":2,"gold_loss":0},{"damage_healed":0,"gold_gain":0,"player_choice":"Grow","damage_taken":0,"max_hp_gain":0,"max_hp_loss":0,"event_name":"Living Wall","floor":11,"gold_loss":0,"cards_upgraded":["Cloak And Dagger"]},{"damage_healed":0,"gold_gain":0,"cards_transformed":["Strike_G","Strike_G"],"player_choice":"Became Test Subject","damage_taken":0,"max_hp_gain":0,"max_hp_loss":0,"event_name":"Drug Dealer","floor":21,"gold_loss":0,"cards_obtained":["Dagger Spray","Well Laid Plans"]},{"cards_removed":["Calculated Gamble"],"damage_healed":0,"gold_gain":0,"player_choice":"Gave Card","damage_taken":0,"relics_obtained":["Mummified Hand"],"max_hp_gain":0,"max_hp_loss":0,"event_name":"WeMeetAgain","floor":24,"gold_loss":0},{"cards_removed":["Strike_G"],"damage_healed":0,"gold_gain":0,"player_choice":"Removed Attack","damage_taken":0,"max_hp_gain":0,"max_hp_loss":0,"event_name":"Falling","floor":37,"gold_loss":0},{"damage_healed":0,"gold_gain":0,"player_choice":"Ignored","damage_taken":0,"max_hp_gain":0,"max_hp_loss":0,"event_name":"Mysterious Sphere","floor":39,"gold_loss":0},{"damage_healed":0,"gold_gain":0,"player_choice":"Memory 1","damage_taken":0,"max_hp_gain":0,"max_hp_loss":0,"event_name":"SensoryStone","floor":41,"gold_loss":0},{"damage_healed":0,"gold_gain":0,"player_choice":"Paid","damage_taken":0,"relics_obtained":["Red Mask"],"max_hp_gain":0,"max_hp_loss":0,"event_name":"Tomb of Lord Red Mask","floor":45,"gold_loss":81}],"is_beta":false,"boss_relics":[{"not_picked":["Runic Pyramid","Lizard Tail"],"picked":"Busted Crown"},{"not_picked":["Empty Cage","Sozu"],"picked":"Black Star"}],"items_purged_floors":[],"is_endless":false,"potions_floor_spawned":[1,5,7,10,13,18,20,27,31,35,46,48],"ascension_level":0}