{"path_per_floor":["M","M","?","M","$","R","E","R","T","M","$","E","?","E","R"],"character_chosen":"THE_SILENT","items_purchased":[],"gold_per_floor":[109,120,120,136,61,61,90,90,90,110,60,92,92,118,118,118],"floor_reached":16,"campfire_rested":2,"playtime":1148,"current_hp_per_floor":[75,75,75,73,73,73,47,70,70,67,67,44,44,28,51,0],"items_purged":["Normality","Strike_G"],"gold":118,"score":124,"play_id":"1b886ab3-eed9-4726-b86b-96f06f110f26","local_time":"20180501113639","is_prod":false,"is_daily":false,"chose_seed":false,"is_ascension_mode":true,"campfire_upgraded":1,"timestamp":1525142199,"path_taken":["M","?","?","M","$","R","E","R","T","M","$","E","?","E","R","BOSS"],"build_version":"2018-04-28v2","seed_source_timestamp":139671032577680,"purchased_purges":2,"victory":false,"master_deck":["Defend_G+1","Defend_G","Defend_G+1","Defend_G","Defend_G","Strike_G","Strike_G","Strike_G","Strike_G","Survivor","Neutralize+1","Outmaneuver","Acrobatics","Deflect","Backflip","Outmaneuver","Flying Knee","Setup"],"max_hp_per_floor":[77,77,77,77,77,77,77,77,77,77,77,77,77,77,77,77],"relics":["Ring of the Snake","Mango","Ginger","Vajra","Smiling Mask","Unceasing Top","War Paint"],"card_choices":[{"not_picked":["Deadly Poison","Setup"],"picked":"Outmaneuver","floor":1},{"not_picked":["Prepared","Quick Slash"],"picked":"Acrobatics","floor":2},{"not_picked":["Slice","Prepared"],"picked":"Deflect","floor":4},{"not_picked":["Doppelganger","Dagger Throw"],"picked":"Backflip","floor":7},{"not_picked":["Quick Slash","Bouncing Flask"],"picked":"Outmaneuver","floor":10},{"not_picked":["Crippling Poison","Leg Sweep"],"picked":"Flying Knee","floor":12},{"not_picked":["Catalyst","Skewer"],"picked":"Setup","floor":14}],"player_experience":131991,"potions_floor_usage":[7,10,12],"damage_taken":[{"damage":2,"enemies":"Cultist","floor":1,"turns":5},{"damage":0,"enemies":"2 Louse","floor":2,"turns":4},{"damage":2,"enemies":"Small Slimes","floor":4,"turns":4},{"damage":26,"enemies":"Lagavulin","floor":7,"turns":9},{"damage":3,"enemies":"Exordium Thugs","floor":10,"turns":6},{"damage":38,"enemies":"Gremlin Nob","floor":12,"turns":7},{"damage":16,"enemies":"Lagavulin","floor":14,"turns":7},{"damage":53,"enemies":"Slime Boss","floor":16,"turns":13}],"event_choices":[{"event_name":"Accursed Blacksmith","player_choice":"Rummage","floor":3,"damage_taken":0},{"event_name":"The Woman in Blue","player_choice":"Bought 0 Potions","floor":13,"damage_taken":0}],"boss_relics":[],"potions_floor_spawned":[2,4,7,14],"seed_played":"-7297858488741341404","killed_by":"Slime Boss","ascension_level":1,"is_trial":false}