{"gold_per_floor":[111,111,125,125,125,151,151,180,180,180,195,214,139,173,173,269,269],"floor_reached":17,"playtime":733,"items_purged":["Pain"],"score":208,"play_id":"4ae9db1c-0381-4c82-9b19-eb5edcfd0cdb","local_time":"20190114231542","is_ascension_mode":true,"campfire_choices":[{"floor":7,"key":"REST"},{"data":"Envenom","floor":10,"key":"SMITH"},{"floor":15,"key":"REST"}],"neow_cost":"NONE","seed_source_timestamp":503464770877763,"circlet_count":0,"master_deck":["Survivor","Neutralize","Poisoned Stab","Sucker Punch","Bane","Envenom+1","Flying Knee+1","Slice+1","Dagger Spray+1","Wraith Form v2","Die Die Die+1","Deadly Poison","Malaise","Setup","Expertise","All Out Attack+1","Bane+1","Escape Plan","Eviscerate+1","Tactician"],"relics":["Ring of the Snake","NeowsBlessing","Letter Opener","Blue Candle","WarpedTongs","Happy Flower","Molten Egg 2","Oddly Smooth Stone","Orichalcum","Pandora\u0027s Box"],"potions_floor_usage":[],"damage_taken":[{"damage":0,"enemies":"Cultist","floor":1,"turns":1},{"damage":0,"enemies":"Small Slimes","floor":3,"turns":1},{"damage":3,"enemies":"3 Sentries","floor":6,"turns":1},{"damage":12,"enemies":"Gremlin Nob","floor":8,"turns":5},{"damage":1,"enemies":"Jaw Worm","floor":11,"turns":2},{"damage":1,"enemies":"Red Slaver","floor":12,"turns":3},{"damage":6,"enemies":"Lagavulin","floor":14,"turns":5},{"damage":22,"enemies":"The Guardian","floor":16,"turns":9}],"seed_played":"-940154229793218741","potions_obtained":[{"floor":1,"key":"Strength Potion"},{"floor":6,"key":"Weak Potion"},{"floor":14,"key":"GhostInAJar"}],"is_trial":false,"path_per_floor":["M","T","M","?","?","E","R","E","T","R","M","M","$","E","R","B",null],"character_chosen":"THE_SILENT","items_purchased":[],"campfire_rested":2,"item_purchase_floors":[],"current_hp_per_floor":[70,70,70,58,58,55,70,58,58,58,57,56,56,50,70,48,70],"gold":269,"neow_bonus":"THREE_ENEMY_KILL","is_prod":false,"is_daily":false,"chose_seed":false,"campfire_upgraded":1,"win_rate":0,"timestamp":1547536542,"path_taken":["M","?","M","?","?","E","R","E","T","R","?","M","$","E","R","BOSS"],"build_version":"2019-01-10","purchased_purges":1,"victory":false,"max_hp_per_floor":[70,70,70,70,70,70,70,70,70,70,70,70,70,70,70,70,70],"card_choices":[{"not_picked":["Expertise","Well Laid Plans"],"picked":"Poisoned Stab","floor":1},{"not_picked":["Endless Agony","Underhanded Strike"],"picked":"Sucker Punch","floor":3},{"not_picked":["After Image","Blade Dance"],"picked":"Bane","floor":6},{"not_picked":["Well Laid Plans","Footwork"],"picked":"Envenom","floor":8},{"not_picked":["Masterful Stab+1","Deflect"],"picked":"Flying Knee+1","floor":11},{"not_picked":["Underhanded Strike+1","Caltrops"],"picked":"Slice+1","floor":12},{"not_picked":["Prepared","Backflip"],"picked":"Dagger Spray+1","floor":14},{"not_picked":["Grand Finale+1","Malaise"],"picked":"Wraith Form v2","floor":16}],"player_experience":217635,"relics_obtained":[{"floor":2,"key":"Letter Opener"},{"floor":6,"key":"Happy Flower"},{"floor":8,"key":"Molten Egg 2"},{"floor":9,"key":"Oddly Smooth Stone"},{"floor":14,"key":"Orichalcum"}],"event_choices":[{"damage_healed":0,"gold_gain":0,"player_choice":"Success","damage_taken":12,"relics_obtained":["Blue Candle"],"max_hp_gain":0,"max_hp_loss":0,"event_name":"Scrap Ooze","floor":4,"gold_loss":0},{"damage_healed":0,"gold_gain":0,"player_choice":"Rummage","damage_taken":0,"relics_obtained":["WarpedTongs"],"max_hp_gain":0,"max_hp_loss":0,"event_name":"Accursed Blacksmith","floor":5,"gold_loss":0,"cards_obtained":["Pain"]}],"is_beta":false,"boss_relics":[{"not_picked":["Coffee Dripper","Runic Dome"],"picked":"Pandora\u0027s Box"}],"items_purged_floors":[13],"is_endless":false,"potions_floor_spawned":[1,6,14],"ascension_level":1}