{"gold_per_floor":[16,91,91,107,282,313,313,348,348,348],"floor_reached":10,"playtime":625,"items_purged":[],"score":89,"play_id":"7731f935-5ac4-47c0-a7c8-015cd5350867","local_time":"20181204124150","is_ascension_mode":true,"campfire_choices":[{"data":"Darkness","floor":7,"key":"SMITH"}],"neow_cost":"NO_GOLD","seed_source_timestamp":315626303839668,"circlet_count":0,"master_deck":["Strike_B","Strike_B","Strike_B","Defend_B","Defend_B","Defend_B","Zap","Dualcast","Conserve Battery","Reprogram","Ball Lightning","Regret","Darkness+1","Doubt","Rebound","Defragment"],"relics":["Cracked Core","Orichalcum","Ancient Tea Set","Potion Belt","Letter Opener"],"potions_floor_usage":[6,8,10],"damage_taken":[{"damage":1,"enemies":"Small Slimes","floor":1,"turns":4},{"damage":9,"enemies":"2 Louse","floor":4,"turns":2},{"damage":37,"enemies":"Gremlin Nob","floor":6,"turns":4},{"damage":9,"enemies":"3 Sentries","floor":8,"turns":4},{"damage":3,"enemies":"Lagavulin","floor":10,"turns":4}],"seed_played":"2704283597600257352","potions_obtained":[{"floor":1,"key":"Block Potion"},{"floor":4,"key":"Fire Potion"},{"floor":8,"key":"EssenceOfSteel"}],"is_trial":false,"path_per_floor":["M","?","?","M","?","E","R","E","T","E"],"character_chosen":"DEFECT","items_purchased":[],"campfire_rested":0,"item_purchase_floors":[],"current_hp_per_floor":[74,63,63,54,54,17,17,8,8,5],"gold":348,"neow_bonus":"TRANSFORM_TWO_CARDS","is_prod":false,"is_daily":false,"chose_seed":false,"campfire_upgraded":1,"win_rate":0,"timestamp":1543945310,"path_taken":["M","?","?","M","?","E","R","E","T","E"],"build_version":"2018-11-15","purchased_purges":0,"victory":false,"max_hp_per_floor":[75,75,75,75,75,75,75,75,75,75],"card_choices":[{"not_picked":["Doom and Gloom","Compile Driver"],"picked":"Ball Lightning","floor":1},{"not_picked":["Beam Cell","Chaos"],"picked":"Darkness","floor":4},{"not_picked":["Force Field","Gash"],"picked":"Rebound","floor":6},{"not_picked":["Consume","Doom and Gloom"],"picked":"Defragment","floor":8}],"player_experience":273072,"relics_obtained":[{"floor":6,"key":"Ancient Tea Set"},{"floor":8,"key":"Potion Belt"},{"floor":9,"key":"Letter Opener"}],"event_choices":[{"damage_healed":0,"gold_gain":75,"player_choice":"Gather Gold","damage_taken":11,"max_hp_gain":0,"max_hp_loss":0,"event_name":"World of Goop","floor":2,"gold_loss":0},{"damage_healed":0,"gold_gain":0,"player_choice":"Box","damage_taken":0,"relics_obtained":["Orichalcum"],"max_hp_gain":0,"max_hp_loss":0,"event_name":"Big Fish","floor":3,"gold_loss":0,"cards_obtained":["Regret"]},{"damage_healed":0,"gold_gain":175,"player_choice":"AGREE","damage_taken":0,"max_hp_gain":0,"max_hp_loss":0,"event_name":"Liars Game","floor":5,"gold_loss":0,"cards_obtained":["Doubt"]}],"is_beta":false,"boss_relics":[],"items_purged_floors":[],"is_endless":false,"potions_floor_spawned":[1,4,8],"killed_by":"Lagavulin","ascension_level":4}