{"gold_per_floor":[113,113,129,147,222,247,247,47,47,82,97,110,140,150,150,247,247,258,258,25,44,44,44,59,159,159,189,189,219,239,265,265,365,365,376,376,376,42,55,87,107,29,107,136,151,151,162,110,110,110],"floor_reached":51,"playtime":1882,"items_purged":[],"score":1475,"play_id":"a7a70dc2-b28b-4729-82e9-766282025691","local_time":"20181216215215","daily_mods":["Hoarder","Insanity","ControlledChaos","Allstar","Cursed Run"],"is_ascension_mode":false,"campfire_choices":[{"floor":15,"key":"REST"},{"data":"Corruption","floor":23,"key":"SMITH"},{"floor":32,"key":"REST"},{"data":"Mind Blast","floor":49,"key":"SMITH"}],"neow_cost":"","seed_source_timestamp":416920985485827,"circlet_count":0,"master_deck":["Shrug It Off","Shrug It Off","Havoc+1","Heavy Blade","Anger","Shrug It Off","Pommel Strike","Clothesline","Shrug It Off","Thunderclap","Twin Strike","Twin Strike","Twin Strike","Cleave","Cleave","Dual Wield","Havoc","Anger","Anger","Flex","Clash","Pommel Strike","Twin Strike","Evolve","Iron Wave","Reckless Charge","Twin Strike","Anger","True Grit","Disarm","Pommel Strike","Pummel","Pommel Strike","Reckless Charge","Perfected Strike","Corruption+1","Warcry+1","Pommel Strike","Armaments+1","Flex","Sword Boomerang","Heavy Blade","Anger","Sword Boomerang","Headbutt","Wild Strike","Wild Strike","Wild Strike","Uppercut","Swift Strike","Swift Strike","Swift Strike","Mayhem","Mayhem","Mayhem","Secret Weapon","Secret Weapon","Secret Weapon","Good Instincts","Good Instincts","Good Instincts","Sadistic Nature","Sadistic Nature","Sadistic Nature","Demon Form","Demon Form","Demon Form","Whirlwind","Whirlwind","Whirlwind","Havoc","Havoc","Havoc","Clumsy","Clumsy","Clumsy","Havoc","Havoc","Havoc","Inflame","Inflame","Inflame","Normality","Normality","Normality","Fiend Fire","Fiend Fire","Fiend Fire","Corruption+1","Corruption+1","Corruption+1","Metallicize","Metallicize","Metallicize","Shame","Shame","Shame","Infernal Blade","Infernal Blade","Infernal Blade","Clumsy","Clumsy","Clumsy","Pain","Pain","Pain","Seeing Red","Seeing Red","Seeing Red","Power Through","Power Through","Power Through","Doubt","Doubt","Doubt","Juggernaut","Juggernaut","Juggernaut","Sword Boomerang","Sword Boomerang","Sword Boomerang","Mayhem","Mayhem","Mayhem","Mind Blast","Mind Blast+1","Mind Blast","Mind Blast","Mind Blast","Mind Blast","Ghostly Armor","Ghostly Armor","Ghostly Armor","Shrug It Off","Shrug It Off","Shrug It Off","Headbutt+1","Headbutt+1","Headbutt+1","Inflame+1","Inflame+1","Inflame+1","Power Through","Power Through","Power Through","Injury","Injury","Injury","Sword Boomerang+1","Sword Boomerang+1","Sword Boomerang+1","Twin Strike","Twin Strike","Twin Strike","Doubt","Doubt","Doubt","Twin Strike+1","Twin Strike+1","Twin Strike+1","Shrug It Off","Shrug It Off","Shrug It Off","Shame","Shame","Shame"],"relics":["Cursed Key","Darkstone Periapt","Du-Vu Doll","Frozen Eye","Pear","Vajra","Singing Bowl","War Paint","Philosopher\u0027s Stone","Lee\u0027s Waffle","Orichalcum","Girya","Meat on the Bone","Bottled Flame","Mango","Red Skull","Self Forming Clay","Ginger","Eternal Feather","Bag of Preparation","Blood Vial","Centennial Puzzle","Bottled Tornado","Boot"],"potions_floor_usage":[24,31],"damage_taken":[{"damage":0,"enemies":"Jaw Worm","floor":1,"turns":1},{"damage":7,"enemies":"Small Slimes","floor":3,"turns":2},{"damage":0,"enemies":"Cultist","floor":4,"turns":2},{"damage":10,"enemies":"3 Sentries","floor":6,"turns":3},{"damage":0,"enemies":"Lagavulin","floor":10,"turns":2},{"damage":0,"enemies":"Large Slime","floor":11,"turns":2},{"damage":9,"enemies":"Red Slaver","floor":12,"turns":2},{"damage":0,"enemies":"3 Louse","floor":14,"turns":2},{"damage":36,"enemies":"The Guardian","floor":16,"turns":6},{"damage":15,"enemies":"3 Byrds","floor":18,"turns":5},{"damage":0,"enemies":"Spheric Guardian","floor":21,"turns":1},{"damage":5,"enemies":"Chosen and Byrds","floor":24,"turns":3},{"damage":8,"enemies":"Colosseum Slavers","floor":25,"turns":2},{"damage":0,"enemies":"Colosseum Nobs","floor":25,"turns":2},{"damage":21,"enemies":"Book of Stabbing","floor":27,"turns":3},{"damage":0,"enemies":"Slavers","floor":29,"turns":1},{"damage":0,"enemies":"3 Cultists","floor":30,"turns":2},{"damage":4,"enemies":"Gremlin Leader","floor":31,"turns":2},{"damage":30,"enemies":"Automaton","floor":33,"turns":5},{"damage":0,"enemies":"3 Shapes","floor":35,"turns":2},{"damage":0,"enemies":"Orb Walker","floor":39,"turns":1},{"damage":8,"enemies":"Giant Head","floor":40,"turns":2},{"damage":0,"enemies":"3 Darklings","floor":41,"turns":1},{"damage":0,"enemies":"Reptomancer","floor":44,"turns":1},{"damage":9,"enemies":"Sphere and 2 Shapes","floor":45,"turns":1},{"damage":9,"enemies":"4 Shapes","floor":47,"turns":2},{"damage":38,"enemies":"Awakened One","floor":50,"turns":4}],"seed_played":"2350316311138417712","potions_obtained":[{"floor":3,"key":"SteroidPotion"},{"floor":4,"key":"Block Potion"},{"floor":11,"key":"SneckoOil"},{"floor":30,"key":"Ancient Potion"},{"floor":33,"key":"AttackPotion"},{"floor":39,"key":"EssenceOfSteel"}],"is_trial":true,"path_per_floor":["M","$","M","M","?","E","?","$","T","E","M","M","?","M","R","B",null,"M","?","$","M","?","R","M","?","T","E","T","E","M","E","R","B",null,"M","?","?","$","M","E","M","$","T","E","M","?","M","$","R","B",null],"character_chosen":"IRONCLAD","items_purchased":["Havoc","Vajra","Lee\u0027s Waffle","Metallicize","Ghostly Armor","Bag of Preparation","Blood Vial","Power Through","Shrug It Off"],"campfire_rested":2,"item_purchase_floors":[8,8,20,20,38,38,38,42,48],"current_hp_per_floor":[80,80,73,73,62,62,62,62,68,68,70,61,61,63,93,63,106,91,81,113,115,121,121,118,110,116,111,117,119,119,115,153,129,159,159,159,149,149,151,145,147,147,153,155,148,171,162,162,171,139],"gold":110,"neow_bonus":"","is_prod":false,"is_daily":false,"chose_seed":false,"campfire_upgraded":2,"win_rate":0,"timestamp":1545015135,"path_taken":["M","$","M","M","?","E","?","$","T","E","?","M","?","M","R","BOSS","M","?","$","?","?","R","M","?","T","E","?","E","M","E","R","BOSS","M","?","?","$","M","E","M","$","T","E","M","?","?","$","R","BOSS"],"build_version":"2018-12-13","purchased_purges":0,"victory":true,"max_hp_per_floor":[80,80,80,80,80,90,90,90,96,96,98,98,98,100,100,106,106,106,106,113,115,121,121,123,123,129,145,151,153,153,153,153,159,159,159,159,159,159,159,159,159,159,165,165,165,171,171,171,171,177],"card_choices":[{"not_picked":["Perfected Strike","Anger","Pommel Strike"],"picked":"SKIP","floor":1},{"not_picked":["Whirlwind","Armaments"],"picked":"Demon Form","floor":3},{"not_picked":["Cleave","Searing Blow"],"picked":"Whirlwind","floor":4},{"not_picked":["Sentinel","True Grit","Anger"],"picked":"SKIP","floor":6},{"not_picked":["Clothesline","Rage"],"picked":"Havoc","floor":10},{"not_picked":["Carnage","Entrench","Blood for Blood"],"picked":"Singing Bowl","floor":11},{"not_picked":["Twin Strike","Cleave"],"picked":"Inflame","floor":12},{"not_picked":["Cleave","Shrug It Off","Flex"],"picked":"Singing Bowl","floor":14},{"not_picked":["Exhume","Demon Form"],"picked":"Fiend Fire","floor":16},{"not_picked":["Perfected Strike","Carnage"],"picked":"Corruption+1","floor":18},{"not_picked":["Wild Strike","Sword Boomerang+1","Bloodletting"],"picked":"Singing Bowl","floor":21},{"not_picked":["Entrench+1","Clothesline","Warcry+1"],"picked":"Singing Bowl","floor":24},{"not_picked":["Flex","Armaments"],"picked":"Infernal Blade","floor":25},{"not_picked":["Cleave","Exhume","Twin Strike+1"],"picked":"Singing Bowl","floor":27},{"not_picked":["Blood for Blood","Perfected Strike","Iron Wave"],"picked":"Singing Bowl","floor":29},{"not_picked":["Anger","Searing Blow"],"picked":"Seeing Red","floor":30},{"not_picked":["Anger","Reckless Charge+1"],"picked":"Power Through","floor":31},{"not_picked":["Impervious","Bludgeon"],"picked":"Juggernaut","floor":33},{"not_picked":["Sentinel","Entrench+1"],"picked":"Sword Boomerang","floor":35},{"not_picked":["Enlightenment","Purity"],"picked":"Mayhem","floor":37},{"not_picked":["Transmutation","Sadistic Nature"],"picked":"Mind Blast","floor":37},{"not_picked":["PanicButton","Impatience"],"picked":"Mind Blast","floor":37},{"not_picked":["Sever Soul+1","Second Wind"],"picked":"Shrug It Off","floor":39},{"not_picked":["Cleave+1","Anger"],"picked":"Headbutt+1","floor":40},{"not_picked":["Body Slam+1","Clothesline"],"picked":"Inflame+1","floor":41},{"not_picked":["Shrug It Off","Anger+1"],"picked":"Sword Boomerang+1","floor":44},{"not_picked":["Fire Breathing+1","Rampage+1"],"picked":"Twin Strike","floor":45},{"not_picked":["Clash+1","Clothesline"],"picked":"Twin Strike+1","floor":47}],"player_experience":731116,"relics_obtained":[{"floor":6,"key":"Pear"},{"floor":9,"key":"Singing Bowl"},{"floor":10,"key":"War Paint"},{"floor":25,"key":"Girya"},{"floor":25,"key":"Meat on the Bone"},{"floor":26,"key":"Bottled Flame"},{"floor":27,"key":"Mango"},{"floor":28,"key":"Red Skull"},{"floor":29,"key":"Self Forming Clay"},{"floor":31,"key":"Ginger"},{"floor":40,"key":"Centennial Puzzle"},{"floor":43,"key":"Bottled Tornado"},{"floor":44,"key":"Boot"}],"event_choices":[{"damage_healed":0,"gold_gain":75,"player_choice":"Gather Gold","damage_taken":11,"max_hp_gain":0,"max_hp_loss":0,"event_name":"World of Goop","floor":5,"gold_loss":0},{"damage_healed":0,"gold_gain":0,"player_choice":"Upgraded","damage_taken":0,"max_hp_gain":0,"max_hp_loss":0,"event_name":"Upgrade Shrine","floor":7,"gold_loss":0,"cards_upgraded":["Armaments"]},{"damage_healed":0,"gold_gain":30,"player_choice":"Searched \u00271\u0027 times","damage_taken":0,"max_hp_gain":0,"max_hp_loss":0,"event_name":"Dead Adventurer","floor":13,"gold_loss":0},{"damage_healed":0,"gold_gain":0,"player_choice":"","damage_taken":10,"max_hp_gain":0,"max_hp_loss":0,"event_name":"Knowing Skull","floor":19,"potions_obtained":[],"gold_loss":0,"cards_obtained":[]},{"damage_healed":0,"gold_gain":0,"player_choice":"Stole Relic","damage_taken":0,"relics_obtained":["Orichalcum"],"max_hp_gain":0,"max_hp_loss":0,"event_name":"Addict","floor":22,"gold_loss":0,"cards_obtained":["Shame"]},{"damage_healed":0,"gold_gain":0,"player_choice":"Fight","damage_taken":0,"max_hp_gain":0,"max_hp_loss":0,"event_name":"Colosseum","floor":25,"gold_loss":0},{"damage_healed":0,"gold_gain":0,"player_choice":"Fought Nobs","damage_taken":0,"max_hp_gain":0,"max_hp_loss":0,"event_name":"Colosseum","floor":25,"gold_loss":0},{"cards_removed":["Clothesline"],"damage_healed":0,"gold_gain":0,"player_choice":"Removed Attack","damage_taken":0,"max_hp_gain":0,"max_hp_loss":0,"event_name":"Falling","floor":36,"gold_loss":0},{"damage_healed":0,"gold_gain":0,"player_choice":"Memory 3","damage_taken":10,"max_hp_gain":0,"max_hp_loss":0,"event_name":"SensoryStone","floor":37,"gold_loss":0},{"damage_healed":17,"gold_gain":0,"player_choice":"Heal","damage_taken":0,"max_hp_gain":0,"max_hp_loss":0,"event_name":"MindBloom","floor":46,"gold_loss":0,"cards_obtained":["Doubt"]}],"is_beta":false,"boss_relics":[{"not_picked":["Astrolabe","Busted Crown"],"picked":"Philosopher\u0027s Stone"},{"not_picked":["Calling Bell","Orrery"],"picked":"Eternal Feather"}],"items_purged_floors":[],"is_endless":false,"potions_floor_spawned":[3,4,11,25,30,33,39,40,44,47],"ascension_level":0}