{"gold_per_floor":[20,120,132,147,147,166,199,199,199,3,3,3],"floor_reached":12,"playtime":454,"items_purged":[],"score":78,"play_id":"24b50ae6-fb69-442b-a61f-a0556e0df919","local_time":"20190103084827","is_ascension_mode":false,"campfire_choices":[{"floor":11,"key":"REST"}],"neow_cost":"NO_GOLD","seed_source_timestamp":730775426853531,"circlet_count":0,"master_deck":["Strike_B","Strike_B","Defend_B","Defend_B","Defend_B","Zap","Dualcast","Redo","White Noise","Capacitor","Rebound","Static Discharge","Iron Wave","Streamline"],"relics":["Cracked Core","Blood Vial","Ice Cream","Gremlin Horn","PreservedInsect"],"potions_floor_usage":[7],"damage_taken":[{"damage":16,"enemies":"2 Louse","floor":1,"turns":3},{"damage":1,"enemies":"Cultist","floor":3,"turns":3},{"damage":0,"enemies":"Small Slimes","floor":4,"turns":2},{"damage":4,"enemies":"Blue Slaver","floor":6,"turns":3},{"damage":31,"enemies":"Lagavulin","floor":7,"turns":6},{"damage":26,"enemies":"Exordium Thugs","floor":12,"turns":2}],"seed_played":"-3772929441977665696","potions_obtained":[{"floor":6,"key":"Fire Potion"}],"is_trial":false,"path_per_floor":["M","?","M","M","?","M","E","?","T","$","R","M"],"character_chosen":"DEFECT","items_purchased":["PreservedInsect","Streamline"],"campfire_rested":1,"item_purchase_floors":[10,10],"current_hp_per_floor":[59,59,58,58,33,31,2,2,2,2,24,0],"gold":3,"neow_bonus":"REMOVE_TWO","is_prod":false,"is_daily":false,"chose_seed":false,"campfire_upgraded":0,"win_rate":0.0,"timestamp":1546523307,"path_taken":["M","?","M","?","?","M","E","?","T","$","R","?"],"build_version":"2018-12-20","purchased_purges":0,"victory":false,"max_hp_per_floor":[75,75,75,75,75,75,75,75,75,75,75,75],"card_choices":[{"not_picked":["Go for the Eyes","Steam"],"picked":"Redo","floor":1},{"not_picked":["Redo","Chaos"],"picked":"White Noise","floor":3},{"not_picked":["Leap","Rip and Tear"],"picked":"Capacitor","floor":4},{"not_picked":["White Noise","Steam Power"],"picked":"Rebound","floor":6},{"not_picked":["Darkness","Doom and Gloom"],"picked":"Static Discharge","floor":7}],"player_experience":126426,"relics_obtained":[{"floor":7,"key":"Ice Cream"},{"floor":9,"key":"Gremlin Horn"}],"event_choices":[{"damage_healed":0,"gold_gain":100,"player_choice":"Pray","damage_taken":0,"max_hp_gain":0,"max_hp_loss":0,"event_name":"Golden Shrine","floor":2,"gold_loss":0},{"damage_healed":0,"gold_gain":0,"player_choice":"Success","damage_taken":25,"relics_obtained":["Blood Vial"],"max_hp_gain":0,"max_hp_loss":0,"event_name":"Scrap Ooze","floor":5,"gold_loss":0},{"cards_removed":["Defend_B"],"damage_healed":0,"gold_gain":0,"player_choice":"Took Card","damage_taken":0,"max_hp_gain":0,"max_hp_loss":0,"event_name":"NoteForYourself","floor":8,"gold_loss":0,"cards_obtained":["Iron Wave"]}],"is_beta":false,"boss_relics":[],"items_purged_floors":[],"is_endless":false,"potions_floor_spawned":[6],"killed_by":"Exordium Thugs","ascension_level":0}