{"gold_per_floor":[109,38,49,49,49,112,182,182,260,42,59,84,191,224,224,327,327,342,16,29,39,89,121,140,165,165,14,83,133,158,175,175,175],"floor_reached":33,"playtime":1825,"items_purged":["Strike_R","Defend_R"],"score":533,"play_id":"a466464b-c483-40b7-81a2-a25879b6cc06","local_time":"20190118205054","is_ascension_mode":true,"campfire_choices":[{"data":"Whirlwind","floor":8,"key":"SMITH"},{"data":"Bludgeon","floor":15,"key":"SMITH"},{"data":"Bash","floor":32,"key":"SMITH"}],"neow_cost":"NONE","seed_source_timestamp":859307331920479,"circlet_count":0,"master_deck":["Strike_R","Strike_R","Strike_R+1","Strike_R","Defend_R+1","Defend_R","Defend_R","Bash+1","Evolve","Flex","Cleave","Bludgeon+1","Whirlwind+1","Flame Barrier+1","Disarm+1","Metallicize","Reaper+1","Juggernaut","Ghostly Armor","Disarm+1","Havoc+1","True Grit+1","Flex+1","Flame Barrier+1","Shrug It Off+1","Ghostly+1","Ghostly+1","Ghostly+1","Ghostly+1","Ghostly+1","Exhume+1","Clothesline"],"relics":["Burning Blood","NeowsBlessing","SsserpentHead","Tiny Chest","Mercury Hourglass","Pen Nib","War Paint","Shuriken","Mummified Hand","Coffee Dripper","Toxic Egg 2","Ginger","Ancient Tea Set","Whetstone","Happy Flower"],"potions_floor_usage":[12,13,14,25,31,33,33],"damage_taken":[{"damage":0,"enemies":"Small Slimes","floor":1,"turns":1},{"damage":0,"enemies":"Cultist","floor":3,"turns":1},{"damage":0,"enemies":"Lagavulin","floor":6,"turns":1},{"damage":7,"enemies":"2 Louse","floor":7,"turns":3},{"damage":11,"enemies":"Looter","floor":11,"turns":2},{"damage":30,"enemies":"3 Sentries","floor":12,"turns":5},{"damage":0,"enemies":"3 Sentries","floor":13,"turns":3},{"damage":0,"enemies":"Gremlin Nob","floor":14,"turns":2},{"damage":15,"enemies":"Slime Boss","floor":16,"turns":6},{"damage":6,"enemies":"3 Byrds","floor":18,"turns":2},{"damage":0,"enemies":"Chosen","floor":20,"turns":3},{"damage":0,"enemies":"Slavers","floor":23,"turns":1},{"damage":25,"enemies":"Centurion and Healer","floor":24,"turns":5},{"damage":18,"enemies":"Gremlin Leader","floor":25,"turns":7},{"damage":19,"enemies":"Sentry and Sphere","floor":28,"turns":5},{"damage":31,"enemies":"Slavers","floor":30,"turns":5},{"damage":3,"enemies":"Snake Plant","floor":31,"turns":3},{"damage":52,"enemies":"Automaton","floor":33,"turns":6}],"seed_played":"1571223270076306298","potions_obtained":[{"floor":11,"key":"Fruit Juice"},{"floor":12,"key":"Block Potion"},{"floor":13,"key":"FearPotion"},{"floor":16,"key":"Energy Potion"},{"floor":24,"key":"Poison Potion"},{"floor":28,"key":"Poison Potion"},{"floor":30,"key":"SpeedPotion"},{"floor":31,"key":"Explosive Potion"}],"is_trial":false,"path_per_floor":["M","$","M","?","$","E","M","R","T","$","M","E","?","E","R","B",null,"M","$","M","?","$","E","M","E","T","$","M","?","E","M","R","B"],"character_chosen":"IRONCLAD","items_purchased":["Flex","Cleave","Pen Nib","Toxic Egg 2","Disarm+1","Shrug It Off+1"],"campfire_rested":0,"item_purchase_floors":[2,2,10,19,19,27],"current_hp_per_floor":[80,80,80,80,80,80,79,79,79,79,74,55,61,67,67,58,85,85,85,85,85,85,85,66,73,73,73,60,42,17,20,20,0],"gold":175,"neow_bonus":"THREE_ENEMY_KILL","is_prod":false,"is_daily":false,"chose_seed":false,"campfire_upgraded":3,"win_rate":0,"timestamp":1547862654,"path_taken":["M","$","M","?","$","E","?","R","T","$","M","E","?","E","R","BOSS","M","$","M","?","?","E","M","E","T","$","?","?","E","M","R","BOSS"],"build_version":"2019-01-17v2","purchased_purges":2,"victory":false,"max_hp_per_floor":[80,80,80,80,80,80,80,80,80,80,80,85,85,85,85,85,85,85,85,85,85,85,85,85,85,85,85,85,42,42,42,42,42],"card_choices":[{"not_picked":["Pommel Strike","Wild Strike"],"picked":"Evolve","floor":1},{"not_picked":["Havoc","Warcry"],"picked":"Bludgeon","floor":3},{"not_picked":["Clash","Evolve"],"picked":"Whirlwind","floor":6},{"not_picked":["Carnage","Twin Strike"],"picked":"Flame Barrier","floor":7},{"not_picked":["Iron Wave","Corruption"],"picked":"Disarm","floor":11},{"not_picked":["Clash","Anger"],"picked":"Metallicize","floor":12},{"not_picked":["Clash","Burning Pact"],"picked":"Reaper","floor":14},{"not_picked":["Barricade","Offering"],"picked":"Juggernaut","floor":16},{"not_picked":["Flex","Clash+1"],"picked":"Ghostly Armor","floor":18},{"not_picked":["Burning Pact+1","Rampage"],"picked":"Havoc+1","floor":20},{"not_picked":["Iron Wave+1","Rupture+1"],"picked":"True Grit+1","floor":23},{"not_picked":["Iron Wave","Dropkick"],"picked":"Flex+1","floor":24},{"not_picked":["Sword Boomerang","Blood for Blood"],"picked":"Flame Barrier+1","floor":25},{"not_picked":["Warcry+1","Burning Pact+1","Whirlwind"],"picked":"SKIP","floor":28},{"not_picked":["Hemokinesis","Body Slam"],"picked":"Exhume+1","floor":30},{"not_picked":["Clash+1","Infernal Blade+1"],"picked":"Clothesline","floor":31}],"player_experience":257413,"relics_obtained":[{"floor":6,"key":"Tiny Chest"},{"floor":9,"key":"Mercury Hourglass"},{"floor":12,"key":"War Paint"},{"floor":13,"key":"Shuriken"},{"floor":14,"key":"Mummified Hand"},{"floor":23,"key":"Ginger"},{"floor":25,"key":"Ancient Tea Set"},{"floor":26,"key":"Whetstone"},{"floor":30,"key":"Happy Flower"}],"event_choices":[{"damage_healed":0,"gold_gain":0,"player_choice":"Trade","damage_taken":0,"relics_obtained":["SsserpentHead"],"max_hp_gain":0,"max_hp_loss":0,"event_name":"FaceTrader","floor":4,"gold_loss":0},{"damage_healed":0,"gold_gain":0,"player_choice":"Searched \u00271\u0027 times","damage_taken":0,"max_hp_gain":0,"max_hp_loss":0,"event_name":"Dead Adventurer","floor":13,"gold_loss":0},{"damage_healed":0,"gold_gain":0,"player_choice":"Upgrade","damage_taken":0,"max_hp_gain":0,"max_hp_loss":0,"event_name":"Designer","floor":21,"gold_loss":40,"cards_upgraded":["Flame Barrier"]},{"damage_healed":0,"gold_gain":0,"player_choice":"Became a Ghost","damage_taken":0,"max_hp_gain":0,"max_hp_loss":43,"event_name":"Ghosts","floor":29,"gold_loss":0,"cards_obtained":["Ghostly","Ghostly","Ghostly","Ghostly","Ghostly"]}],"is_beta":false,"boss_relics":[{"not_picked":["Fusion Hammer","Runic Cube"],"picked":"Coffee Dripper"}],"items_purged_floors":[10,27],"is_endless":false,"potions_floor_spawned":[11,12,13,16,24,28,30,31],"killed_by":"Automaton","ascension_level":4}