{"gold_per_floor":[110,110,110,110,35,35,69,69,144,156,80,135,166,182,182,182],"floor_reached":16,"playtime":773,"items_purged":["Regret"],"score":127,"play_id":"f623b878-0292-457d-b082-697e93e3998e","local_time":"20180914165830","is_ascension_mode":true,"campfire_choices":[{"data":"Zap","floor":6,"key":"SMITH"},{"data":"Dualcast","floor":8,"key":"SMITH"},{"data":"Self Repair","floor":15,"key":"SMITH"}],"neow_cost":"","seed_source_timestamp":71749176141637,"circlet_count":0,"master_deck":["Strike_B","Strike_B","Strike_B","Strike_B","Defend_B","Defend_B+1","Defend_B","Defend_B","Zap+1","Dualcast+1","Storm+1","Stack","Core Surge","Self Repair+1","Chill","Cold Snap"],"relics":["Cracked Core","Potion Belt","Letter Opener","Strawberry","Darkstone Periapt","Art of War","Orichalcum"],"potions_floor_usage":[],"damage_taken":[{"damage":0,"enemies":"2 Louse","floor":1,"turns":1},{"damage":18,"enemies":"Lagavulin","floor":7,"turns":8},{"damage":0,"enemies":"Jaw Worm","floor":10,"turns":2},{"damage":27,"enemies":"3 Sentries","floor":13,"turns":6},{"damage":2,"enemies":"Small Slimes","floor":14,"turns":2},{"damage":42,"enemies":"Slime Boss","floor":16,"turns":6}],"seed_played":"-8237539224536866094","potions_obtained":[{"floor":1,"key":"SteroidPotion"},{"floor":7,"key":"Swift Potion"}],"is_trial":false,"path_per_floor":["M","?","?","?","$","R","E","R","T","M","$","T","E","M","R"],"character_chosen":"DEFECT","items_purchased":["Self Repair"],"campfire_rested":0,"item_purchase_floors":[11],"current_hp_per_floor":[75,75,60,60,60,60,49,49,49,49,49,49,29,34,34,0],"gold":182,"neow_bonus":"","is_prod":false,"is_daily":false,"chose_seed":false,"campfire_upgraded":3,"win_rate":0,"timestamp":1536911910,"path_taken":["M","?","?","?","$","R","E","R","T","?","?","?","E","M","R","BOSS"],"build_version":"2018-09-12","purchased_purges":1,"victory":false,"max_hp_per_floor":[75,75,75,75,75,75,82,82,82,82,82,82,82,82,82,82],"card_choices":[{"not_picked":["Stack","Reprogram"],"picked":"Storm","floor":1},{"not_picked":["Streamline","Darkness"],"picked":"Stack","floor":7},{"not_picked":["Coolheaded","Hologram"],"picked":"Core Surge","floor":10},{"not_picked":["Beam Cell","Steam"],"picked":"Chill","floor":13},{"not_picked":["Chaos","Consume"],"picked":"Cold Snap","floor":14}],"player_experience":426006,"relics_obtained":[{"floor":7,"key":"Strawberry"},{"floor":9,"key":"Darkstone Periapt"},{"floor":12,"key":"Art of War"},{"floor":13,"key":"Orichalcum"}],"event_choices":[{"event_name":"Big Fish","player_choice":"Box","floor":2,"damage_taken":0},{"event_name":"Shining Light","player_choice":"Entered Light","floor":3,"damage_taken":0},{"event_name":"WeMeetAgain","player_choice":"Potion","floor":4,"damage_taken":0}],"is_beta":true,"boss_relics":[],"items_purged_floors":[5],"is_endless":false,"potions_floor_spawned":[1,7],"killed_by":"Slime Boss","ascension_level":4}