{"gold_per_floor":[110,125,200,219,232,258,258,258,304,337,337,369,383,402,402,497,497,511,527,543,468,468,501,501,517,517,546,561,575,100,120,120,221,221,236,30,54,66,89,131,163,175,187,229,251,263,310,340,352,364],"floor_reached":51,"playtime":3216,"items_purged":["Strike_B","Defend_B"],"score":1016,"play_id":"1cbb5c9a-cbe7-4571-abe1-26a7a58292ee","local_time":"20181010152945","is_ascension_mode":true,"campfire_choices":[{"floor":8,"key":"REST"},{"floor":11,"key":"REST"},{"floor":15,"key":"REST"},{"data":"Double Energy","floor":24,"key":"SMITH"},{"floor":32,"key":"REST"},{"floor":42,"key":"REST"},{"floor":46,"key":"REST"},{"floor":49,"key":"REST"}],"neow_cost":"PERCENT_DAMAGE","seed_source_timestamp":48463243907449,"circlet_count":0,"master_deck":["Strike_B","Defend_B","Zap","Dualcast","Go for the Eyes","Redo","Ball Lightning","Thunder Strike","Rainbow","Conserve Battery","Go for the Eyes","Double Energy+1","Streamline","Electrodynamics","Sunder+1","Double Energy+1","Fusion+1","Melter","Ball Lightning","Buffer","Static Discharge","Ball Lightning+1","Go for the Eyes+1","Beam Cell","Ball Lightning","Apotheosis","Melter","Creative AI","Beam Cell","Ball Lightning+1","Flash of Steel","Sweeping Beam","Defragment","Coolheaded+1","Glacier+1","Defragment+1"],"relics":["Cracked Core","Strawberry","PreservedInsect","Anchor","The Courier","Gremlin Horn","Astrolabe","Ancient Tea Set","Bottled Lightning","Centennial Puzzle","TheAbacus","Blood Vial","Runic Pyramid","MawBank","Emotion Chip","Bottled Tornado","Mango","Dodecahedron"],"potions_floor_usage":[6,10,16,18,23,25,28,31,33,33,39,45,47,50],"damage_taken":[{"damage":2,"enemies":"2 Louse","floor":1,"turns":2},{"damage":0,"enemies":"Small Slimes","floor":2,"turns":3},{"damage":7,"enemies":"Jaw Worm","floor":4,"turns":3},{"damage":4,"enemies":"Red Slaver","floor":5,"turns":3},{"damage":25,"enemies":"3 Sentries","floor":6,"turns":6},{"damage":13,"enemies":"Lagavulin","floor":10,"turns":4},{"damage":8,"enemies":"3 Sentries","floor":12,"turns":5},{"damage":11,"enemies":"Exordium Wildlife","floor":13,"turns":4},{"damage":18,"enemies":"Gremlin Gang","floor":14,"turns":5},{"damage":28,"enemies":"The Guardian","floor":16,"turns":9},{"damage":22,"enemies":"Spheric Guardian","floor":18,"turns":4},{"damage":2,"enemies":"Chosen","floor":19,"turns":4},{"damage":16,"enemies":"3 Cultists","floor":20,"turns":3},{"damage":5,"enemies":"Slavers","floor":23,"turns":2},{"damage":0,"enemies":"Centurion and Healer","floor":25,"turns":4},{"damage":29,"enemies":"Gremlin Leader","floor":27,"turns":4},{"damage":31,"enemies":"Snecko","floor":28,"turns":3},{"damage":0,"enemies":"3 Cultists","floor":29,"turns":2},{"damage":1,"enemies":"Snake Plant","floor":31,"turns":3},{"damage":38,"enemies":"Champ","floor":33,"turns":7},{"damage":10,"enemies":"Orb Walker","floor":35,"turns":4},{"damage":11,"enemies":"3 Shapes","floor":37,"turns":3},{"damage":1,"enemies":"Spire Growth","floor":39,"turns":2},{"damage":38,"enemies":"2 Orb Walkers","floor":40,"turns":3},{"damage":15,"enemies":"3 Darklings","floor":41,"turns":3},{"damage":10,"enemies":"Giant Head","floor":44,"turns":4},{"damage":36,"enemies":"Maw","floor":45,"turns":5},{"damage":14,"enemies":"Nemesis","floor":47,"turns":5},{"damage":4,"enemies":"Reptomancer","floor":48,"turns":3},{"damage":31,"enemies":"Awakened One","floor":50,"turns":10}],"seed_played":"-805896478806730891","potions_obtained":[{"floor":2,"key":"SpeedPotion"},{"floor":5,"key":"LiquidBronze"},{"floor":12,"key":"SteroidPotion"},{"floor":14,"key":"PowerPotion"},{"floor":16,"key":"Poison Potion"},{"floor":18,"key":"GamblersBrew"},{"floor":23,"key":"AttackPotion"},{"floor":25,"key":"Dexterity Potion"},{"floor":27,"key":"AttackPotion"},{"floor":28,"key":"SkillPotion"},{"floor":33,"key":"Swift Potion"},{"floor":40,"key":"Energy Potion"},{"floor":45,"key":"Weak Potion"},{"floor":48,"key":"Regen Potion"}],"is_trial":false,"path_per_floor":["M","M","?","M","M","E","T","R","T","E","R","E","M","M","R","B",null,"M","M","M","?","?","E","R","M","T","E","M","M","$","M","R","B",null,"M","$","M","?","M","E","M","R","T","E","M","R","E","M","R","B"],"character_chosen":"DEFECT","items_purchased":["Apotheosis","TheAbacus","Blood Vial","MawBank"],"campfire_rested":7,"item_purchase_floors":[30,30,30,36],"current_hp_per_floor":[63,63,52,45,41,23,23,51,51,38,66,58,47,29,57,29,96,74,72,56,56,88,83,83,83,83,54,23,23,23,24,52,16,96,86,86,77,77,78,42,29,57,57,63,29,62,50,48,81,67],"gold":376,"neow_bonus":"TWENTY_PERCENT_HP_BONUS","is_prod":false,"is_daily":false,"chose_seed":false,"campfire_upgraded":1,"win_rate":0,"timestamp":1539199785,"path_taken":["M","M","?","M","M","E","?","R","T","E","R","E","?","?","R","BOSS","M","?","M","?","?","E","R","?","T","E","M","M","$","?","R","BOSS","M","$","M","?","?","E","M","R","T","E","M","R","E","M","R","BOSS"],"build_version":"2018-10-04v2","purchased_purges":2,"victory":true,"max_hp_per_floor":[89,89,89,89,89,96,96,96,96,96,96,96,96,96,96,96,96,96,96,96,96,96,96,96,96,96,96,96,96,96,96,96,96,96,96,96,96,96,96,96,96,96,96,110,110,110,110,110,110,110],"card_choices":[{"not_picked":["Beam Cell","Glacier"],"picked":"Go for the Eyes","floor":1},{"not_picked":["Force Field","Consume"],"picked":"Redo","floor":2},{"not_picked":["Gash","Rebound"],"picked":"Ball Lightning","floor":4},{"not_picked":["BootSequence","Hologram"],"picked":"Thunder Strike","floor":5},{"not_picked":["Cold Snap","Fusion"],"picked":"Rainbow","floor":6},{"not_picked":["Echo Form","Streamline"],"picked":"Conserve Battery","floor":10},{"not_picked":["Steam","Recycle"],"picked":"Go for the Eyes","floor":12},{"not_picked":["Cold Snap","Gash"],"picked":"Double Energy","floor":13},{"not_picked":["Force Field","Ball Lightning"],"picked":"Streamline","floor":14},{"not_picked":["Hyperbeam","Biased Cognition"],"picked":"Electrodynamics","floor":16},{"not_picked":["Force Field+1","Glacier"],"picked":"Melter","floor":18},{"not_picked":["Hologram","Leap"],"picked":"Ball Lightning","floor":19},{"not_picked":["Steam+1","Go for the Eyes"],"picked":"Buffer","floor":20},{"not_picked":["Hologram+1","Blizzard+1"],"picked":"Static Discharge","floor":23},{"not_picked":["Stack","Gash+1"],"picked":"Ball Lightning+1","floor":25},{"not_picked":["Streamline+1","Hologram"],"picked":"Go for the Eyes+1","floor":27},{"not_picked":["Conserve Battery","Storm"],"picked":"Beam Cell","floor":28},{"not_picked":["Chill","Cold Snap+1"],"picked":"Ball Lightning","floor":29},{"not_picked":["Redo+1","Rip and Tear"],"picked":"Melter","floor":31},{"not_picked":["Electrodynamics","Core Surge"],"picked":"Creative AI","floor":33},{"not_picked":["Steam+1","Hologram"],"picked":"Beam Cell","floor":35},{"not_picked":["Cold Snap+1","Barrage+1"],"picked":"Ball Lightning+1","floor":37},{"not_picked":["Magnetism","Panache"],"picked":"Flash of Steel","floor":38},{"not_picked":["Go for the Eyes","Redo"],"picked":"Sweeping Beam","floor":39},{"not_picked":["Beam Cell+1","Chaos"],"picked":"Defragment","floor":40},{"not_picked":["Cold Snap","Double Energy","Hologram+1"],"picked":"SKIP","floor":41},{"not_picked":["Hello World","Core Surge","Beam Cell"],"picked":"SKIP","floor":44},{"not_picked":["Chaos","Force Field"],"picked":"Coolheaded+1","floor":45},{"not_picked":["Stack+1","Machine Learning"],"picked":"Glacier+1","floor":47},{"not_picked":["Redo","Conserve Battery"],"picked":"Defragment+1","floor":48}],"player_experience":228021,"relics_obtained":[{"floor":6,"key":"Strawberry"},{"floor":7,"key":"PreservedInsect"},{"floor":9,"key":"Anchor"},{"floor":10,"key":"The Courier"},{"floor":12,"key":"Gremlin Horn"},{"floor":23,"key":"Ancient Tea Set"},{"floor":26,"key":"Bottled Lightning"},{"floor":27,"key":"Centennial Puzzle"},{"floor":40,"key":"Emotion Chip"},{"floor":43,"key":"Bottled Tornado"},{"floor":44,"key":"Mango"},{"floor":47,"key":"Dodecahedron"}],"event_choices":[{"event_name":"World of Goop","player_choice":"Gather Gold","floor":3,"damage_taken":0},{"event_name":"Beggar","player_choice":"Gave Gold","floor":21,"damage_taken":0},{"event_name":"The Library","player_choice":"Heal","floor":22,"damage_taken":0},{"event_name":"SensoryStone","player_choice":"Memory 1","floor":38,"damage_taken":0}],"is_beta":false,"boss_relics":[{"not_picked":["Black Star","Velvet Choker"],"picked":"Astrolabe"},{"not_picked":["Eternal Feather","Orrery"],"picked":"Runic Pyramid"}],"items_purged_floors":[30,36],"is_endless":false,"potions_floor_spawned":[2,5,12,14,16,18,23,25,27,28,33,40,45,48],"ascension_level":3}