{"gold_per_floor":[118,31,49,49,62,96,96,107,107,123,123,143,173,187,187,286,286,299,310,310,310,310,310,310,19,19,48,60,83,106,46,46,46],"floor_reached":33,"playtime":2366,"items_purged":[],"score":327,"play_id":"8b32272a-3b2a-46ef-a5b0-eff2e3b92e71","local_time":"20190127161844","is_ascension_mode":false,"campfire_choices":[{"floor":7,"key":"REST"},{"floor":15,"key":"REST"},{"floor":23,"key":"REST"},{"floor":28,"key":"REST"},{"floor":32,"key":"REST"}],"neow_cost":"NONE","seed_source_timestamp":1610627187133265,"circlet_count":0,"master_deck":["Strike_B","Strike_B","Strike_B","Strike_B","Defend_B","Defend_B","Defend_B","Defend_B","Zap","Dualcast","Ball Lightning","Capacitor","Redo","Ball Lightning","Cold Snap","Sweeping Beam","Lockon","Redo","Ball Lightning","Creative AI","All For One","Leap+1","Compile Driver+1","Barrage","Ball Lightning","Gash+1","Streamline","FTL"],"relics":["Cracked Core","Orichalcum","Kunai","Thread and Needle","Runic Pyramid","MutagenicStrength","Gambling Chip","Question Card","Bird Faced Urn","MawBank"],"potions_floor_usage":[27,27,27],"damage_taken":[{"damage":1,"enemies":"Cultist","floor":1,"turns":3},{"damage":5,"enemies":"Small Slimes","floor":3,"turns":2},{"damage":11,"enemies":"Jaw Worm","floor":5,"turns":2},{"damage":28,"enemies":"Gremlin Nob","floor":6,"turns":4},{"damage":0,"enemies":"Lots of Slimes","floor":8,"turns":3},{"damage":6,"enemies":"2 Fungi Beasts","floor":10,"turns":2},{"damage":12,"enemies":"Exordium Wildlife","floor":12,"turns":3},{"damage":6,"enemies":"3 Sentries","floor":13,"turns":4},{"damage":7,"enemies":"3 Louse","floor":14,"turns":3},{"damage":9,"enemies":"Slime Boss","floor":16,"turns":8},{"damage":38,"enemies":"3 Byrds","floor":18,"turns":5},{"damage":8,"enemies":"Spheric Guardian","floor":19,"turns":4},{"damage":25,"enemies":"Slavers","floor":27,"turns":4},{"damage":22,"enemies":"3 Cultists","floor":29,"turns":6},{"damage":35,"enemies":"Centurion and Healer","floor":30,"turns":6},{"damage":53,"enemies":"Automaton","floor":33,"turns":6}],"seed_played":"-7256562760274429330","potions_obtained":[{"floor":6,"key":"LiquidBronze"},{"floor":10,"key":"Swift Potion"},{"floor":12,"key":"SteroidPotion"},{"floor":13,"key":"FocusPotion"},{"floor":30,"key":"LiquidBronze"}],"is_trial":false,"path_per_floor":["M","$","M","?","M","E","R","M","T","M","?","M","E","M","R","B",null,"M","M","?","T","?","R","?","$","T","E","R","M","M","$","R","B"],"character_chosen":"DEFECT","items_purchased":["Capacitor","Redo","Question Card","Barrage","FTL"],"campfire_rested":5,"item_purchase_floors":[2,2,25,25,31],"current_hp_per_floor":[81,81,76,76,65,37,61,61,61,55,92,80,74,67,92,83,92,54,46,46,46,46,73,55,55,55,32,61,41,6,6,35,0],"gold":46,"neow_bonus":"TEN_PERCENT_HP_BONUS","is_prod":false,"is_daily":false,"chose_seed":false,"campfire_upgraded":0,"win_rate":0.0,"timestamp":1548641924,"path_taken":["M","?","?","?","M","E","R","M","T","M","?","M","E","M","R","BOSS","M","?","?","?","?","R","?","$","T","E","R","M","M","$","R","BOSS"],"build_version":"2019-01-23","purchased_purges":0,"victory":false,"max_hp_per_floor":[82,82,82,82,82,82,82,82,82,82,92,92,92,92,92,92,92,92,92,92,92,92,92,97,97,97,97,97,97,97,97,97,97],"card_choices":[{"not_picked":["Stack","Redo"],"picked":"Ball Lightning","floor":1},{"not_picked":["Capacitor","Gash"],"picked":"Ball Lightning","floor":3},{"not_picked":["Static Discharge","White Noise"],"picked":"Cold Snap","floor":5},{"not_picked":["Force Field","Hologram"],"picked":"Creative AI","floor":6},{"not_picked":["Scrape","Gash"],"picked":"Sweeping Beam","floor":8},{"not_picked":["Hologram","Leap"],"picked":"Lockon","floor":10},{"not_picked":["Beam Cell","BootSequence"],"picked":"Redo","floor":12},{"not_picked":["Static Discharge","Beam Cell"],"picked":"Ball Lightning","floor":13},{"not_picked":["Stack","Skim"],"picked":"Creative AI","floor":14},{"not_picked":["Creative AI","Biased Cognition"],"picked":"All For One","floor":16},{"not_picked":["Redo","Stack"],"picked":"Leap+1","floor":18},{"not_picked":["Redo","Coolheaded"],"picked":"Compile Driver+1","floor":19},{"not_picked":["Redo","Consume","Cold Snap"],"picked":"Ball Lightning","floor":27},{"not_picked":["Defragment","All For One","Steam"],"picked":"Gash+1","floor":29},{"not_picked":["Hologram+1","Stack+1","Redo"],"picked":"Streamline","floor":30}],"player_experience":5820,"relics_obtained":[{"floor":6,"key":"Orichalcum"},{"floor":9,"key":"Kunai"},{"floor":13,"key":"Thread and Needle"},{"floor":21,"key":"Gambling Chip"},{"floor":26,"key":"Bird Faced Urn"},{"floor":27,"key":"MawBank"}],"event_choices":[{"damage_healed":0,"gold_gain":0,"player_choice":"Ignored","damage_taken":0,"max_hp_gain":0,"max_hp_loss":0,"event_name":"Golden Wing","floor":4,"gold_loss":0},{"cards_removed":["Creative AI"],"damage_healed":27,"gold_gain":0,"player_choice":"Offered Rare","damage_taken":0,"max_hp_gain":10,"max_hp_loss":0,"event_name":"Bonfire Elementals","floor":11,"gold_loss":0},{"damage_healed":0,"gold_gain":0,"player_choice":"Inject Mutagens","damage_taken":0,"relics_obtained":["MutagenicStrength"],"max_hp_gain":0,"max_hp_loss":0,"event_name":"Drug Dealer","floor":20,"gold_loss":0},{"damage_healed":0,"gold_gain":0,"player_choice":"Ignored","damage_taken":0,"max_hp_gain":0,"max_hp_loss":0,"event_name":"Beggar","floor":22,"gold_loss":0},{"damage_healed":0,"gold_gain":0,"player_choice":"Shed Blood","damage_taken":23,"max_hp_gain":5,"max_hp_loss":0,"event_name":"Forgotten Altar","floor":24,"gold_loss":0}],"is_beta":false,"boss_relics":[{"not_picked":["Fusion Hammer","Astrolabe"],"picked":"Runic Pyramid"}],"items_purged_floors":[],"is_endless":false,"potions_floor_spawned":[6,10,12,13,16,18,30],"killed_by":"Automaton","ascension_level":0}