{"gold_per_floor":[117,194,207,1,1,31,31,64,87,122,122,149,149,162,162,266,266,283,296,296,217,217,217,242,242,296,339,351,363,409,439,451,568,580,612,681,693,514,529,564,564,325,325,341,341,616,630,453,453,453,453,453,155,182,182],"floor_reached":55,"playtime":4315,"items_purged":[],"score":1066,"play_id":"fdca30c9-0dec-4143-83bb-688bd1b93088","local_time":"20190114224327","is_ascension_mode":true,"campfire_choices":[{"floor":13.0,"key":"REST"},{"data":"Apotheosis","floor":15.0,"key":"SMITH"},{"floor":23.0,"key":"RECALL"},{"floor":25.0,"key":"REST"},{"floor":28.0,"key":"REST"},{"floor":32.0,"key":"REST"},{"floor":41.0,"key":"REST"},{"data":"1","floor":49.0,"key":"LIFT"},{"data":"2","floor":52.0,"key":"LIFT"}],"neow_cost":"NONE","seed_source_timestamp":0,"circlet_count":0,"master_deck":["Defend_G","Defend_G","Defend_G","Defend_G","Defend_G+1","Strike_G","Strike_G","Strike_G","Strike_G","Strike_G","Survivor","Neutralize","Underhanded Strike","Poisoned Stab","Apotheosis+1","Noxious Fumes","Cloak And Dagger","Caltrops","Backflip","Cloak And Dagger+1","Catalyst","Burst","Backflip","Deadly Poison+1","Shame","Poisoned Stab","Bane","Flying Knee","Clumsy","Poisoned Stab+1","Catalyst","Bouncing Flask+1","Die Die Die","Cloak And Dagger","Shame","Bouncing Flask+1","Escape Plan+1","Decay","Writhe","Regret","Bane","Chrysalis","Unload"],"special_seed":0,"relics":["Ring of the Snake","NeowsBlessing","Regal Pillow","Gremlin Horn","Du-Vu Doll","Tingsha","Orichalcum","Cursed Key","Centennial Puzzle","Pear","MawBank","Omamori","War Paint","Darkstone Periapt","Busted Crown","Tiny Chest","Smiling Mask","Sling","Potion Belt","Kunai","Girya","Strawberry","Bottled Tornado"],"potions_floor_usage":[],"damage_taken":[{"damage":0.0,"enemies":"2 Louse","floor":1.0,"turns":1.0},{"damage":0.0,"enemies":"Small Slimes","floor":3.0,"turns":1.0},{"damage":0.0,"enemies":"3 Sentries","floor":6.0,"turns":1.0},{"damage":16.0,"enemies":"Gremlin Nob","floor":8.0,"turns":5.0},{"damage":8.0,"enemies":"3 Sentries","floor":10.0,"turns":7.0},{"damage":13.0,"enemies":"Lagavulin","floor":12.0,"turns":6.0},{"damage":0.0,"enemies":"Jaw Worm","floor":14.0,"turns":3.0},{"damage":0.0,"enemies":"The Guardian","floor":16.0,"turns":8.0},{"damage":0.0,"enemies":"Spheric Guardian","floor":18.0,"turns":5.0},{"damage":0.0,"enemies":"Shell Parasite","floor":19.0,"turns":4.0},{"damage":16.0,"enemies":"Slavers","floor":24.0,"turns":5.0},{"damage":21.0,"enemies":"Gremlin Leader","floor":27.0,"turns":5.0},{"damage":8.0,"enemies":"Book of Stabbing","floor":30.0,"turns":4.0},{"damage":19.0,"enemies":"Chosen and Byrds","floor":31.0,"turns":5.0},{"damage":4.0,"enemies":"Collector","floor":33.0,"turns":8.0},{"damage":25.0,"enemies":"3 Darklings","floor":35.0,"turns":4.0},{"damage":0.0,"enemies":"3 Shapes","floor":39.0,"turns":2.0},{"damage":5.0,"enemies":"Giant Head","floor":40.0,"turns":6.0},{"damage":14.0,"enemies":"Sphere and 2 Shapes","floor":44.0,"turns":4.0},{"damage":8.0,"enemies":"Spire Growth","floor":47.0,"turns":3.0},{"damage":79.0,"enemies":"Awakened One","floor":50.0,"turns":10.0},{"damage":54.0,"enemies":"Shield and Spear","floor":54.0,"turns":6.0},{"damage":61,"enemies":"The Heart","floor":55,"turns":2}],"seed_played":"2558475483508671411","potions_obtained":[{"floor":7.0,"key":"Swift Potion"},{"floor":7.0,"key":"Block Potion"},{"floor":7.0,"key":"Regen Potion"},{"floor":8.0,"key":"EssenceOfSteel"},{"floor":12.0,"key":"FearPotion"},{"floor":14.0,"key":"EssenceOfSteel"},{"floor":16.0,"key":"Dexterity Potion"},{"floor":18.0,"key":"SteroidPotion"},{"floor":24.0,"key":"FearPotion"},{"floor":44.0,"key":"PowerPotion"},{"floor":47.0,"key":"Swift Potion"},{"floor":54.0,"key":"Dexterity Potion"}],"is_trial":false,"path_per_floor":["M","?","M","$","?","E","?","E","T","E","$","E","R","M","R","B",null,"M","M","?","$","?","R","E","R","T","E","R","T","E","M","R","B",null,"M","T","T","$","M","E","R","$","T","M","?","?","M","$","R","B",null,"R","$","E","B"],"character_chosen":"THE_SILENT","items_purchased":["Apotheosis","Noxious Fumes","Poisoned Stab","Bane","Sling","Kunai","Chrysalis","Strength Potion","Dexterity Potion","Energy Potion","Strawberry"],"campfire_rested":5,"item_purchase_floors":[4,4,21,21,38,42,48,53,53,53,53],"current_hp_per_floor":[70,70,70,70,67,67,67,61,61,53,53,40,70,70,70,70,70,70,70,70,70,70,70,64,80,80,59,80,80,72,53,80,76,80,55,55,61,61,61,56,86,86,92,78,98,104,96,96,96,17,104,104,111,57,0],"gold":182,"neow_bonus":"THREE_ENEMY_KILL","is_prod":false,"is_daily":false,"chose_seed":false,"campfire_upgraded":1,"win_rate":0,"timestamp":1547534607,"path_taken":["M","?","M","$","?","E","?","E","T","E","$","E","R","M","R","BOSS","M","M","?","$","?","R","E","R","T","E","R","?","E","M","R","BOSS","M","?","?","$","?","E","R","$","T","M","?","?","?","$","R","BOSS","R","$","E","BOSS"],"build_version":"2019-01-10","purchased_purges":0,"victory":false,"max_hp_per_floor":[70,70,70,70,70,70,70,70,70,70,70,70,70,70,70,70,70,70,70,70,70,70,70,80,80,80,80,80,80,80,80,80,80,80,80,80,86,86,86,86,86,86,92,92,98,104,104,104,104,104,104,104,111,111,111],"card_choices":[{"not_picked":["Dodge and Roll","Concentrate"],"picked":"Underhanded Strike","floor":1.0},{"not_picked":["Blur","Dodge and Roll"],"picked":"Poisoned Stab","floor":3.0},{"not_picked":["Backflip","Riddle With Holes"],"picked":"Cloak And Dagger","floor":6.0},{"not_picked":["Dodge and Roll","Prepared"],"picked":"Caltrops","floor":8.0},{"not_picked":["Poisoned Stab","Caltrops"],"picked":"Backflip","floor":10.0},{"not_picked":["Acrobatics","Reflex"],"picked":"Cloak And Dagger","floor":12.0},{"not_picked":["Eviscerate","Prepared"],"picked":"Catalyst","floor":14.0},{"not_picked":["Tools of the Trade","Malaise"],"picked":"Burst","floor":16.0},{"not_picked":["Blade Dance","Riddle With Holes"],"picked":"Backflip","floor":18.0},{"not_picked":["Poisoned Stab","Slice"],"picked":"Deadly Poison+1","floor":19.0},{"not_picked":["Blade Dance","Backstab"],"picked":"Flying Knee","floor":24.0},{"not_picked":["After Image","Noxious Fumes"],"picked":"Poisoned Stab+1","floor":27.0},{"not_picked":["Caltrops","Backflip"],"picked":"Catalyst","floor":30.0},{"not_picked":["Flying Knee","Distraction+1"],"picked":"Bouncing Flask+1","floor":31.0},{"not_picked":["Unload","Tools of the Trade"],"picked":"Die Die Die","floor":33.0},{"not_picked":[],"picked":"Cloak And Dagger","floor":35.0},{"not_picked":[],"picked":"Bouncing Flask+1","floor":39.0},{"not_picked":[],"picked":"Escape Plan+1","floor":40.0},{"not_picked":["PiercingWail"],"picked":"SKIP","floor":44.0},{"not_picked":[],"picked":"Bane","floor":47.0},{"not_picked":[],"picked":"Unload","floor":54.0}],"player_experience":212216,"relics_obtained":[{"floor":6.0,"key":"Gremlin Horn"},{"floor":8.0,"key":"Du-Vu Doll"},{"floor":10.0,"key":"Tingsha"},{"floor":12.0,"key":"Orichalcum"},{"floor":24.0,"key":"Pear"},{"floor":26.0,"key":"MawBank"},{"floor":27.0,"key":"Omamori"},{"floor":29.0,"key":"War Paint"},{"floor":30.0,"key":"Darkstone Periapt"},{"floor":36.0,"key":"Tiny Chest"},{"floor":37.0,"key":"Smiling Mask"},{"floor":40.0,"key":"Potion Belt"},{"floor":43.0,"key":"Girya"},{"floor":54.0,"key":"Bottled Tornado"}],"event_choices":[{"damage_healed":0.0,"max_hp_gain":0.0,"max_hp_loss":0.0,"gold_gain":77.0,"event_name":"Golden Wing","player_choice":"Gained Gold","floor":2.0,"gold_loss":0.0,"damage_taken":0.0},{"damage_healed":0.0,"max_hp_gain":0.0,"max_hp_loss":0.0,"gold_gain":0.0,"event_name":"Scrap Ooze","player_choice":"Success","floor":5.0,"gold_loss":0.0,"damage_taken":3.0,"relics_obtained":["Regal Pillow"]},{"damage_healed":0.0,"max_hp_gain":0.0,"max_hp_loss":0.0,"gold_gain":0.0,"event_name":"Lab","player_choice":"Got Potions","floor":7.0,"gold_loss":0.0,"damage_taken":0.0},{"damage_healed":0.0,"max_hp_gain":0.0,"max_hp_loss":0.0,"gold_gain":0.0,"event_name":"Addict","player_choice":"Stole Relic","floor":20.0,"gold_loss":0.0,"damage_taken":0.0,"relics_obtained":["Centennial Puzzle"],"cards_obtained":["Shame"]},{"damage_healed":0.0,"max_hp_gain":0.0,"max_hp_loss":0.0,"gold_gain":0.0,"event_name":"Ghosts","player_choice":"Ignored","floor":22.0,"gold_loss":0.0,"damage_taken":0.0},{"damage_healed":23.0,"max_hp_gain":0.0,"max_hp_loss":0.0,"gold_gain":0.0,"event_name":"Winding Halls","player_choice":"Writhe","floor":45.0,"gold_loss":0.0,"damage_taken":0.0,"cards_obtained":["Writhe"]},{"damage_healed":0.0,"max_hp_gain":0.0,"max_hp_loss":0.0,"gold_gain":275.0,"event_name":"Golden Shrine","player_choice":"Desecrate","floor":46.0,"gold_loss":0.0,"damage_taken":0.0,"cards_obtained":["Regret"]}],"is_beta":false,"boss_relics":[{"not_picked":["HoveringKite","Sozu"],"picked":"Cursed Key"},{"not_picked":["Pandora\u0027s Box","White Beast Statue"],"picked":"Busted Crown"}],"items_purged_floors":[],"is_endless":false,"potions_floor_spawned":[8,12,14,16,18,24,44,47,54],"killed_by":"The Heart","ascension_level":1}