{"gold_per_floor":[20,30,30,30,40,40,57,57,57,82,82,9,9,64,64,167,167,182,201,217,65,65,65,65,82,108,142,162,182,182,196,196,196],"floor_reached":33,"playtime":2820,"items_purged":["Defend_B"],"score":387,"play_id":"cd94bb2b-11de-483e-9b94-478f20a8ff0e","local_time":"20181110225122","is_ascension_mode":true,"campfire_choices":[{"data":"Zap","floor":6.0,"key":"SMITH"},{"data":"Buffer","floor":8.0,"key":"SMITH"},{"floor":15.0,"key":"REST"},{"data":"Loop","floor":23.0,"key":"SMITH"},{"data":"White Noise","floor":32.0,"key":"SMITH"}],"neow_cost":"NO_GOLD","seed_source_timestamp":0,"circlet_count":0,"master_deck":["Strike_B","Strike_B","Defend_B","Defend_B","Defend_B","Zap+1","Dualcast","Buffer+1","Reinforced Body","White Noise+1","Buffer+1","Loop+1","Glacier","Core Surge","Hologram","Cold Snap+1","Self Repair+1","Chill","Go for the Eyes+1","Conserve Battery","Leap"],"special_seed":0,"relics":["Cracked Core","Blood Vial","Matryoshka","Tiny Chest","Regal Pillow","Coffee Dripper","Dream Catcher","Bag of Marbles","DataDisk","Frozen Egg 2"],"potions_floor_usage":[],"damage_taken":[{"damage":4.0,"enemies":"Jaw Worm","floor":1.0,"turns":3.0},{"damage":1.0,"enemies":"Cultist","floor":2.0,"turns":3.0},{"damage":6.0,"enemies":"Small Slimes","floor":5.0,"turns":3.0},{"damage":0.0,"enemies":"Looter","floor":7.0,"turns":3.0},{"damage":20.0,"enemies":"3 Sentries","floor":10.0,"turns":7.0},{"damage":5.0,"enemies":"Slime Boss","floor":16.0,"turns":20.0},{"damage":0.0,"enemies":"Spheric Guardian","floor":18.0,"turns":4.0},{"damage":3.0,"enemies":"Shell Parasite","floor":19.0,"turns":7.0},{"damage":31.0,"enemies":"Snake Plant","floor":20.0,"turns":6.0},{"damage":0.0,"enemies":"Snecko","floor":25.0,"turns":7.0},{"damage":10.0,"enemies":"Book of Stabbing","floor":27.0,"turns":8.0},{"damage":8.0,"enemies":"Chosen and Byrds","floor":28.0,"turns":8.0},{"damage":1.0,"enemies":"Snake Plant","floor":29.0,"turns":4.0},{"damage":0.0,"enemies":"Snecko","floor":31.0,"turns":10.0},{"damage":112,"enemies":"Collector","floor":33,"turns":19}],"seed_played":"570063053464808642","potions_obtained":[{"floor":10.0,"key":"Weak Potion"},{"floor":11.0,"key":"Energy Potion"},{"floor":11.0,"key":"Block Potion"},{"floor":16.0,"key":"Fire Potion"},{"floor":18.0,"key":"Dexterity Potion"},{"floor":20.0,"key":"AttackPotion"},{"floor":28.0,"key":"PowerPotion"}],"is_trial":false,"path_per_floor":["M","M","?","?","M","R","M","R","T","E","?","$","$","T","R","B",null,"M","M","M","$","?","R","?","M","T","E","M","M","T","M","R","B"],"character_chosen":"DEFECT","items_purchased":["Glacier","Chill"],"campfire_rested":1,"item_purchase_floors":[12,21],"current_hp_per_floor":[64,63,63,63,57,57,57,57,57,39,39,39,39,39,75,70,74,75,72,43,43,68,68,68,75,75,75,75,75,75,75,75,0],"gold":196,"neow_bonus":"THREE_RARE_CARDS","is_prod":false,"is_daily":false,"chose_seed":false,"campfire_upgraded":4,"win_rate":0,"timestamp":1541908282,"path_taken":["M","M","?","?","?","R","M","R","T","E","?","?","$","?","R","BOSS","M","M","?","$","?","R","?","M","T","E","M","M","?","M","R","BOSS"],"build_version":"2018-11-08","purchased_purges":1,"victory":false,"max_hp_per_floor":[75,75,75,75,75,75,75,75,75,75,75,75,75,75,75,75,75,75,75,75,75,75,75,75,75,75,75,75,75,75,75,75,75],"card_choices":[{"not_picked":["Reboot","Meteor Strike"],"picked":"Buffer","floor":0.0},{"not_picked":["Gash","Beam Cell","Scrape"],"picked":"SKIP","floor":1.0},{"not_picked":["Sweeping Beam","Rebound"],"picked":"Reinforced Body","floor":2.0},{"not_picked":["Scrape","Recycle"],"picked":"White Noise","floor":5.0},{"not_picked":["Barrage","Recycle"],"picked":"Buffer","floor":7.0},{"not_picked":["Scrape","Auto Shields"],"picked":"Loop","floor":10.0},{"not_picked":["Meteor Strike","Rainbow"],"picked":"Core Surge","floor":16.0},{"not_picked":["Barrage","Redo+1"],"picked":"Hologram","floor":18.0},{"not_picked":["Hyperbeam","Gash"],"picked":"Cold Snap+1","floor":19.0},{"not_picked":["Fusion","Rebound"],"picked":"Self Repair+1","floor":20.0},{"not_picked":["Hologram","Hello World+1"],"picked":"Go for the Eyes+1","floor":25.0},{"not_picked":["Barrage","Steam","Sweeping Beam"],"picked":"SKIP","floor":27.0},{"not_picked":["Undo","Hologram"],"picked":"Conserve Battery","floor":28.0},{"not_picked":["Reprogram","Lockon","Sweeping Beam"],"picked":"SKIP","floor":29.0},{"not_picked":["Multi-Cast","Static Discharge+1"],"picked":"Leap","floor":31.0}],"player_experience":506679,"relics_obtained":[{"floor":9.0,"key":"Blood Vial"},{"floor":10.0,"key":"Matryoshka"},{"floor":14.0,"key":"Tiny Chest"},{"floor":14.0,"key":"Regal Pillow"},{"floor":26.0,"key":"Dream Catcher"},{"floor":26.0,"key":"Bag of Marbles"},{"floor":27.0,"key":"DataDisk"},{"floor":30.0,"key":"Frozen Egg 2"}],"event_choices":[{"damage_healed":0.0,"max_hp_gain":0.0,"max_hp_loss":0.0,"gold_gain":0.0,"event_name":"Living Wall","player_choice":"Grow","floor":3.0,"gold_loss":0.0,"damage_taken":0.0,"cards_upgraded":["Buffer"]},{"cards_removed":["Strike_B"],"damage_healed":0.0,"max_hp_gain":0.0,"max_hp_loss":0.0,"gold_gain":0.0,"event_name":"Bonfire Elementals","player_choice":"Offered Basic","floor":4.0,"gold_loss":0.0,"damage_taken":0.0},{"damage_healed":0.0,"max_hp_gain":0.0,"max_hp_loss":0.0,"gold_gain":0.0,"event_name":"Lab","player_choice":"Got Potions","floor":11.0,"gold_loss":0.0,"damage_taken":0.0},{"damage_healed":25.0,"max_hp_gain":0.0,"max_hp_loss":0.0,"gold_gain":0.0,"event_name":"The Library","player_choice":"Heal","floor":22.0,"gold_loss":0.0,"damage_taken":0.0},{"cards_removed":["Strike_B"],"damage_healed":0.0,"max_hp_gain":0.0,"max_hp_loss":0.0,"gold_gain":0.0,"event_name":"Back to Basics","player_choice":"Elegance","floor":24.0,"gold_loss":0.0,"damage_taken":0.0}],"is_beta":false,"boss_relics":[{"not_picked":["Busted Crown","Inserter"],"picked":"Coffee Dripper"}],"items_purged_floors":[21],"is_endless":false,"potions_floor_spawned":[10,16,18,20,28],"killed_by":"Collector","ascension_level":9}