{"gold_per_floor":[114,129,144,69,69,17,47,62,62,62,77,92,92,107,107,207,207,234,246,258,285,312,324],"floor_reached":23,"playtime":2199,"items_purged":["Bane"],"score":320,"play_id":"abd9f9f9-6d97-4f7a-8f72-c742ceeef77c","local_time":"20181130185430","daily_mods":["Insanity","Diverse","Lethality"],"is_ascension_mode":false,"campfire_choices":[{"data":"Armaments","floor":10,"key":"SMITH"},{"data":"Armaments","floor":13,"key":"SMITH"},{"data":"True Grit","floor":15,"key":"SMITH"}],"neow_cost":"","seed_source_timestamp":0,"circlet_count":0,"master_deck":["Aggregate","Acrobatics","Barrage","Chill","Leap","Glacier","Flying Knee","Burning Pact","Armaments+1","Reckless Charge","Sword Boomerang","Go for the Eyes","Rupture","Accuracy","Conserve Battery","Bloodletting","Anger","Genetic Algorithm","Chaos","Streamline","Rupture","Predator","Hemokinesis","Dash","Clash","Armaments+1","Stack","Clash","Sucker Punch","Twin Strike","Stack","Flying Knee","Dropkick","Dodge and Roll","Dagger Spray","Blade Dance","Clash","Finisher","Streamline","Flechettes","Perfected Strike","Uppercut","Underhanded Strike","Auto Shields","Blood for Blood","Perfected Strike","Turbo","Dodge and Roll","Shrug It Off","Self Repair","Shrug It Off","PiercingWail","Metallicize","Power Through","True Grit+1","Feed+1","Pain","Pain","Parasite","Hologram","Setup"],"special_seed":17865,"relics":["Cracked Core","Art of War","Letter Opener","Calling Bell","MawBank","Blue Candle","Mango"],"potions_floor_usage":[7,16,21,22,23],"damage_taken":[{"damage":0,"enemies":"Cultist","floor":1,"turns":2},{"damage":0,"enemies":"Small Slimes","floor":2,"turns":2},{"damage":13,"enemies":"Jaw Worm","floor":3,"turns":2},{"damage":0,"enemies":"Lagavulin","floor":7,"turns":3},{"damage":2,"enemies":"Blue Slaver","floor":8,"turns":2},{"damage":8,"enemies":"Exordium Thugs","floor":11,"turns":3},{"damage":12,"enemies":"Looter","floor":12,"turns":2},{"damage":3,"enemies":"Gremlin Gang","floor":14,"turns":2},{"damage":0,"enemies":"Slime Boss","floor":16,"turns":3},{"damage":5,"enemies":"Spheric Guardian","floor":18,"turns":3},{"damage":21,"enemies":"2 Thieves","floor":21,"turns":4},{"damage":21,"enemies":"Centurion and Healer","floor":22,"turns":5},{"damage":44,"enemies":"Book of Stabbing","floor":23,"turns":4}],"seed_played":"-379525432082753387","potions_obtained":[{"floor":1,"key":"Regen Potion"},{"floor":3,"key":"SteroidPotion"},{"floor":14,"key":"AttackPotion"},{"floor":16,"key":"Block Potion"},{"floor":21,"key":"LiquidBronze"},{"floor":22,"key":"FocusPotion"}],"is_trial":false,"path_per_floor":["M","M","M","$","?","$","E","M","T","R","M","M","R","M","R","B",null,"M","?","?","M","M","E"],"character_chosen":"DEFECT","items_purchased":["Shrug It Off"],"campfire_rested":0,"item_purchase_floors":[6],"current_hp_per_floor":[75,75,62,62,62,62,75,73,73,73,72,67,67,64,64,64,89,84,84,84,63,42,0],"gold":324,"neow_bonus":"","is_prod":false,"is_daily":true,"chose_seed":false,"campfire_upgraded":3,"win_rate":0,"timestamp":1543622070,"path_taken":["M","?","M","$","?","?","E","M","T","R","?","M","R","M","R","BOSS","M","?","?","?","M","E"],"build_version":"2018-11-15","purchased_purges":1,"victory":false,"max_hp_per_floor":[75,75,75,75,75,75,75,75,75,75,75,75,75,75,75,75,89,89,89,89,89,89,89],"card_choices":[{"not_picked":["Sword Boomerang","Warcry"],"picked":"Shrug It Off","floor":1},{"not_picked":["Redo","Leg Sweep"],"picked":"Self Repair","floor":2},{"not_picked":["Sucker Punch","Flying Knee","Stack"],"picked":"SKIP","floor":3},{"not_picked":["Barrage","Evolve","Skim"],"picked":"SKIP","floor":7},{"not_picked":["Perfected Strike","Cleave"],"picked":"PiercingWail","floor":8},{"not_picked":["Crippling Poison","Flying Knee"],"picked":"Metallicize","floor":11},{"not_picked":["Havoc","Heatsinks"],"picked":"Power Through","floor":12},{"not_picked":["Bane","Auto Shields"],"picked":"True Grit","floor":14},{"not_picked":["Storm of Steel","Malaise"],"picked":"Feed","floor":16},{"not_picked":["Stack","Tempest"],"picked":"Hologram","floor":18},{"not_picked":["Dash","Compile Driver","Cleave"],"picked":"SKIP","floor":21},{"not_picked":["Sweeping Beam","Skim","Perfected Strike"],"picked":"SKIP","floor":22}],"player_experience":660136,"relics_obtained":[{"floor":7,"key":"Art of War"},{"floor":9,"key":"Letter Opener"},{"floor":17,"key":"MawBank"},{"floor":17,"key":"Blue Candle"},{"floor":17,"key":"Mango"}],"event_choices":[{"cards_removed":["Perfected Strike"],"damage_healed":0,"gold_gain":0,"player_choice":"Purged","damage_taken":0,"max_hp_gain":0,"max_hp_loss":0,"event_name":"Purifier","floor":5,"gold_loss":0},{"damage_healed":0,"gold_gain":0,"player_choice":"Read","damage_taken":0,"max_hp_gain":0,"max_hp_loss":0,"event_name":"The Library","floor":19,"gold_loss":0,"cards_obtained":["Setup"]},{"damage_healed":0,"gold_gain":0,"player_choice":"Forge","damage_taken":0,"max_hp_gain":0,"max_hp_loss":0,"event_name":"Accursed Blacksmith","floor":20,"gold_loss":0,"cards_upgraded":["Feed"]}],"is_beta":false,"boss_relics":[{"not_picked":["Sozu","Astrolabe"],"picked":"Calling Bell"}],"items_purged_floors":[4],"is_endless":false,"potions_floor_spawned":[1,3,14,16,21,22],"killed_by":"Book of Stabbing","ascension_level":0}