{"gold_per_floor":[114,126,45,64,64,64,64,64,87,102,131,154,182,212,224,331,343,366,378,489,515,544,556,595,607,619,601,632,644,49,61,61,159,159,178,178,194,194,294,294,321,333,357,1,1,33,50,62,62,62],"floor_reached":51,"playtime":3999,"items_purged":["Consume"],"score":1106,"play_id":"c40951aa-8cc0-4c9e-9edf-e1ceb6230350","local_time":"20181123154917","is_ascension_mode":true,"campfire_choices":[{"data":"Consume","floor":6.0,"key":"SMITH"},{"data":"Force Field","floor":8.0,"key":"SMITH"},{"floor":15.0,"key":"REST"},{"floor":23,"key":"REST"},{"floor":25,"key":"REST"},{"data":"Buffer","floor":29,"key":"SMITH"},{"data":"Sunder","floor":32,"key":"SMITH"},{"floor":40,"key":"REST"},{"floor":49,"key":"REST"}],"neow_cost":"NONE","seed_source_timestamp":0,"circlet_count":0,"master_deck":["AscendersBane","Strike_B","Strike_B","Strike_B","Defend_B","Defend_B","Defend_B","Zap","Dualcast","Self Repair","All For One","Force Field+1","Consume+1","Buffer+1","Sunder+1","Undo","Biased Cognition","Compile Driver+1","Creative AI","Sunder","Apotheosis","Magnetism","Doom and Gloom","Glacier+1"],"special_seed":0,"relics":["Snecko Eye","Vajra","MawBank","Nuclear Battery","Orichalcum","Torii","Happy Flower","OrangePellets","Fusion Hammer","Gambling Chip","PreservedInsect","Blood Vial","Gremlin Horn","Dodecahedron"],"potions_floor_usage":[18,24,28,28,28,30,33,33,37,47,50,50],"damage_taken":[{"damage":7.0,"enemies":"Small Slimes","floor":1.0,"turns":5.0},{"damage":2.0,"enemies":"Jaw Worm","floor":2.0,"turns":2.0},{"damage":1.0,"enemies":"Cultist","floor":4.0,"turns":3.0},{"damage":13.0,"enemies":"Exordium Thugs","floor":10.0,"turns":4.0},{"damage":7.0,"enemies":"Lagavulin","floor":11.0,"turns":7.0},{"damage":16.0,"enemies":"Blue Slaver","floor":12.0,"turns":5.0},{"damage":14.0,"enemies":"Looter","floor":13.0,"turns":4.0},{"damage":3.0,"enemies":"Exordium Wildlife","floor":14.0,"turns":5.0},{"damage":41.0,"enemies":"The Guardian","floor":16.0,"turns":11.0},{"damage":20,"enemies":"Chosen","floor":18,"turns":5},{"damage":0,"enemies":"Spheric Guardian","floor":21,"turns":3},{"damage":9,"enemies":"Snake Plant","floor":22,"turns":3},{"damage":47,"enemies":"Book of Stabbing","floor":24,"turns":6},{"damage":0,"enemies":"3 Cultists","floor":28,"turns":7},{"damage":0,"enemies":"Centurion and Healer","floor":31,"turns":6},{"damage":69,"enemies":"Collector","floor":33,"turns":11},{"damage":39,"enemies":"3 Darklings","floor":35,"turns":5},{"damage":1,"enemies":"Orb Walker","floor":37,"turns":3},{"damage":0,"enemies":"Mind Bloom Boss Battle","floor":39,"turns":3},{"damage":7,"enemies":"Nemesis","floor":41,"turns":6},{"damage":0,"enemies":"Sphere and 2 Shapes","floor":42,"turns":4},{"damage":0,"enemies":"Giant Head","floor":46,"turns":6},{"damage":8,"enemies":"Spire Growth","floor":47,"turns":4},{"damage":8,"enemies":"Jaw Worm Horde","floor":48,"turns":3},{"damage":45,"enemies":"Awakened One","floor":50,"turns":12}],"seed_played":"1470920361878399876","potions_obtained":[{"floor":1.0,"key":"Block Potion"},{"floor":10.0,"key":"LiquidBronze"},{"floor":11.0,"key":"Energy Potion"},{"floor":13.0,"key":"SpeedPotion"},{"floor":18,"key":"Fruit Juice"},{"floor":21,"key":"LiquidBronze"},{"floor":24,"key":"Block Potion"},{"floor":27,"key":"EssenceOfSteel"},{"floor":27,"key":"Regen Potion"},{"floor":31,"key":"LiquidBronze"},{"floor":35,"key":"GamblersBrew"},{"floor":39,"key":"GamblersBrew"},{"floor":42,"key":"Dexterity Potion"},{"floor":48,"key":"Dexterity Potion"}],"is_trial":false,"path_per_floor":["M","M","$","M","?","R","$","R","T","M","E","M","M","M","R","B",null,"M","?","?","M","M","R","E","R","T","?","M","R","$","M","R","B",null,"M","?","M","?","?","R","E","M","T","$","?","E","M","M","R","B",null],"character_chosen":"DEFECT","items_purchased":["All For One","Happy Flower","OrangePellets","Fruit Juice","FocusPotion","Gremlin Horn","Doom and Gloom","EssenceOfSteel"],"campfire_rested":5,"item_purchase_floors":[3,30,30,30,30,44,44,44],"current_hp_per_floor":[61,59,59,65,65,65,65,65,65,59,59,50,43,40,62,28,63,55,40,40,47,45,70,30,55,55,55,77,77,82,82,82,20,73,41,36,35,35,45,72,75,75,75,75,75,84,78,82,90,45],"gold":62,"neow_bonus":"BOSS_RELIC","is_prod":false,"is_daily":false,"chose_seed":false,"campfire_upgraded":4,"win_rate":0,"timestamp":1543006157,"path_taken":["M","M","$","M","?","R","$","R","T","M","E","M","M","M","R","BOSS","M","?","?","M","M","R","E","R","T","?","?","R","$","M","R","BOSS","M","?","M","?","?","R","E","M","T","$","?","E","?","M","R","BOSS"],"build_version":"2018-11-15","purchased_purges":1,"victory":true,"max_hp_per_floor":[75,75,75,75,75,75,75,75,75,75,75,75,75,75,75,75,75,80,85,85,85,85,85,85,85,85,85,85,85,90,90,90,90,90,90,90,90,90,90,90,90,90,90,90,90,90,90,90,90,90],"card_choices":[{"not_picked":["Steam","Chill"],"picked":"Consume","floor":1.0},{"not_picked":["Gash","Ball Lightning"],"picked":"Self Repair","floor":2.0},{"not_picked":["Gash","BootSequence"],"picked":"Force Field","floor":4.0},{"not_picked":["Ball Lightning","Cold Snap","Steam"],"picked":"SKIP","floor":10.0},{"not_picked":["Steam","Beam Cell","Blizzard"],"picked":"SKIP","floor":11.0},{"not_picked":["Tempest","Rebound"],"picked":"Buffer","floor":12.0},{"not_picked":["Beam Cell","Chaos"],"picked":"Sunder","floor":13.0},{"not_picked":["Storm","Beam Cell"],"picked":"Undo","floor":14.0},{"not_picked":["Thunder Strike","Amplify"],"picked":"Biased Cognition","floor":16.0},{"not_picked":["Consume","Beam Cell"],"picked":"Compile Driver+1","floor":18},{"not_picked":["Gash+1","Compile Driver","Sweeping Beam"],"picked":"SKIP","floor":21},{"not_picked":["Melter","Go for the Eyes+1","Beam Cell+1"],"picked":"SKIP","floor":22},{"not_picked":["Steam","Skim","Stack"],"picked":"SKIP","floor":24},{"not_picked":["Coolheaded","Ball Lightning","Melter"],"picked":"SKIP","floor":28},{"not_picked":["Sweeping Beam","Machine Learning","Hello World"],"picked":"SKIP","floor":31},{"not_picked":["Core Surge","Rainbow"],"picked":"Creative AI","floor":33},{"not_picked":["Go for the Eyes+1","Barrage"],"picked":"Sunder","floor":35},{"not_picked":["Sadistic Nature","Trip"],"picked":"Apotheosis","floor":36},{"not_picked":["Trip","Madness"],"picked":"Magnetism","floor":36},{"not_picked":["Redo","Go for the Eyes","Tempest"],"picked":"SKIP","floor":37},{"not_picked":["Beam Cell+1","Hologram","Multi-Cast"],"picked":"SKIP","floor":41},{"not_picked":["Reprogram","Ball Lightning+1","Coolheaded"],"picked":"SKIP","floor":42},{"not_picked":["Melter+1","Hologram+1","Redo+1"],"picked":"SKIP","floor":46},{"not_picked":["Steam Power+1","Force Field","Sweeping Beam"],"picked":"SKIP","floor":47},{"not_picked":["Beam Cell","Turbo"],"picked":"Glacier+1","floor":48}],"player_experience":601784,"relics_obtained":[{"floor":9.0,"key":"Vajra"},{"floor":11.0,"key":"MawBank"},{"floor":24,"key":"Orichalcum"},{"floor":26,"key":"Torii"},{"floor":39,"key":"Gambling Chip"},{"floor":41,"key":"PreservedInsect"},{"floor":43,"key":"Blood Vial"},{"floor":46,"key":"Dodecahedron"}],"event_choices":[{"damage_healed":0.0,"max_hp_gain":0.0,"max_hp_loss":0.0,"gold_gain":0.0,"cards_transformed":["Strike_B"],"event_name":"Living Wall","player_choice":"Change","floor":5.0,"gold_loss":0.0,"damage_taken":0.0,"cards_obtained":["Consume"]},{"damage_healed":0,"gold_gain":0,"player_choice":"Shed Blood","damage_taken":20,"max_hp_gain":5,"max_hp_loss":0,"event_name":"Forgotten Altar","floor":19,"gold_loss":0},{"damage_healed":0,"gold_gain":99,"player_choice":"Stole From Cult","damage_taken":0,"max_hp_gain":0,"max_hp_loss":0,"event_name":"Nest","floor":20,"gold_loss":0},{"damage_healed":0,"gold_gain":0,"player_choice":"Bought 2 Potions","damage_taken":0,"max_hp_gain":0,"max_hp_loss":0,"event_name":"The Woman in Blue","floor":27,"gold_loss":0},{"damage_healed":0,"gold_gain":0,"player_choice":"Memory 2","damage_taken":5,"max_hp_gain":0,"max_hp_loss":0,"event_name":"SensoryStone","floor":36,"gold_loss":0},{"cards_removed":["Defend_B"],"damage_healed":0,"gold_gain":0,"player_choice":"Removed Skill","damage_taken":0,"max_hp_gain":0,"max_hp_loss":0,"event_name":"Falling","floor":38,"gold_loss":0},{"damage_healed":0,"gold_gain":0,"player_choice":"Fight","damage_taken":0,"max_hp_gain":0,"max_hp_loss":0,"event_name":"MindBloom","floor":39,"gold_loss":0},{"damage_healed":0,"gold_gain":0,"player_choice":"Ignored","damage_taken":0,"max_hp_gain":0,"max_hp_loss":0,"event_name":"Mysterious Sphere","floor":45,"gold_loss":0}],"is_beta":false,"boss_relics":[{"not_picked":["White Beast Statue","Black Star"],"picked":"Nuclear Battery"},{"not_picked":["Pandora\u0027s Box","Busted Crown"],"picked":"Fusion Hammer"}],"items_purged_floors":[30],"is_endless":false,"potions_floor_spawned":[1,10,11,13,18,21,24,31,35,39,42,48],"ascension_level":10}