{"gold_per_floor":[109,121,134,148,166,192,192,192,246,246,273,273,300,331,343,455,467,498,609,323,340,340,340,340],"floor_reached":24,"playtime":993,"items_purged":[],"score":259,"play_id":"058990ed-cc95-4208-ac69-b1828bdad8c4","local_time":"20190201153617","is_ascension_mode":true,"campfire_choices":[{"data":"Zap","floor":8.0,"key":"SMITH"},{"data":"Consume","floor":10.0,"key":"SMITH"},{"floor":12.0,"key":"REST"},{"floor":15.0,"key":"REST"},{"data":"Sunder","floor":23.0,"key":"SMITH"}],"neow_cost":"NONE","seed_source_timestamp":2455870210215256,"circlet_count":0,"master_deck":["Strike_B","Strike_B","Strike_B","Strike_B","Defend_B","Defend_B","Defend_B","Defend_B","Zap+1","Dualcast","Melter","Consume+1","Steam Power","Glacier","Skim","Sunder+1","Creative AI","Coolheaded","Darkness","Coolheaded","Cold Snap","Loop","Ball Lightning","Capacitor"],"special_seed":0,"relics":["Cracked Core","Anchor","Bottled Lightning","Matryoshka","MawBank","Orrery","Thread and Needle"],"potions_floor_usage":[24],"damage_taken":[{"damage":0.0,"enemies":"Small Slimes","floor":1.0,"turns":3.0},{"damage":0.0,"enemies":"Jaw Worm","floor":2.0,"turns":3.0},{"damage":1.0,"enemies":"Cultist","floor":3.0,"turns":3.0},{"damage":0.0,"enemies":"3 Louse","floor":4.0,"turns":3.0},{"damage":8.0,"enemies":"Blue Slaver","floor":5.0,"turns":3.0},{"damage":32.0,"enemies":"Gremlin Nob","floor":6.0,"turns":4.0},{"damage":21.0,"enemies":"Lagavulin","floor":11.0,"turns":5.0},{"damage":20.0,"enemies":"Gremlin Nob","floor":13.0,"turns":5.0},{"damage":1.0,"enemies":"Looter","floor":14.0,"turns":2.0},{"damage":9.0,"enemies":"Slime Boss","floor":16.0,"turns":15.0},{"damage":7.0,"enemies":"2 Thieves","floor":18.0,"turns":5.0},{"damage":4.0,"enemies":"Shell Parasite","floor":21.0,"turns":5.0},{"damage":64,"enemies":"Slavers","floor":24,"turns":3}],"seed_played":"-2855606263185734753","potions_obtained":[{"floor":5.0,"key":"FocusPotion"},{"floor":6.0,"key":"EssenceOfSteel"},{"floor":11.0,"key":"Strength Potion"},{"floor":13.0,"key":"SmokeBomb"},{"floor":18.0,"key":"Strength Potion"}],"is_trial":false,"path_per_floor":["M","M","M","M","M","E","$","R","T","R","E","R","E","M","R","B",null,"M","?","$","M","?","R","E"],"character_chosen":"DEFECT","items_purchased":["Thread and Needle"],"campfire_rested":2,"item_purchase_floors":[20],"current_hp_per_floor":[75,75,74,74,66,34,34,34,34,34,13,35,15,14,36,27,75,68,68,68,64,64,64,0],"gold":340,"neow_bonus":"RANDOM_COMMON_RELIC","is_prod":false,"is_daily":false,"chose_seed":false,"campfire_upgraded":3,"win_rate":0,"timestamp":1549031777,"path_taken":["M","M","M","M","M","E","$","R","T","R","E","R","E","M","R","BOSS","M","?","?","?","?","R","E"],"build_version":"2019-01-23","purchased_purges":0,"victory":false,"max_hp_per_floor":[75,75,75,75,75,75,75,75,75,75,75,75,75,75,75,75,75,75,75,75,75,75,75,75],"card_choices":[{"not_picked":["Steam","Gash","Redo"],"picked":"SKIP","floor":1.0},{"not_picked":["Stack","Rebound"],"picked":"Melter","floor":2.0},{"not_picked":["Beam Cell","Stack","BootSequence"],"picked":"SKIP","floor":3.0},{"not_picked":["Conserve Battery","Compile Driver"],"picked":"Consume","floor":4.0},{"not_picked":["Recycle","Self Repair"],"picked":"Steam Power","floor":5.0},{"not_picked":["Hyperbeam","Undo","Leap"],"picked":"SKIP","floor":6.0},{"not_picked":["Undo","Force Field"],"picked":"Glacier","floor":11.0},{"not_picked":["Steam","Genetic Algorithm"],"picked":"Skim","floor":13.0},{"not_picked":["Redo","Force Field"],"picked":"Sunder","floor":14.0},{"not_picked":["Amplify","Reboot"],"picked":"Creative AI","floor":16.0},{"not_picked":["Leap","Go for the Eyes"],"picked":"Coolheaded","floor":17.0},{"not_picked":["Steam Power","Beam Cell"],"picked":"Darkness","floor":17.0},{"not_picked":["Barrage","Chaos"],"picked":"Coolheaded","floor":17.0},{"not_picked":["Hologram","Leap"],"picked":"Cold Snap","floor":17.0},{"not_picked":["Leap+1","Streamline"],"picked":"Loop","floor":18.0},{"not_picked":["Go for the Eyes","Auto Shields"],"picked":"Ball Lightning","floor":21.0}],"player_experience":286546,"relics_obtained":[{"floor":6.0,"key":"Bottled Lightning"},{"floor":11.0,"key":"Matryoshka"},{"floor":13.0,"key":"MawBank"}],"event_choices":[{"damage_healed":0.0,"max_hp_gain":0.0,"max_hp_loss":0.0,"gold_gain":99.0,"event_name":"Nest","player_choice":"Stole From Cult","floor":19.0,"gold_loss":0.0,"damage_taken":0.0},{"damage_healed":0.0,"max_hp_gain":0.0,"max_hp_loss":0.0,"gold_gain":0.0,"event_name":"The Library","player_choice":"Read","floor":22.0,"gold_loss":0.0,"damage_taken":0.0,"cards_obtained":["Capacitor"]}],"is_beta":false,"boss_relics":[{"not_picked":["Lizard Tail","Velvet Choker"],"picked":"Orrery"}],"items_purged_floors":[],"is_endless":false,"potions_floor_spawned":[5,6,11,13,18],"killed_by":"Slavers","ascension_level":4}