{"gold_per_floor":[112,126,126,142,161,161,179,179,179,213,96,96,115,135,135,211,211,224,1,18,33,43,43,68,68,68,68,100,112,127,142,142,217,217,237,16,1015,1015,1015,1015,1040,693,693,693,135,148,177,190,190,190,190],"floor_reached":52,"playtime":4853,"items_purged":["Strike_G","Strike_G","Normality","Normality"],"score":1983,"play_id":"81ec0773-3fcd-4119-ac60-6cc07bdbfc93","local_time":"20190107004304","is_ascension_mode":true,"campfire_choices":[{"data":"Skewer","floor":6,"key":"SMITH"},{"data":"Neutralize","floor":8,"key":"SMITH"},{"data":"Noxious Fumes","floor":12,"key":"SMITH"},{"data":"Wraith Form v2","floor":15,"key":"SMITH"},{"data":"Footwork","floor":23,"key":"SMITH"},{"data":"Malaise","floor":25,"key":"SMITH"},{"data":"Well Laid Plans","floor":27,"key":"SMITH"},{"data":"Footwork","floor":32,"key":"SMITH"},{"data":"Blur","floor":40,"key":"SMITH"},{"data":"Catalyst","floor":49,"key":"SMITH"}],"neow_cost":"NONE","seed_source_timestamp":399750630442800,"circlet_count":0,"master_deck":["AscendersBane","Defend_G","Defend_G","Defend_G","Defend_G","Defend_G","Strike_G","Strike_G","Survivor","Neutralize+1","Dagger Throw","Skewer+1","Backflip","Sucker Punch","Deadly Poison","Well Laid Plans+1","Noxious Fumes+1","Cloak And Dagger","Wraith Form v2+1","Malaise+1","Footwork+1","Wraith Form v2+1","Backflip","Crippling Poison","Dodge and Roll","Footwork+1","Blur+1","Crippling Poison","Backflip","Catalyst+1","Crippling Poison+1"],"relics":["Eternal Feather","Pear","Pen Nib","Velvet Choker","DollysMirror","Blue Candle","Gremlin Horn","Oddly Smooth Stone","Snecko Eye","Orichalcum","Art of War","Thread and Needle","Singing Bowl","Paper Crane"],"potions_floor_usage":[10,16,28,51],"damage_taken":[{"damage":3,"enemies":"Small Slimes","floor":1,"turns":6},{"damage":1,"enemies":"Cultist","floor":2,"turns":3},{"damage":1,"enemies":"2 Louse","floor":4,"turns":3},{"damage":3,"enemies":"Looter","floor":5,"turns":5},{"damage":1,"enemies":"Large Slime","floor":7,"turns":6},{"damage":19,"enemies":"3 Sentries","floor":10,"turns":8},{"damage":1,"enemies":"Blue Slaver","floor":13,"turns":5},{"damage":4,"enemies":"2 Fungi Beasts","floor":14,"turns":5},{"damage":22,"enemies":"Hexaghost","floor":16,"turns":9},{"damage":2,"enemies":"Chosen","floor":18,"turns":6},{"damage":1,"enemies":"3 Byrds","floor":20,"turns":7},{"damage":8,"enemies":"Snake Plant","floor":21,"turns":8},{"damage":3,"enemies":"3 Cultists","floor":22,"turns":6},{"damage":21,"enemies":"Slavers","floor":24,"turns":10},{"damage":6,"enemies":"Book of Stabbing","floor":28,"turns":9},{"damage":9,"enemies":"Snecko","floor":29,"turns":6},{"damage":2,"enemies":"Centurion and Healer","floor":30,"turns":7},{"damage":0,"enemies":"Snake Plant","floor":31,"turns":4},{"damage":19,"enemies":"Collector","floor":33,"turns":11},{"damage":3,"enemies":"3 Shapes","floor":35,"turns":5},{"damage":11,"enemies":"Nemesis","floor":41,"turns":13},{"damage":0,"enemies":"Orb Walker","floor":46,"turns":6},{"damage":0,"enemies":"Giant Head","floor":47,"turns":10},{"damage":4,"enemies":"Spire Growth","floor":48,"turns":6},{"damage":0,"enemies":"Time Eater","floor":50,"turns":19},{"damage":22,"enemies":"Donu and Deca","floor":51,"turns":14}],"seed_played":"-4767801582757676205","potions_obtained":[{"floor":4,"key":"Poison Potion"},{"floor":5,"key":"GamblersBrew"},{"floor":7,"key":"AttackPotion"},{"floor":20,"key":"Block Potion"},{"floor":24,"key":"Swift Potion"},{"floor":30,"key":"AttackPotion"},{"floor":31,"key":"GhostInAJar"},{"floor":33,"key":"Strength Potion"}],"is_trial":false,"path_per_floor":["M","M","?","M","M","R","M","R","T","E","$","R","M","M","R","B",null,"M","$","M","M","M","R","E","R","T","R","E","M","M","M","R","B",null,"M","$","?","?","?","R","E","$","T","?","$","M","E","M","R","B","B",null],"character_chosen":"THE_SILENT","items_purchased":["Noxious Fumes","DollysMirror","Blur","Crippling Poison","Backflip","Art of War","Catalyst","PowerPotion","Singing Bowl"],"campfire_rested":0,"item_purchase_floors":[11,19,36,36,42,42,45,45,45],"current_hp_per_floor":[56,55,55,54,51,60,59,66,76,57,57,66,65,61,73,51,70,68,68,67,59,56,71,50,65,65,76,70,61,59,59,74,55,71,68,68,68,68,68,76,65,65,65,65,65,65,67,65,76,76,54],"gold":190,"neow_bonus":"BOSS_RELIC","is_prod":false,"is_daily":false,"chose_seed":false,"campfire_upgraded":10,"win_rate":0,"timestamp":1546839784,"path_taken":["M","M","?","?","M","R","M","R","T","E","$","R","M","M","R","BOSS","M","?","M","M","M","R","E","R","T","R","E","M","M","M","R","BOSS","M","$","?","?","?","R","E","?","T","?","$","M","E","M","R","BOSS","BOSS"],"build_version":"2018-12-20","purchased_purges":4,"victory":true,"max_hp_per_floor":[66,66,66,66,66,66,66,66,76,76,76,76,76,76,76,76,76,76,76,76,76,76,76,76,76,76,76,76,76,76,76,76,76,76,76,76,76,76,76,76,76,76,76,72,72,72,74,76,76,76,76],"card_choices":[{"not_picked":["Blade Dance","Reflex"],"picked":"Dagger Throw","floor":1},{"not_picked":["Backflip","PiercingWail"],"picked":"Skewer","floor":2},{"not_picked":["Acrobatics","Outmaneuver"],"picked":"Backflip","floor":4},{"not_picked":["Blade Dance","Phantasmal Killer"],"picked":"Sucker Punch","floor":5},{"not_picked":["Dagger Spray","Flechettes"],"picked":"Deadly Poison","floor":7},{"not_picked":["Dodge and Roll","PiercingWail"],"picked":"Well Laid Plans","floor":10},{"not_picked":["Acrobatics","Accuracy"],"picked":"Cloak And Dagger","floor":13},{"not_picked":["Distraction","Infinite Blades"],"picked":"Wraith Form v2","floor":14},{"not_picked":["After Image","Wraith Form v2"],"picked":"Malaise","floor":16},{"not_picked":["Underhanded Strike","PiercingWail"],"picked":"Footwork","floor":18},{"not_picked":["Blade Dance+1","Slice"],"picked":"Dagger Spray","floor":20},{"not_picked":["Dagger Spray","Reflex","Underhanded Strike"],"picked":"SKIP","floor":21},{"not_picked":["Well Laid Plans+1","Slice"],"picked":"Backflip","floor":22},{"not_picked":["Flying Knee","Dagger Throw","Accuracy"],"picked":"SKIP","floor":24},{"not_picked":["Flying Knee","Poisoned Stab"],"picked":"Crippling Poison","floor":28},{"not_picked":["Calculated Gamble+1","Concentrate"],"picked":"Dodge and Roll","floor":29},{"not_picked":["Endless Agony","Sucker Punch","Flechettes"],"picked":"SKIP","floor":30},{"not_picked":["Poisoned Stab","Dodge and Roll"],"picked":"Footwork","floor":31},{"not_picked":["Well Laid Plans+1","Deflect","Quick Slash"],"picked":"SKIP","floor":35},{"not_picked":["Backstab","Sucker Punch","Poisoned Stab"],"picked":"SKIP","floor":41},{"not_picked":["Acrobatics+1","Wraith Form v2"],"picked":"Crippling Poison+1","floor":46},{"not_picked":["Blade Dance","Deflect","Cloak And Dagger"],"picked":"Singing Bowl","floor":47},{"not_picked":["Predator","Dagger Spray","Blade Dance"],"picked":"Singing Bowl","floor":48}],"player_experience":1872389,"relics_obtained":[{"floor":9,"key":"Pear"},{"floor":10,"key":"Pen Nib"},{"floor":24,"key":"Blue Candle"},{"floor":26,"key":"Gremlin Horn"},{"floor":28,"key":"Oddly Smooth Stone"},{"floor":41,"key":"Orichalcum"},{"floor":43,"key":"Thread and Needle"},{"floor":47,"key":"Paper Crane"}],"event_choices":[{"cards_removed":["Strike_G"],"damage_healed":0,"gold_gain":0,"player_choice":"Purged","damage_taken":0,"max_hp_gain":0,"max_hp_loss":0,"event_name":"Purifier","floor":3,"gold_loss":0},{"damage_healed":0,"gold_gain":999,"player_choice":"Gold","damage_taken":0,"max_hp_gain":0,"max_hp_loss":0,"event_name":"MindBloom","floor":37,"gold_loss":0,"cards_obtained":["Normality","Normality"]},{"damage_healed":0,"gold_gain":0,"player_choice":"Ignored","damage_taken":0,"max_hp_gain":0,"max_hp_loss":0,"event_name":"Tomb of Lord Red Mask","floor":38,"gold_loss":0},{"cards_removed":["Dagger Spray"],"damage_healed":0,"gold_gain":0,"player_choice":"Removed Attack","damage_taken":0,"max_hp_gain":0,"max_hp_loss":0,"event_name":"Falling","floor":39,"gold_loss":0},{"damage_healed":0,"gold_gain":0,"player_choice":"Max HP","damage_taken":0,"max_hp_gain":0,"max_hp_loss":4,"event_name":"Winding Halls","floor":44,"gold_loss":0}],"is_beta":true,"boss_relics":[{"not_picked":["Runic Pyramid","White Beast Statue"],"picked":"Velvet Choker"},{"not_picked":["Cursed Key","Empty Cage"],"picked":"Snecko Eye"}],"items_purged_floors":[11,36,42,45],"is_endless":false,"potions_floor_spawned":[4,5,7,20,24,30,31,33,41,48],"ascension_level":20}