{"gold_per_floor":[112,10,21,41,60,60,87,107,160,173,173,184,184,216,216,293,293,303,248,172,184,204,204,232,249,295,135,164,164,164,164,164,241,241,255,255,265,265,318,318,332,232,257,257,286,82,99,132,132,132,132,132,132,57,57],"floor_reached":55,"playtime":10706,"items_purged":["Strike_R","Strike_R","Writhe"],"score":1900,"play_id":"782e511b-a7de-4ee9-bd6c-7a776a5d9b47","local_time":"20190203183028","is_ascension_mode":true,"campfire_choices":[{"data":"Bash","floor":6.0,"key":"SMITH"},{"data":"True Grit","floor":11.0,"key":"SMITH"},{"data":"Disarm","floor":13.0,"key":"SMITH"},{"floor":15.0,"key":"REST"},{"data":"Sword Boomerang","floor":23.0,"key":"SMITH"},{"data":"Demon Form","floor":30.0,"key":"SMITH"},{"data":"Feed","floor":32.0,"key":"SMITH"},{"data":"Offering","floor":40.0,"key":"SMITH"},{"floor":49.0,"key":"RECALL"},{"data":"Feel No Pain","floor":53.0,"key":"SMITH"}],"neow_cost":"NONE","seed_source_timestamp":1902025973415100,"circlet_count":0,"master_deck":["AscendersBane","Strike_R","Strike_R","Defend_R","Defend_R","Defend_R","Defend_R","Bash+1","Spot Weakness","Headbutt","Flame Barrier","Sword Boomerang+1","Anger","Shrug It Off","Spot Weakness","Disarm+1","True Grit+1","Feed+1","Reaper","Shrug It Off","Shrug It Off","Feel No Pain+1","Demon Form+1","Offering+1","Pommel Strike+1","Battle Trance","Burning Pact","Sword Boomerang+1","Thunderclap+1","Evolve"],"special_seed":0,"relics":["Burning Blood","Orichalcum","Potion Belt","Kunai","Velvet Choker","Tiny Chest","Meat on the Bone","Blood Vial","Regal Pillow","Self Forming Clay","Cursed Key","Prayer Wheel","Oddly Smooth Stone","Bronze Scales"],"potions_floor_usage":[],"damage_taken":[{"damage":6.0,"enemies":"Cultist","floor":1.0,"turns":3.0},{"damage":9.0,"enemies":"2 Louse","floor":3.0,"turns":3.0},{"damage":10.0,"enemies":"Small Slimes","floor":4.0,"turns":4.0},{"damage":16.0,"enemies":"Blue Slaver","floor":5.0,"turns":4.0},{"damage":14.0,"enemies":"3 Sentries","floor":7.0,"turns":7.0},{"damage":4.0,"enemies":"Large Slime","floor":8.0,"turns":5.0},{"damage":15.0,"enemies":"3 Louse","floor":10.0,"turns":3.0},{"damage":5.0,"enemies":"Looter","floor":12.0,"turns":2.0},{"damage":19.0,"enemies":"Lagavulin","floor":14.0,"turns":6.0},{"damage":29.0,"enemies":"The Guardian","floor":16.0,"turns":12.0},{"damage":40.0,"enemies":"Spheric Guardian","floor":18.0,"turns":8.0},{"damage":18.0,"enemies":"Chosen","floor":21.0,"turns":5.0},{"damage":9.0,"enemies":"Centurion and Healer","floor":22.0,"turns":5.0},{"damage":19.0,"enemies":"Book of Stabbing","floor":24.0,"turns":4.0},{"damage":13.0,"enemies":"Shelled Parasite and Fungi","floor":25.0,"turns":7.0},{"damage":67.0,"enemies":"Gremlin Leader","floor":28.0,"turns":9.0},{"damage":28.0,"enemies":"Champ","floor":33.0,"turns":11.0},{"damage":21.0,"enemies":"Orb Walker","floor":35.0,"turns":6.0},{"damage":18.0,"enemies":"3 Shapes","floor":37.0,"turns":10.0},{"damage":56.0,"enemies":"2 Orb Walkers","floor":39.0,"turns":4.0},{"damage":61.0,"enemies":"Spire Growth","floor":41.0,"turns":8.0},{"damage":68.0,"enemies":"Reptomancer","floor":45.0,"turns":9.0},{"damage":18.0,"enemies":"4 Shapes","floor":47.0,"turns":10.0},{"damage":59.0,"enemies":"Nemesis","floor":48.0,"turns":7.0},{"damage":63.0,"enemies":"Awakened One","floor":50.0,"turns":17.0},{"damage":84.0,"enemies":"Donu and Deca","floor":51.0,"turns":8.0},{"damage":112,"enemies":"Shield and Spear","floor":55,"turns":5}],"seed_played":"735552824175615168","potions_obtained":[{"floor":0.0,"key":"EssenceOfSteel"},{"floor":0.0,"key":"FearPotion"},{"floor":3.0,"key":"Weak Potion"},{"floor":5.0,"key":"PowerPotion"},{"floor":7.0,"key":"FearPotion"},{"floor":14.0,"key":"FairyPotion"},{"floor":16.0,"key":"SpeedPotion"},{"floor":18.0,"key":"PowerPotion"},{"floor":24.0,"key":"LiquidBronze"},{"floor":33.0,"key":"Dexterity Potion"},{"floor":39.0,"key":"Regen Potion"},{"floor":45.0,"key":"SpeedPotion"},{"floor":48.0,"key":"PowerPotion"}],"is_trial":false,"path_per_floor":["M","$","M","M","M","R","E","M","T","M","R","M","R","E","R","B",null,"M","?","?","M","M","R","E","M","T","$","E","?","R","T","R","B",null,"M","$","M","?","?","R","M","$","T","?","E","$","M","E","R","B","B",null,"R","$","E"],"character_chosen":"IRONCLAD","items_purchased":["Headbutt","Flame Barrier","Feel No Pain","Ancient Potion","Evolve"],"campfire_rested":1,"item_purchase_floors":[2,2,27,46,54],"current_hp_per_floor":[68,68,65,61,51,51,43,45,45,36,36,37,37,24,46,23,62,34,34,34,38,63,63,65,83,83,83,52,52,52,52,52,51,76,77,77,92,87,56,56,62,62,62,62,59,59,104,63,63,85,75,103,103,103,0],"gold":57,"neow_bonus":"THREE_SMALL_POTIONS","is_prod":false,"is_daily":false,"chose_seed":false,"campfire_upgraded":8,"win_rate":0,"timestamp":1549179028,"path_taken":["M","$","?","M","M","R","E","M","T","M","R","M","R","E","R","BOSS","M","?","?","?","M","R","E","M","T","$","E","?","R","?","R","BOSS","M","$","M","?","?","R","M","$","T","?","E","?","?","E","R","BOSS","BOSS","R","$","E"],"build_version":"2019-01-23","purchased_purges":3,"victory":false,"max_hp_per_floor":[75,75,75,75,75,75,75,75,75,75,75,75,75,75,75,75,75,78,78,78,78,81,81,81,84,84,84,84,84,84,84,84,84,84,88,88,92,92,96,96,100,100,100,100,100,100,104,104,104,108,112,112,112,112,112],"card_choices":[{"not_picked":["Entrench","Flex"],"picked":"Spot Weakness","floor":1.0},{"not_picked":["Clothesline","Headbutt"],"picked":"Sword Boomerang","floor":3.0},{"not_picked":["Sword Boomerang","Heavy Blade"],"picked":"Anger","floor":4.0},{"not_picked":["Flame Barrier","Berserk"],"picked":"Shrug It Off","floor":5.0},{"not_picked":["Perfected Strike","Power Through"],"picked":"Spot Weakness","floor":7.0},{"not_picked":["Twin Strike","Warcry"],"picked":"Disarm","floor":8.0},{"not_picked":["Cleave","Blood for Blood"],"picked":"True Grit","floor":10.0},{"not_picked":["Cleave","Pommel Strike","Entrench"],"picked":"SKIP","floor":12.0},{"not_picked":["Thunderclap","Anger"],"picked":"Feed","floor":14.0},{"not_picked":["Fiend Fire","Offering"],"picked":"Reaper","floor":16.0},{"not_picked":["Heavy Blade","Clash","Pummel+1"],"picked":"SKIP","floor":18.0},{"not_picked":["Clash+1","Sentinel","Rampage+1"],"picked":"SKIP","floor":21.0},{"not_picked":["Twin Strike","Havoc+1"],"picked":"Shrug It Off","floor":22.0},{"not_picked":["Fire Breathing","Sword Boomerang","Armaments+1"],"picked":"SKIP","floor":24.0},{"not_picked":["Wild Strike","Flex"],"picked":"Shrug It Off","floor":25.0},{"not_picked":["Armaments","Iron Wave","Rampage"],"picked":"SKIP","floor":28.0},{"not_picked":["Berserk","Dark Embrace"],"picked":"Offering","floor":33.0},{"not_picked":["Warcry","Twin Strike","True Grit"],"picked":"SKIP","floor":35.0},{"not_picked":["Reckless Charge","Rage+1"],"picked":"Pommel Strike+1","floor":37.0},{"not_picked":["Metallicize","Sever Soul"],"picked":"Battle Trance","floor":41.0},{"not_picked":["Flame Barrier","Headbutt+1","Whirlwind"],"picked":"SKIP","floor":41.0},{"not_picked":["Cleave+1","Warcry"],"picked":"Burning Pact","floor":45.0},{"not_picked":["Twin Strike+1","Warcry"],"picked":"Sword Boomerang+1","floor":47.0},{"not_picked":["Blood for Blood","Armaments"],"picked":"Thunderclap+1","floor":47.0},{"not_picked":["Twin Strike","Combust","Evolve"],"picked":"SKIP","floor":48.0}],"player_experience":700955,"relics_obtained":[{"floor":7.0,"key":"Orichalcum"},{"floor":9.0,"key":"Potion Belt"},{"floor":14.0,"key":"Kunai"},{"floor":24.0,"key":"Blood Vial"},{"floor":26.0,"key":"Regal Pillow"},{"floor":31.0,"key":"Self Forming Clay"},{"floor":39.0,"key":"Prayer Wheel"},{"floor":45.0,"key":"Oddly Smooth Stone"},{"floor":48.0,"key":"Bronze Scales"}],"event_choices":[{"damage_healed":0.0,"max_hp_gain":0.0,"max_hp_loss":0.0,"gold_gain":0.0,"event_name":"Addict","player_choice":"Obtained Relic","floor":19.0,"gold_loss":85.0,"damage_taken":0.0,"relics_obtained":["Tiny Chest"]},{"damage_healed":0.0,"max_hp_gain":0.0,"max_hp_loss":0.0,"gold_gain":0.0,"event_name":"WeMeetAgain","player_choice":"Paid Gold","floor":20.0,"gold_loss":76.0,"damage_taken":0.0,"relics_obtained":["Meat on the Bone"]},{"damage_healed":0.0,"max_hp_gain":0.0,"max_hp_loss":0.0,"gold_gain":0.0,"event_name":"The Library","player_choice":"Read","floor":29.0,"gold_loss":0.0,"damage_taken":0.0,"cards_obtained":["Demon Form"]},{"damage_healed":0.0,"max_hp_gain":0.0,"max_hp_loss":0.0,"gold_gain":0.0,"event_name":"SensoryStone","player_choice":"Memory 2","floor":38.0,"gold_loss":0.0,"damage_taken":5.0},{"damage_healed":0.0,"max_hp_gain":0.0,"max_hp_loss":0.0,"gold_gain":0.0,"event_name":"Mysterious Sphere","player_choice":"Fight","floor":39.0,"gold_loss":0.0,"damage_taken":0.0},{"cards_removed":["Strike_R"],"damage_healed":0.0,"max_hp_gain":0.0,"max_hp_loss":0.0,"gold_gain":0.0,"event_name":"Falling","player_choice":"Removed Attack","floor":44.0,"gold_loss":0.0,"damage_taken":0.0}],"is_beta":false,"boss_relics":[{"not_picked":["Sozu","Lizard Tail"],"picked":"Velvet Choker"},{"not_picked":["Mark of Pain","Orrery"],"picked":"Cursed Key"}],"items_purged_floors":[27,42,46],"is_endless":false,"potions_floor_spawned":[3,5,7,14,16,18,24,33,39,45,48],"killed_by":"Shield and Spear","ascension_level":20}