{"gold_per_floor":[111,111,126,141,161,161,28,28,55,75,91,91,122,140,140,214,264,279,101,101,101,47,47,63,76,126,126,140,140,140],"floor_reached":30,"playtime":1858,"items_purged":["Strike_G"],"score":468,"play_id":"c2f68d5b-66ae-4be0-815b-095092098c02","local_time":"20181027193901","is_ascension_mode":true,"campfire_choices":[{"data":"Neutralize","floor":6.0,"key":"SMITH"},{"data":"Footwork","floor":8.0,"key":"SMITH"},{"data":"Venomology","floor":12.0,"key":"SMITH"},{"data":"Night Terror","floor":15.0,"key":"SMITH"},{"data":"Wraith Form v2","floor":23,"key":"SMITH"}],"neow_cost":"NONE","seed_source_timestamp":727133481312000,"circlet_count":0,"master_deck":["Defend_G+1","Defend_G","Defend_G","Defend_G+1","Defend_G","Strike_G","Strike_G","Strike_G","Strike_G","Survivor","Neutralize+1","AscendersBane","PiercingWail+1","Infinite Blades","Dodge and Roll","Venomology+1","Footwork+1","Poisoned Stab","Dash","Night Terror+1","Acrobatics","Wraith Form v2+1","Predator","Dodge and Roll","Bandage Up","Cloak And Dagger","Escape Plan","Backflip","Writhe","Corpse Explosion"],"special_seed":0,"relics":["Coffee Dripper","Boot","Art of War","Tiny House","MutagenicStrength","War Paint","Snake Skull"],"potions_floor_usage":[16,16,16,18,18,20,20,24,28,28,28,28,28,29,29],"damage_taken":[{"damage":7.0,"enemies":"Jaw Worm","floor":1.0,"turns":4.0},{"damage":0.0,"enemies":"2 Louse","floor":3.0,"turns":3.0},{"damage":0.0,"enemies":"Cultist","floor":4.0,"turns":4.0},{"damage":22.0,"enemies":"Gremlin Gang","floor":5.0,"turns":8.0},{"damage":0.0,"enemies":"Red Slaver","floor":10.0,"turns":6.0},{"damage":8.0,"enemies":"Exordium Wildlife","floor":11.0,"turns":5.0},{"damage":6.0,"enemies":"Lagavulin","floor":13.0,"turns":7.0},{"damage":10.0,"enemies":"2 Fungi Beasts","floor":14.0,"turns":4.0},{"damage":9,"enemies":"Slime Boss","floor":16,"turns":10},{"damage":11,"enemies":"Shell Parasite","floor":18,"turns":7},{"damage":31,"enemies":"Colosseum Slavers","floor":20,"turns":5},{"damage":0,"enemies":"3 Byrds","floor":24,"turns":6},{"damage":17,"enemies":"Snake Plant","floor":25,"turns":6},{"damage":10,"enemies":"Chosen and Byrds","floor":28,"turns":11},{"damage":8,"enemies":"Snecko","floor":29,"turns":7},{"damage":7,"enemies":"Slavers","floor":30,"turns":1}],"seed_played":"-6473731027029233690","potions_obtained":[{"floor":3.0,"key":"GamblersBrew"},{"floor":4.0,"key":"Energy Potion"},{"floor":16,"key":"Energy Potion"},{"floor":17,"key":"Fire Potion"},{"floor":25,"key":"AttackPotion"}],"is_trial":false,"path_per_floor":["M","?","M","M","M","R","$","R","T","M","M","R","E","M","R","B",null,"M","$","?","?","$","R","M","M","T","?","M","M"],"character_chosen":"THE_SILENT","items_purchased":["Footwork","Poisoned Stab","Bandage Up","Cloak And Dagger"],"campfire_rested":0,"item_purchase_floors":[7,7,19,22],"current_hp_per_floor":[52,57,57,57,35,35,35,35,35,35,27,27,21,11,11,2,59,48,48,21,21,21,21,25,12,12,12,6,2,0],"gold":140,"neow_bonus":"BOSS_RELIC","is_prod":false,"is_daily":false,"chose_seed":false,"campfire_upgraded":5,"win_rate":0,"timestamp":1540683541,"path_taken":["M","?","M","M","?","R","?","R","T","M","M","R","E","M","R","BOSS","M","$","?","?","?","R","M","M","T","?","M","?","E"],"build_version":"2018-10-19","purchased_purges":1,"victory":false,"max_hp_per_floor":[66,71,71,71,71,71,71,71,71,71,71,71,71,71,71,71,76,76,76,76,76,76,76,76,76,76,76,76,76,76],"card_choices":[{"not_picked":["Deadly Poison","Finisher"],"picked":"PiercingWail","floor":1.0},{"not_picked":["Deadly Poison","Flying Knee"],"picked":"Infinite Blades","floor":3.0},{"not_picked":["Heel Hook","Prepared"],"picked":"Dodge and Roll","floor":4.0},{"not_picked":["Dodge and Roll","Underhanded Strike"],"picked":"Venomology","floor":5.0},{"not_picked":["Quick Slash","Backstab"],"picked":"Dash","floor":10.0},{"not_picked":["Quick Slash","Underhanded Strike"],"picked":"Night Terror","floor":11.0},{"not_picked":["Outmaneuver","Backstab","Endless Agony"],"picked":"SKIP","floor":13.0},{"not_picked":["Sucker Punch","Outmaneuver"],"picked":"Acrobatics","floor":14.0},{"not_picked":["Grand Finale","Tools of the Trade"],"picked":"Wraith Form v2","floor":16},{"not_picked":["Blade Dance","Slice"],"picked":"Predator","floor":17},{"not_picked":["Blade Dance","Prepared"],"picked":"Dodge and Roll","floor":18},{"not_picked":["Eviscerate","PiercingWail"],"picked":"Escape Plan","floor":24},{"not_picked":["Cloak And Dagger","Concentrate"],"picked":"Backflip","floor":25},{"not_picked":["Deflect","Infinite Blades"],"picked":"Corpse Explosion","floor":28}],"player_experience":1524167,"relics_obtained":[{"floor":9.0,"key":"Boot"},{"floor":13.0,"key":"Art of War"},{"floor":26,"key":"War Paint"}],"event_choices":[{"damage_healed":0.0,"max_hp_gain":5.0,"max_hp_loss":0.0,"gold_gain":0.0,"event_name":"Big Fish","player_choice":"Donut","floor":2.0,"gold_loss":0.0,"damage_taken":0.0},{"damage_healed":0,"gold_gain":0,"player_choice":"Fight","damage_taken":0,"max_hp_gain":0,"max_hp_loss":0,"event_name":"Colosseum","floor":20,"gold_loss":0},{"damage_healed":0,"gold_gain":0,"player_choice":"Fled From Nobs","damage_taken":0,"max_hp_gain":0,"max_hp_loss":0,"event_name":"Colosseum","floor":20,"gold_loss":0},{"damage_healed":0,"gold_gain":0,"player_choice":"Inject Mutagens","damage_taken":0,"relics_obtained":["MutagenicStrength"],"max_hp_gain":0,"max_hp_loss":0,"event_name":"Drug Dealer","floor":21,"gold_loss":0},{"damage_healed":0,"gold_gain":0,"player_choice":"Opened","damage_taken":0,"relics_obtained":["Snake Skull"],"max_hp_gain":0,"max_hp_loss":0,"event_name":"The Mausoleum","floor":27,"gold_loss":0,"cards_obtained":["Writhe"]}],"is_beta":true,"boss_relics":[{"not_picked":["Empty Cage","Orrery"],"picked":"Tiny House"}],"items_purged_floors":[19],"is_endless":false,"potions_floor_spawned":[3,4,10,16,25,29],"killed_by":"Slavers","ascension_level":20}