{"gold_per_floor":[114,127,127,144,155,155,41,41,41,57,57,14,14,31,31,102,102,115,0,19,34,52,52,66,80,80,80,80,80],"floor_reached":29,"playtime":1137,"items_purged":["Strike_B"],"score":405,"play_id":"ba6e86e0-69b9-4e70-8425-038731bc00e0","local_time":"20190109210334","is_ascension_mode":true,"campfire_choices":[{"data":"Zap","floor":6,"key":"SMITH"},{"data":"Capacitor","floor":11,"key":"SMITH"},{"data":"Consume","floor":15,"key":"SMITH"},{"floor":23,"key":"REST"},{"data":"Creative AI","floor":27,"key":"SMITH"}],"neow_cost":"NONE","seed_source_timestamp":2001108041946824,"circlet_count":0,"master_deck":["AscendersBane","Strike_B","Defend_B","Defend_B","Defend_B","Defend_B","Zap+1","Dualcast","Coolheaded","Ball Lightning","Sunder+1","Capacitor+1","Self Repair","Conserve Battery","Consume+1","Cold Snap","Creative AI+1","Chill","Conserve Battery","Cold Snap","Coolheaded","Hologram+1","Capacitor+1"],"relics":["Cracked Core","NeowsBlessing","Shuriken","Empty Cage","Art of War"],"potions_floor_usage":[16,16],"damage_taken":[{"damage":0,"enemies":"Cultist","floor":1,"turns":1},{"damage":0,"enemies":"2 Louse","floor":2,"turns":1},{"damage":0,"enemies":"Jaw Worm","floor":4,"turns":1},{"damage":19,"enemies":"3 Louse","floor":5,"turns":3},{"damage":9,"enemies":"Red Slaver","floor":10,"turns":3},{"damage":6,"enemies":"2 Fungi Beasts","floor":14,"turns":2},{"damage":17,"enemies":"Slime Boss","floor":16,"turns":9},{"damage":23,"enemies":"Chosen","floor":18,"turns":4},{"damage":20,"enemies":"Spheric Guardian","floor":20,"turns":5},{"damage":6,"enemies":"Snecko","floor":21,"turns":6},{"damage":30,"enemies":"3 Cultists","floor":22,"turns":7},{"damage":14,"enemies":"Centurion and Healer","floor":24,"turns":12},{"damage":3,"enemies":"Chosen and Byrds","floor":25,"turns":10},{"damage":27,"enemies":"Cultist and Chosen","floor":29,"turns":3}],"seed_played":"6235226437340994586","potions_obtained":[{"floor":2,"key":"Energy Potion"},{"floor":3,"key":"LiquidBronze"},{"floor":3,"key":"Energy Potion"},{"floor":5,"key":"Block Potion"},{"floor":14,"key":"Fire Potion"},{"floor":18,"key":"FocusPotion"},{"floor":22,"key":"Explosive Potion"}],"is_trial":false,"path_per_floor":["M","M","?","M","M","R","$","?","T","M","R","$","$","M","R","B",null,"M","?","M","M","M","R","M","M","T","R","?","M"],"character_chosen":"DEFECT","items_purchased":["Self Repair","Consume"],"campfire_rested":1,"item_purchase_floors":[7,12],"current_hp_per_floor":[64,64,64,64,45,45,45,45,45,43,43,43,43,37,37,27,60,44,44,31,32,9,30,23,27,27,27,27,0],"gold":80,"neow_bonus":"THREE_ENEMY_KILL","is_prod":false,"is_daily":false,"chose_seed":false,"campfire_upgraded":4,"win_rate":0,"timestamp":1547035414,"path_taken":["M","M","?","?","M","R","$","?","T","M","R","?","$","M","R","BOSS","M","?","M","M","M","R","M","M","T","R","?","M"],"build_version":"2019-01-03v4","purchased_purges":1,"victory":false,"max_hp_per_floor":[71,71,71,71,71,71,71,71,71,71,71,71,71,71,71,71,71,71,71,71,71,71,71,71,71,71,71,71,71],"card_choices":[{"not_picked":["Sweeping Beam","Hello World"],"picked":"Coolheaded","floor":1},{"not_picked":["Darkness","Skim"],"picked":"Ball Lightning","floor":2},{"not_picked":["Beam Cell","Ball Lightning"],"picked":"Sunder","floor":4},{"not_picked":["Chaos","Conserve Battery"],"picked":"Capacitor","floor":5},{"not_picked":["Stack","Lockon"],"picked":"Conserve Battery","floor":10},{"not_picked":["Compile Driver","Beam Cell"],"picked":"Cold Snap","floor":14},{"not_picked":["Fission","Core Surge"],"picked":"Creative AI","floor":16},{"not_picked":["Streamline","Chaos"],"picked":"Chill","floor":18},{"not_picked":["Hello World","Tempest"],"picked":"Conserve Battery","floor":20},{"not_picked":["Redo","Rebound"],"picked":"Cold Snap","floor":21},{"not_picked":["Force Field","Genetic Algorithm+1"],"picked":"Coolheaded","floor":22},{"not_picked":["Streamline","Double Energy"],"picked":"Hologram+1","floor":24},{"not_picked":["Melter","Hello World","Storm"],"picked":"SKIP","floor":25}],"player_experience":801593,"relics_obtained":[{"floor":9,"key":"Shuriken"},{"floor":26,"key":"Art of War"}],"event_choices":[{"damage_healed":0,"gold_gain":0,"player_choice":"Got Potions","damage_taken":0,"max_hp_gain":0,"max_hp_loss":0,"event_name":"Lab","floor":3,"gold_loss":0},{"damage_healed":0,"gold_gain":0,"player_choice":"Upgraded","damage_taken":0,"max_hp_gain":0,"max_hp_loss":0,"event_name":"Upgrade Shrine","floor":8,"gold_loss":0,"cards_upgraded":["Sunder"]},{"damage_healed":0,"gold_gain":0,"player_choice":"Paid Fearfully","damage_taken":0,"max_hp_gain":0,"max_hp_loss":0,"event_name":"Masked Bandits","floor":19,"gold_loss":115},{"damage_healed":0,"gold_gain":0,"player_choice":"Copied","damage_taken":0,"max_hp_gain":0,"max_hp_loss":0,"event_name":"Duplicator","floor":28,"gold_loss":0,"cards_obtained":["Capacitor"]}],"is_beta":false,"boss_relics":[{"not_picked":["Lizard Tail","Tiny House"],"picked":"Empty Cage"}],"items_purged_floors":[7],"is_endless":false,"potions_floor_spawned":[2,5,14,18,22],"killed_by":"Cultist and Chosen","ascension_level":17}