{"gold_per_floor":[115,133,133,83,93,120,120,133,133,8,8,28,28,50,50,151,151,166,166,177,190,217,217,229,229,255,265,265,292,305,135,135,236,236,247,247,247,95,56,56,278,294,294,294,307,326,344,362,362,362],"floor_reached":51,"playtime":2273,"items_purged":["Strike_B","Defend_B"],"score":948,"play_id":"db82184f-9589-4e1d-b1c1-5c0cbc38adc9","local_time":"20181005141538","is_ascension_mode":true,"campfire_choices":[{"floor":7,"key":"REST"},{"data":"Zap","floor":11,"key":"SMITH"},{"data":"Defragment","floor":15,"key":"SMITH"},{"floor":23,"key":"REST"},{"data":"Buffer","floor":25,"key":"SMITH"},{"floor":28,"key":"REST"},{"data":"Fission","floor":32,"key":"SMITH"},{"data":"Fission","floor":40,"key":"SMITH"},{"data":"Consume","floor":44,"key":"SMITH"},{"floor":49,"key":"REST"}],"neow_cost":"PERCENT_DAMAGE","seed_source_timestamp":493173401000720,"circlet_count":0,"master_deck":["Defend_B","Zap+1","Dualcast","FTL","Auto Shields","Consume+1","Loop","Conserve Battery","Defragment+1","Buffer+1","Core Surge+1","BootSequence+1","Aggregate+1","Beam Cell+1","Ball Lightning+1","Go for the Eyes+1","Leap+1","Chill+1","Ball Lightning+1","Fission+1","Beam Cell+1","Go for the Eyes+1","Electrodynamics","Beam Cell+1","Fission+1","Capacitor","Ball Lightning+1","Conserve Battery","Thunder Strike+1","Static Discharge","Conserve Battery+1","Go for the Eyes+1"],"relics":["Cracked Core","Girya","Dream Catcher","Gremlin Horn","Odd Mushroom","Astrolabe","Molten Egg 2","Red Mask","Regal Pillow","Shuriken","Inserter","Cables"],"potions_floor_usage":[22,30,50,50,50,50,50,50],"damage_taken":[{"damage":0,"enemies":"Small Slimes","floor":1,"turns":2},{"damage":8,"enemies":"2 Louse","floor":2,"turns":2},{"damage":0,"enemies":"Jaw Worm","floor":5,"turns":4},{"damage":30,"enemies":"Lagavulin","floor":6,"turns":8},{"damage":7,"enemies":"Red Slaver","floor":8,"turns":4},{"damage":0,"enemies":"3 Louse","floor":12,"turns":3},{"damage":22,"enemies":"The Mushroom Lair","floor":14,"turns":6},{"damage":15,"enemies":"The Guardian","floor":16,"turns":10},{"damage":9,"enemies":"Shell Parasite","floor":18,"turns":7},{"damage":11,"enemies":"Spheric Guardian","floor":20,"turns":4},{"damage":21,"enemies":"Centurion and Healer","floor":21,"turns":8},{"damage":10,"enemies":"Masked Bandits","floor":22,"turns":4},{"damage":0,"enemies":"Cultist and Chosen","floor":24,"turns":7},{"damage":0,"enemies":"3 Cultists","floor":27,"turns":5},{"damage":7,"enemies":"Gremlin Leader","floor":29,"turns":6},{"damage":1,"enemies":"Snecko","floor":30,"turns":7},{"damage":43,"enemies":"Collector","floor":33,"turns":9},{"damage":0,"enemies":"3 Shapes","floor":35,"turns":5},{"damage":6,"enemies":"3 Darklings","floor":42,"turns":4},{"damage":0,"enemies":"Sphere and 2 Shapes","floor":45,"turns":4},{"damage":16,"enemies":"Maw","floor":46,"turns":6},{"damage":7,"enemies":"Jaw Worm Horde","floor":47,"turns":5},{"damage":0,"enemies":"Transient","floor":48,"turns":5},{"damage":33,"enemies":"Donu and Deca","floor":50,"turns":6}],"seed_played":"-7539536044312711352","potions_obtained":[{"floor":2,"key":"Block Potion"},{"floor":5,"key":"EssenceOfSteel"},{"floor":6,"key":"SteroidPotion"},{"floor":12,"key":"FocusPotion"},{"floor":18,"key":"EntropicBrew"},{"floor":22,"key":"Weak Potion"},{"floor":35,"key":"AttackPotion"}],"is_trial":false,"path_per_floor":["M","M","?","?","M","E","R","M","T","$","R","M","?","?","R","B",null,"M","T","M","M","?","R","M","R","T","M","R","E","M","$","R","B",null,"M","?","?","$","$","R","?","M","T","R","M","M","M","M","R","B"],"character_chosen":"DEFECT","items_purchased":["Conserve Battery","Loop","Fission","Capacitor"],"campfire_rested":4,"item_purchase_floors":[10,31,38,39],"current_hp_per_floor":[50,42,42,42,42,12,34,27,27,27,27,27,52,30,30,15,60,51,51,40,19,9,31,31,31,31,31,68,61,60,60,60,17,61,61,61,61,61,61,61,61,55,55,55,55,39,32,32,69,36],"gold":362,"neow_bonus":"ONE_RARE_RELIC","is_prod":false,"is_daily":false,"chose_seed":false,"campfire_upgraded":6,"win_rate":0,"timestamp":1538716538,"path_taken":["M","M","?","?","?","E","R","M","T","$","R","M","?","?","R","BOSS","M","?","M","M","?","R","M","R","T","M","R","E","M","$","R","BOSS","M","?","?","?","$","R","?","M","T","R","M","M","M","?","R","BOSS"],"build_version":"2018-10-04","purchased_purges":2,"victory":true,"max_hp_per_floor":[75,75,75,75,75,75,75,75,75,75,75,75,75,75,75,75,75,75,75,75,75,75,75,75,75,75,75,75,75,75,75,75,75,75,75,75,75,75,75,75,75,75,75,75,75,75,75,75,75,75],"card_choices":[{"not_picked":["Turbo","Genetic Algorithm"],"picked":"FTL","floor":1},{"not_picked":["Genetic Algorithm","Leap"],"picked":"Auto Shields","floor":2},{"not_picked":["Rebound","Double Energy"],"picked":"Consume","floor":5},{"not_picked":["Barrage","Rebound","Scrape"],"picked":"SKIP","floor":6},{"not_picked":["Fusion","Beam Cell"],"picked":"Loop","floor":7},{"not_picked":["Hologram","Sweeping Beam","Steam"],"picked":"SKIP","floor":8},{"not_picked":["Skim","Double Energy"],"picked":"Defragment","floor":12},{"not_picked":["Creative AI","Meteor Strike"],"picked":"Buffer","floor":16},{"not_picked":["Darkness","Force Field+1"],"picked":"Beam Cell+1","floor":18},{"not_picked":["Reprogram","Steam Power+1"],"picked":"Ball Lightning+1","floor":20},{"not_picked":["Fusion","Compile Driver+1"],"picked":"Go for the Eyes+1","floor":21},{"not_picked":["Cold Snap+1","Steam"],"picked":"Leap+1","floor":22},{"not_picked":["Turbo+1","Hologram"],"picked":"Chill+1","floor":23},{"not_picked":["Scrape+1","Streamline+1"],"picked":"Ball Lightning+1","floor":24},{"not_picked":["Melter+1","Redo"],"picked":"Fission","floor":27},{"not_picked":["Doom and Gloom+1","Scrape+1"],"picked":"Beam Cell+1","floor":28},{"not_picked":["Undo","Streamline+1","Turbo"],"picked":"SKIP","floor":29},{"not_picked":["Compile Driver+1","Barrage+1"],"picked":"Go for the Eyes+1","floor":30},{"not_picked":["Core Surge+1","Seek"],"picked":"Electrodynamics","floor":33},{"not_picked":["Stack","Chaos"],"picked":"Beam Cell+1","floor":35},{"not_picked":["Sweeping Beam+1","Consume"],"picked":"Ball Lightning+1","floor":42},{"not_picked":["Stack+1","Gash+1"],"picked":"Conserve Battery","floor":45},{"not_picked":["Go for the Eyes+1","Loop"],"picked":"Thunder Strike+1","floor":46},{"not_picked":["Steam Power","Streamline+1"],"picked":"Static Discharge","floor":47},{"not_picked":["Hello World","Streamline+1"],"picked":"Conserve Battery+1","floor":48},{"not_picked":["Redo+1","Darkness+1"],"picked":"Go for the Eyes+1","floor":49}],"player_experience":474760,"relics_obtained":[{"floor":6,"key":"Dream Catcher"},{"floor":9,"key":"Gremlin Horn"},{"floor":14,"key":"Odd Mushroom"},{"floor":19,"key":"Molten Egg 2"},{"floor":22,"key":"Red Mask"},{"floor":26,"key":"Regal Pillow"},{"floor":29,"key":"Shuriken"},{"floor":43,"key":"Cables"}],"event_choices":[{"event_name":"Living Wall","player_choice":"Forget","floor":3,"damage_taken":0},{"event_name":"The Cleric","player_choice":"Card Removal","floor":4,"damage_taken":0},{"event_name":"Big Fish","player_choice":"Banana","floor":13,"damage_taken":0},{"event_name":"Mushrooms","player_choice":"Fought Mushrooms","floor":14,"damage_taken":0},{"event_name":"Masked Bandits","player_choice":"Fought Bandits","floor":22,"damage_taken":0},{"event_name":"Match and Keep!","player_choice":"0 cards matched","floor":36,"damage_taken":0},{"event_name":"Falling","player_choice":"Removed Power","floor":37,"damage_taken":0},{"event_name":"Tomb of Lord Red Mask","player_choice":"Wore Mask","floor":41,"damage_taken":0}],"is_beta":true,"boss_relics":[{"not_picked":["Orrery","Snecko Eye"],"picked":"Astrolabe"},{"not_picked":["Fusion Hammer","Empty Cage"],"picked":"Inserter"}],"items_purged_floors":[10,31],"is_endless":false,"potions_floor_spawned":[2,5,6,12,18,20,22,27,35,48],"ascension_level":9}