{"gold_per_floor":[116,133,133,63,82,108,108,137,209,209,58,158,174,95,95,191,191,206,220,237,237,56,56],"floor_reached":23,"playtime":982,"items_purged":[],"score":209,"play_id":"588f43bb-8262-4549-ba59-2d2ff0c621eb","local_time":"20190113133750","is_ascension_mode":true,"campfire_choices":[{"data":"Storm","floor":7,"key":"SMITH"},{"floor":10,"key":"REST"},{"floor":15,"key":"REST"}],"neow_cost":"NONE","seed_source_timestamp":993666274669452,"circlet_count":0,"master_deck":["Strike_B+1","Strike_B+1","Defend_B","Defend_B","Defend_B","Defend_B","Zap","Dualcast","Storm+1","Redo","Hello World","White Noise","Machine Learning","Ball Lightning","Defragment","Doom and Gloom","Force Field","Self Repair","Multi-Cast","Hello World+1","White Noise","Double Energy+1","Multi-Cast","Biased Cognition","Thunder Strike","FTL"],"relics":["Cracked Core","Unceasing Top","Whetstone","Ornamental Fan","Fusion Hammer"],"potions_floor_usage":[],"damage_taken":[{"damage":0,"enemies":"Cultist","floor":1,"turns":3},{"damage":0,"enemies":"Small Slimes","floor":2,"turns":4},{"damage":6,"enemies":"Jaw Worm","floor":5,"turns":3},{"damage":30,"enemies":"3 Sentries","floor":6,"turns":8},{"damage":31,"enemies":"Lagavulin","floor":8,"turns":5},{"damage":11,"enemies":"Exordium Wildlife","floor":13,"turns":3},{"damage":38,"enemies":"The Guardian","floor":16,"turns":8},{"damage":23,"enemies":"3 Byrds","floor":18,"turns":3},{"damage":5,"enemies":"Shell Parasite","floor":19,"turns":4},{"damage":30,"enemies":"3 Cultists","floor":20,"turns":5},{"damage":51,"enemies":"Slavers","floor":23,"turns":2}],"seed_played":"-4283329983863538324","potions_obtained":[{"floor":1,"key":"EssenceOfSteel"},{"floor":2,"key":"GamblersBrew"},{"floor":3,"key":"SmokeBomb"},{"floor":13,"key":"Regen Potion"}],"is_trial":false,"path_per_floor":["M","M","?","$","M","E","R","E","T","R","$","?","M","$","R","B",null,"M","M","M","?","$","E"],"character_chosen":"DEFECT","items_purchased":["Hello World","Defragment","Doom and Gloom","Self Repair","Thunder Strike","FTL"],"campfire_rested":2,"item_purchase_floors":[4,11,11,14,22,22],"current_hp_per_floor":[82,82,82,82,76,46,46,15,15,39,39,39,28,28,52,21,82,66,68,45,45,45,0],"gold":56,"neow_bonus":"TEN_PERCENT_HP_BONUS","is_prod":false,"is_daily":false,"chose_seed":false,"campfire_upgraded":1,"win_rate":0,"timestamp":1547383070,"path_taken":["M","M","?","$","?","E","R","E","T","R","?","?","?","?","R","BOSS","M","M","M","?","$","E"],"build_version":"2019-01-10","purchased_purges":0,"victory":false,"max_hp_per_floor":[82,82,82,82,82,82,82,82,82,82,82,82,82,82,82,82,82,82,82,82,82,82,82],"card_choices":[{"not_picked":["Hologram","Rip and Tear"],"picked":"Storm","floor":1},{"not_picked":["Force Field","Leap"],"picked":"Redo","floor":2},{"not_picked":["Gash","Reprogram"],"picked":"White Noise","floor":5},{"not_picked":["Rip and Tear","Compile Driver"],"picked":"Machine Learning","floor":6},{"not_picked":["Fusion","Gash"],"picked":"Ball Lightning","floor":8},{"not_picked":["Recycle","Leap"],"picked":"Force Field","floor":13},{"not_picked":["Echo Form","All For One"],"picked":"Multi-Cast","floor":16},{"not_picked":["Turbo","Streamline+1"],"picked":"Hello World+1","floor":18},{"not_picked":["Compile Driver","Force Field"],"picked":"White Noise","floor":19},{"not_picked":["Conserve Battery","Stack"],"picked":"Double Energy+1","floor":20}],"player_experience":162901,"relics_obtained":[{"floor":6,"key":"Unceasing Top"},{"floor":8,"key":"Whetstone"},{"floor":9,"key":"Ornamental Fan"}],"event_choices":[{"damage_healed":0,"gold_gain":0,"player_choice":"Got Potions","damage_taken":0,"max_hp_gain":0,"max_hp_loss":0,"event_name":"Lab","floor":3,"gold_loss":0},{"damage_healed":0,"gold_gain":100,"player_choice":"Pray","damage_taken":0,"max_hp_gain":0,"max_hp_loss":0,"event_name":"Golden Shrine","floor":12,"gold_loss":0},{"damage_healed":0,"gold_gain":0,"cards_transformed":["Strike_B","Strike_B"],"player_choice":"Became Test Subject","damage_taken":0,"max_hp_gain":0,"max_hp_loss":0,"event_name":"Drug Dealer","floor":21,"gold_loss":0,"cards_obtained":["Multi-Cast","Biased Cognition"]}],"is_beta":false,"boss_relics":[{"not_picked":["Ectoplasm","Astrolabe"],"picked":"Fusion Hammer"}],"items_purged_floors":[],"is_endless":false,"potions_floor_spawned":[1,2,8,13,18],"killed_by":"Slavers","ascension_level":1}