{"gold_per_floor":[12,12,12,12,25,25,43,43,43,43,60,60,74,84,84,189,189,202,220,232,331,32,32,57,57,57,75,0,19,47,60,60,161,161,176,176,1175,1230,632,632,657,669,681,305,305,317,328,348,348,348],"floor_reached":51,"playtime":2540,"items_purged":["Strike_R","Normality","Normality"],"score":1241,"play_id":"41138908-af63-4cc2-a653-21d75a2c6753","local_time":"20181231231616","is_ascension_mode":true,"campfire_choices":[{"data":"1","floor":6.0,"key":"LIFT"},{"data":"2","floor":8.0,"key":"LIFT"},{"data":"3","floor":10.0,"key":"LIFT"},{"data":"Disarm","floor":15.0,"key":"SMITH"},{"data":"Uppercut","floor":23.0,"key":"SMITH"},{"data":"Heavy Blade","floor":25.0,"key":"SMITH"},{"data":"Inflame","floor":32.0,"key":"SMITH"},{"floor":40,"key":"REST"},{"floor":42,"key":"REST"},{"floor":45,"key":"RECALL"},{"floor":49,"key":"REST"}],"neow_cost":"NO_GOLD","seed_source_timestamp":0,"circlet_count":0,"master_deck":["AscendersBane","Strike_R","Strike_R","Strike_R","Defend_R","Defend_R","Defend_R","Defend_R","Bash","Disarm+1","Heavy Blade+1","Pommel Strike","Sword Boomerang","Uppercut+1","Iron Wave","Barricade","Shrug It Off+1","True Grit+1","Heavy Blade","Shrug It Off","Inflame+1","Inflame","Shrug It Off+1","Heavy Blade","Twin Strike","Reaper","Iron Wave","Entrench","Limit Break","Pummel","Shrug It Off","Heavy Blade","Finesse","Flame Barrier","Heavy Blade","Battle Trance+1"],"special_seed":0,"relics":["Burning Blood","Girya","Vajra","PreservedInsect","CultistMask","Sozu","Bag of Marbles","Happy Flower","Pantograph","Frozen Egg 2","Fusion Hammer","Torii","Membership Card","Omamori","FossilizedHelix","MawBank","Mummified Hand","Pen Nib","Dream Catcher","Toolbox"],"potions_floor_usage":[50],"damage_taken":[{"damage":11.0,"enemies":"Small Slimes","floor":1.0,"turns":5.0},{"damage":6.0,"enemies":"Jaw Worm","floor":5.0,"turns":5.0},{"damage":0.0,"enemies":"Cultist","floor":7.0,"turns":3.0},{"damage":3.0,"enemies":"3 Louse","floor":11.0,"turns":2.0},{"damage":16.0,"enemies":"Lots of Slimes","floor":13.0,"turns":4.0},{"damage":9.0,"enemies":"Blue Slaver","floor":14.0,"turns":3.0},{"damage":26.0,"enemies":"The Guardian","floor":16.0,"turns":7.0},{"damage":12.0,"enemies":"2 Thieves","floor":18.0,"turns":3.0},{"damage":8.0,"enemies":"Shell Parasite","floor":19.0,"turns":4.0},{"damage":28.0,"enemies":"Snake Plant","floor":20.0,"turns":3.0},{"damage":11.0,"enemies":"Gremlin Leader","floor":24.0,"turns":4.0},{"damage":12.0,"enemies":"Sentry and Sphere","floor":27.0,"turns":4.0},{"damage":5.0,"enemies":"Snecko","floor":29.0,"turns":3.0},{"damage":15.0,"enemies":"Slavers","floor":30.0,"turns":7.0},{"damage":1.0,"enemies":"Cultist and Chosen","floor":31.0,"turns":4.0},{"damage":13.0,"enemies":"Champ","floor":33.0,"turns":10.0},{"damage":10.0,"enemies":"3 Darklings","floor":35.0,"turns":4.0},{"damage":46,"enemies":"2 Orb Walkers","floor":38,"turns":4},{"damage":27,"enemies":"Reptomancer","floor":41,"turns":5},{"damage":9,"enemies":"3 Shapes","floor":46,"turns":4},{"damage":11,"enemies":"Jaw Worm Horde","floor":47,"turns":2},{"damage":0,"enemies":"Spire Growth","floor":48,"turns":3},{"damage":20,"enemies":"Awakened One","floor":50,"turns":7}],"seed_played":"648953370439190862","potions_obtained":[{"floor":5.0,"key":"Weak Potion"},{"floor":13.0,"key":"Poison Potion"}],"is_trial":false,"path_per_floor":["M","?","?","$","M","R","M","R","T","R","M","?","M","M","R","B",null,"M","M","M","?","$","R","E","R","T","M","$","M","E","M","R","B",null,"M","$","?","?","$","R","E","R","T","$","R","M","M","M","R","B",null],"character_chosen":"IRONCLAD","items_purchased":["Bag of Marbles","Heavy Blade","Shrug It Off","Inflame","Membership Card","Limit Break","Omamori","FossilizedHelix","Pummel","Shrug It Off","Pen Nib","Dream Catcher","Heavy Blade","Finesse","Toolbox"],"campfire_rested":3,"item_purchase_floors":[22,22,22,28,39,39,39,39,39,39,44,44,44,44,44],"current_hp_per_floor":[67,60,53,53,53,53,59,59,59,59,62,62,52,49,49,29,67,61,59,37,37,37,37,32,32,32,26,26,27,18,23,23,41,70,76,76,76,40,40,64,43,67,67,67,67,64,59,65,80,66],"gold":348,"neow_bonus":"ONE_RARE_RELIC","is_prod":false,"is_daily":false,"chose_seed":false,"campfire_upgraded":4,"win_rate":0,"timestamp":1546316176,"path_taken":["M","?","?","?","M","R","M","R","T","R","?","?","M","M","R","BOSS","M","M","?","?","$","R","E","R","T","M","$","M","E","M","R","BOSS","M","$","?","?","$","R","E","R","T","$","R","M","M","M","R","BOSS"],"build_version":"2018-12-20","purchased_purges":3,"victory":true,"max_hp_per_floor":[80,80,80,80,80,80,80,80,80,80,80,80,80,80,80,80,80,80,80,80,80,80,80,80,80,80,80,80,80,80,80,80,80,80,80,80,80,80,80,80,80,80,80,80,80,80,80,80,80,80],"card_choices":[{"not_picked":["Armaments","Thunderclap"],"picked":"Disarm","floor":1.0},{"not_picked":["Armaments","Pommel Strike"],"picked":"Heavy Blade","floor":5.0},{"not_picked":["Fire Breathing","Rampage"],"picked":"Pommel Strike","floor":7.0},{"not_picked":["Evolve","Thunderclap"],"picked":"Sword Boomerang","floor":11.0},{"not_picked":["Clothesline","Anger"],"picked":"Uppercut","floor":13.0},{"not_picked":["Havoc","Warcry"],"picked":"Iron Wave","floor":14.0},{"not_picked":["Impervious","Fiend Fire"],"picked":"Barricade","floor":16.0},{"not_picked":["Pommel Strike","Corruption","Clothesline"],"picked":"SKIP","floor":18.0},{"not_picked":["Twin Strike","Burning Pact"],"picked":"Shrug It Off+1","floor":19.0},{"not_picked":["Warcry","Clothesline"],"picked":"True Grit+1","floor":20.0},{"not_picked":["Havoc","Feel No Pain","Dual Wield"],"picked":"SKIP","floor":24.0},{"not_picked":["Shrug It Off","Pommel Strike"],"picked":"Inflame","floor":27.0},{"not_picked":["Havoc","Fiend Fire"],"picked":"Shrug It Off+1","floor":29.0},{"not_picked":["Combust","Havoc+1"],"picked":"Heavy Blade","floor":30.0},{"not_picked":["Dual Wield","Seeing Red"],"picked":"Twin Strike","floor":31.0},{"not_picked":["Demon Form+1","Double Tap"],"picked":"Reaper","floor":33.0},{"not_picked":["Perfected Strike","Bloodletting"],"picked":"Iron Wave","floor":35.0},{"not_picked":["True Grit","Wild Strike+1"],"picked":"Entrench","floor":38},{"not_picked":["Sentinel","Shockwave","Bludgeon"],"picked":"SKIP","floor":41},{"not_picked":["Pommel Strike","Perfected Strike","Corruption+1"],"picked":"SKIP","floor":46},{"not_picked":["Thunderclap","Intimidate"],"picked":"Flame Barrier","floor":47},{"not_picked":["Evolve+1","True Grit"],"picked":"Heavy Blade","floor":48},{"not_picked":["Thunderclap+1","True Grit+1"],"picked":"Battle Trance+1","floor":49}],"player_experience":373376,"relics_obtained":[{"floor":9.0,"key":"PreservedInsect"},{"floor":24.0,"key":"Happy Flower"},{"floor":26.0,"key":"Pantograph"},{"floor":30.0,"key":"Frozen Egg 2"},{"floor":38,"key":"Torii"},{"floor":41,"key":"MawBank"},{"floor":43,"key":"Mummified Hand"}],"event_choices":[{"damage_healed":0.0,"max_hp_gain":0.0,"max_hp_loss":0.0,"gold_gain":0.0,"event_name":"Scrap Ooze","player_choice":"Success","floor":2.0,"gold_loss":0.0,"damage_taken":7.0,"relics_obtained":["Vajra"]},{"cards_removed":["Strike_R"],"damage_healed":0.0,"max_hp_gain":0.0,"max_hp_loss":0.0,"gold_gain":0.0,"event_name":"Golden Wing","player_choice":"Card Removal","floor":3.0,"gold_loss":0.0,"damage_taken":7.0},{"damage_healed":0.0,"max_hp_gain":0.0,"max_hp_loss":0.0,"gold_gain":0.0,"event_name":"FaceTrader","player_choice":"Trade","floor":12.0,"gold_loss":0.0,"damage_taken":0.0,"relics_obtained":["CultistMask"]},{"damage_healed":0.0,"max_hp_gain":0.0,"max_hp_loss":0.0,"gold_gain":99.0,"event_name":"Nest","player_choice":"Stole From Cult","floor":21.0,"gold_loss":0.0,"damage_taken":0.0},{"damage_healed":0,"gold_gain":999,"player_choice":"Gold","damage_taken":0,"max_hp_gain":0,"max_hp_loss":0,"event_name":"MindBloom","floor":37,"gold_loss":0,"cards_obtained":["Normality","Normality"]},{"damage_healed":0,"gold_gain":0,"player_choice":"Fight","damage_taken":0,"max_hp_gain":0,"max_hp_loss":0,"event_name":"Mysterious Sphere","floor":38,"gold_loss":0}],"is_beta":false,"boss_relics":[{"not_picked":["Velvet Choker","Pandora\u0027s Box"],"picked":"Sozu"},{"not_picked":["Mark of Pain","Astrolabe"],"picked":"Fusion Hammer"}],"items_purged_floors":[22,39,44],"is_endless":false,"potions_floor_spawned":[5,13,14,24,27,29,30,31,35,38,47],"ascension_level":12}