{"gold_per_floor":[111,127,127,127,143,171,191,221,247,247,247,257,40,52,52,131,131,143,157,171,184,184,184,184],"floor_reached":24,"playtime":683,"items_purged":[],"score":423,"play_id":"3b023ab7-6b6f-420d-8b5c-9ef53dd22232","local_time":"20181230165323","is_ascension_mode":true,"campfire_choices":[{"data":"Coolheaded","floor":10,"key":"SMITH"},{"data":"Sunder","floor":15,"key":"SMITH"},{"data":"Thunder Strike","floor":23,"key":"SMITH"}],"neow_cost":"NONE","seed_source_timestamp":255927121726270,"circlet_count":0,"master_deck":["AscendersBane","Strike_B","Strike_B","Strike_B","Defend_B","Defend_B","Defend_B","Defend_B","Zap","Dualcast","Rip and Tear+1","Ball Lightning","Sweeping Beam","Conserve Battery","Coolheaded+1","Steam","Recycle","Turbo","Sunder+1","Thunder Strike+1","Redo+1","Ball Lightning+1","Coolheaded"],"relics":["Cracked Core","NeowsBlessing","Omamori","Smiling Mask","Bag of Preparation","WarpedTongs","Lantern","Snecko Eye"],"potions_floor_usage":[8,12,16,21,24],"damage_taken":[{"damage":0,"enemies":"2 Louse","floor":1,"turns":1},{"damage":0,"enemies":"Small Slimes","floor":2,"turns":1},{"damage":0,"enemies":"Cultist","floor":5,"turns":1},{"damage":32,"enemies":"Gremlin Nob","floor":6,"turns":4},{"damage":1,"enemies":"Blue Slaver","floor":7,"turns":2},{"damage":0,"enemies":"3 Sentries","floor":8,"turns":5},{"damage":0,"enemies":"Lots of Slimes","floor":12,"turns":1},{"damage":0,"enemies":"2 Fungi Beasts","floor":14,"turns":3},{"damage":16,"enemies":"Slime Boss","floor":16,"turns":7},{"damage":0,"enemies":"Shell Parasite","floor":18,"turns":2},{"damage":31,"enemies":"3 Byrds","floor":19,"turns":5},{"damage":2,"enemies":"Cultist and Chosen","floor":20,"turns":3},{"damage":13,"enemies":"Centurion and Healer","floor":21,"turns":4},{"damage":0,"enemies":"Slavers","floor":24,"turns":1}],"seed_played":"3829332100104036509","potions_obtained":[{"floor":1,"key":"Explosive Potion"},{"floor":6,"key":"AttackPotion"},{"floor":8,"key":"Dexterity Potion"},{"floor":20,"key":"Swift Potion"},{"floor":21,"key":"EssenceOfSteel"}],"is_trial":false,"path_per_floor":["M","M","?","?","M","E","M","E","T","R","?","M","$","M","R","B",null,"M","M","M","M","?","R","E"],"character_chosen":"DEFECT","items_purchased":["Lantern","Turbo"],"campfire_rested":0,"item_purchase_floors":[13,13],"current_hp_per_floor":[64,64,57,57,57,25,24,24,24,24,24,24,24,24,24,8,55,55,24,22,9,9,9,9],"gold":184,"neow_bonus":"THREE_ENEMY_KILL","is_prod":false,"is_daily":false,"chose_seed":false,"campfire_upgraded":3,"win_rate":0,"timestamp":1546206803,"path_taken":["M","M","?","?","M","E","?","E","T","R","?","M","$","M","R","BOSS","M","M","?","M","?","R","E"],"build_version":"2018-12-20","purchased_purges":0,"victory":false,"max_hp_per_floor":[71,71,71,71,71,71,71,71,71,71,71,71,71,71,71,71,71,71,71,71,71,71,71,71],"card_choices":[{"not_picked":["Cold Snap","Compile Driver"],"picked":"Rip and Tear","floor":1},{"not_picked":["Compile Driver","Streamline"],"picked":"Ball Lightning","floor":2},{"not_picked":["Hello World","Turbo"],"picked":"Sweeping Beam","floor":5},{"not_picked":["Turbo","Barrage"],"picked":"Conserve Battery","floor":6},{"not_picked":["Auto Shields","Ball Lightning"],"picked":"Coolheaded","floor":7},{"not_picked":["Melter","Double Energy"],"picked":"Steam","floor":8},{"not_picked":["Amplify","Chill"],"picked":"Recycle","floor":12},{"not_picked":["Leap","Static Discharge"],"picked":"Sunder","floor":14},{"not_picked":["Biased Cognition","Machine Learning"],"picked":"Thunder Strike","floor":16},{"not_picked":["Conserve Battery+1","Go for the Eyes"],"picked":"Redo+1","floor":18},{"not_picked":["Leap","Scrape"],"picked":"Ball Lightning+1","floor":19},{"not_picked":["Steam Power","Recycle","Leap"],"picked":"SKIP","floor":20},{"not_picked":["Doom and Gloom","Force Field"],"picked":"Coolheaded","floor":21}],"player_experience":454575,"relics_obtained":[{"floor":6,"key":"Omamori"},{"floor":8,"key":"Smiling Mask"},{"floor":9,"key":"Bag of Preparation"}],"event_choices":[{"cards_removed":["Strike_B"],"damage_healed":0,"gold_gain":0,"player_choice":"Card Removal","damage_taken":7,"max_hp_gain":0,"max_hp_loss":0,"event_name":"Golden Wing","floor":3,"gold_loss":0},{"damage_healed":0,"gold_gain":0,"player_choice":"Upgraded","damage_taken":0,"max_hp_gain":0,"max_hp_loss":0,"event_name":"Upgrade Shrine","floor":4,"gold_loss":0,"cards_upgraded":["Rip and Tear"]},{"damage_healed":0,"gold_gain":0,"player_choice":"Rummage","damage_taken":0,"relics_obtained":["WarpedTongs"],"max_hp_gain":0,"max_hp_loss":0,"event_name":"Accursed Blacksmith","floor":11,"gold_loss":0,"cards_obtained":["Pain"]},{"damage_healed":0,"gold_gain":0,"player_choice":"Smashed Altar","damage_taken":0,"max_hp_gain":0,"max_hp_loss":0,"event_name":"Forgotten Altar","floor":22,"gold_loss":0,"cards_obtained":["Decay"]}],"is_beta":false,"boss_relics":[{"not_picked":["White Beast Statue","Busted Crown"],"picked":"Snecko Eye"}],"items_purged_floors":[],"is_endless":false,"potions_floor_spawned":[1,6,8,20,21],"killed_by":"Slavers","ascension_level":16}