{"gold_per_floor":[119,119,119,177,187,187,222,222,222,235,249,229,261,15,15,114,114,130,55,73,73,24,24,40,40,40,40,0,18,36,63,63,63],"floor_reached":33,"playtime":4691,"items_purged":[],"score":314,"play_id":"053d92fa-f1f2-4a75-ab6e-ed20f76f6623","local_time":"20190207105513","is_ascension_mode":true,"campfire_choices":[{"floor":6,"key":"REST"},{"floor":8,"key":"REST"},{"floor":15,"key":"REST"},{"floor":23,"key":"REST"},{"floor":25,"key":"REST"},{"data":"Biased Cognition","floor":27,"key":"SMITH"},{"floor":32,"key":"REST"}],"neow_cost":"PERCENT_DAMAGE","seed_source_timestamp":507777003503666,"circlet_count":0,"master_deck":["Defend_B","Defend_B+1","Defend_B","Defend_B+1","Zap","Dualcast+1","Meteor Strike","Steam+1","Go for the Eyes","Cold Snap","Capacitor","Sweeping Beam","Conserve Battery","Biased Cognition+1","Go for the Eyes+1","FTL+1","Double Energy+1","White Noise","Rebound+1","Conserve Battery","FTL+1","Defragment","Self Repair+1"],"relics":["Cracked Core","Shuriken","Molten Egg 2","Matryoshka","Astrolabe","PreservedInsect","War Paint","The Courier"],"potions_floor_usage":[16,16,16,33],"damage_taken":[{"damage":4,"enemies":"Small Slimes","floor":1,"turns":3},{"damage":1,"enemies":"2 Louse","floor":5,"turns":3},{"damage":29,"enemies":"Lagavulin","floor":7,"turns":7},{"damage":0,"enemies":"Cultist","floor":10,"turns":4},{"damage":9,"enemies":"Blue Slaver","floor":11,"turns":3},{"damage":28,"enemies":"Gremlin Nob","floor":13,"turns":5},{"damage":17,"enemies":"Hexaghost","floor":16,"turns":11},{"damage":7,"enemies":"Shell Parasite","floor":18,"turns":7},{"damage":31,"enemies":"Chosen","floor":20,"turns":8},{"damage":15,"enemies":"Centurion and Healer","floor":24,"turns":8},{"damage":0,"enemies":"3 Cultists","floor":29,"turns":3},{"damage":14,"enemies":"Cultist and Chosen","floor":30,"turns":5},{"damage":38,"enemies":"Gremlin Leader","floor":31,"turns":5},{"damage":57,"enemies":"Champ","floor":33,"turns":19}],"seed_played":"2046842227037596642","potions_obtained":[{"floor":1,"key":"Swift Potion"},{"floor":5,"key":"EssenceOfSteel"},{"floor":12,"key":"Poison Potion"},{"floor":13,"key":"EssenceOfSteel"},{"floor":20,"key":"Energy Potion"},{"floor":30,"key":"LiquidBronze"}],"is_trial":false,"path_per_floor":["M","?","?","?","M","R","E","R","T","M","M","?","E","$","R","B",null,"M","?","M","?","$","R","M","R","T","R","?","M","M","E","R","B"],"character_chosen":"DEFECT","items_purchased":["Matryoshka","Conserve Battery"],"campfire_rested":6,"item_purchase_floors":[14,22],"current_hp_per_floor":[50,55,39,39,38,62,33,57,57,57,48,48,20,20,44,27,80,73,73,42,26,26,50,35,59,59,59,59,59,45,7,31,0],"gold":63,"neow_bonus":"THREE_RARE_CARDS","is_prod":false,"is_daily":false,"chose_seed":false,"campfire_upgraded":1,"win_rate":0,"timestamp":1549533313,"path_taken":["M","?","?","?","M","R","E","R","T","M","M","?","E","$","R","BOSS","M","?","M","?","$","R","M","R","T","R","?","?","M","E","R","BOSS"],"build_version":"2019-01-23","purchased_purges":0,"victory":false,"max_hp_per_floor":[75,80,80,80,80,80,80,80,80,80,80,80,80,80,80,80,80,80,80,80,80,80,80,80,80,80,80,80,80,80,80,80,80],"card_choices":[{"not_picked":["Hyperbeam","Amplify"],"picked":"Meteor Strike","floor":0},{"not_picked":["Skim","Reprogram"],"picked":"Steam","floor":1},{"not_picked":["Self Repair","Stack"],"picked":"Go for the Eyes","floor":5},{"not_picked":["Loop","Rebound"],"picked":"Cold Snap","floor":7},{"not_picked":["Turbo","Go for the Eyes"],"picked":"Capacitor","floor":10},{"not_picked":["Storm","Stack"],"picked":"Sweeping Beam","floor":11},{"not_picked":["Hello World","Steam"],"picked":"Conserve Battery","floor":13},{"not_picked":["Rainbow","Reboot"],"picked":"Biased Cognition","floor":16},{"not_picked":["Static Discharge","Compile Driver+1"],"picked":"White Noise","floor":18},{"not_picked":["Cold Snap+1","Compile Driver+1"],"picked":"Rebound+1","floor":20},{"not_picked":["Skim","Reinforced Body+1"],"picked":"FTL+1","floor":24},{"not_picked":["Coolheaded","Steam Power"],"picked":"Defragment","floor":29},{"not_picked":["Streamline+1","Undo","Stack"],"picked":"SKIP","floor":30},{"not_picked":["Reboot","Force Field"],"picked":"Self Repair+1","floor":31}],"player_experience":580363,"relics_obtained":[{"floor":7,"key":"Shuriken"},{"floor":13,"key":"Molten Egg 2"},{"floor":26,"key":"PreservedInsect"},{"floor":26,"key":"War Paint"},{"floor":31,"key":"The Courier"}],"event_choices":[{"damage_healed":0,"gold_gain":0,"player_choice":"Donut","damage_taken":0,"max_hp_gain":5,"max_hp_loss":0,"event_name":"Big Fish","floor":2,"gold_loss":0},{"damage_healed":0,"gold_gain":0,"player_choice":"Entered Light","damage_taken":16,"max_hp_gain":0,"max_hp_loss":0,"event_name":"Shining Light","floor":3,"gold_loss":0,"cards_upgraded":["Steam","Dualcast"]},{"damage_healed":0,"gold_gain":58,"player_choice":"Gained Gold","damage_taken":0,"max_hp_gain":0,"max_hp_loss":0,"event_name":"Golden Wing","floor":4,"gold_loss":0},{"damage_healed":0,"gold_gain":0,"player_choice":"Bought 1 Potion","damage_taken":0,"max_hp_gain":0,"max_hp_loss":0,"event_name":"The Woman in Blue","floor":12,"gold_loss":0},{"cards_removed":["Strike_B"],"damage_healed":0,"gold_gain":0,"player_choice":"Gave Gold","damage_taken":0,"max_hp_gain":0,"max_hp_loss":0,"event_name":"Beggar","floor":19,"gold_loss":75},{"damage_healed":0,"gold_gain":0,"player_choice":"Obtained Book","damage_taken":16,"max_hp_gain":0,"max_hp_loss":0,"event_name":"Cursed Tome","floor":21,"gold_loss":0},{"damage_healed":0,"gold_gain":0,"player_choice":"Paid Fearfully","damage_taken":0,"max_hp_gain":0,"max_hp_loss":0,"event_name":"Masked Bandits","floor":28,"gold_loss":40}],"is_beta":false,"boss_relics":[{"not_picked":["Busted Crown","Inserter"],"picked":"Astrolabe"}],"items_purged_floors":[],"is_endless":false,"potions_floor_spawned":[1,5,13,20,30],"killed_by":"Champ","ascension_level":3}