{"gold_per_floor":[110,60,113,129,8,41,41,57,57,57,75,250,284,294,294,391,391,406,406,506,518,532,532,3,3,3,3,21,21,39,67,67,67],"floor_reached":33,"playtime":2538,"items_purged":["Strike_B","Defend_B"],"score":358,"play_id":"ef4aaaa3-c2c7-49b9-b9e7-ee26b8f32c4b","local_time":"20190209020413","is_ascension_mode":true,"campfire_choices":[{"floor":7,"key":"REST"},{"data":"Stack","floor":10,"key":"SMITH"},{"floor":15,"key":"REST"},{"floor":23,"key":"REST"},{"data":"Buffer","floor":25,"key":"SMITH"},{"data":"Loop","floor":27,"key":"SMITH"},{"data":"Capacitor","floor":29,"key":"SMITH"},{"floor":32,"key":"REST"}],"neow_cost":"NONE","seed_source_timestamp":2695215620388700,"circlet_count":0,"master_deck":["Strike_B","Strike_B","Defend_B","Defend_B","Defend_B","Zap","Dualcast","Chill","Turbo","Barrage","Stack+1","Leap","Compile Driver","Capacitor+1","Doubt","Go for the Eyes","Sunder","Buffer+1","Stack","Stack+1","White Noise+1","Loop+1","Coolheaded","Gash","Creative AI","Go for the Eyes+1"],"relics":["Cracked Core","Happy Flower","Mercury Hourglass","Cables","Black Star","Potion Belt","Thread and Needle","Strawberry","Ice Cream","Unceasing Top"],"potions_floor_usage":[6,13,33],"damage_taken":[{"damage":7,"enemies":"Jaw Worm","floor":1,"turns":2},{"damage":0,"enemies":"Cultist","floor":4,"turns":4},{"damage":41,"enemies":"Lagavulin","floor":6,"turns":8},{"damage":0,"enemies":"Small Slimes","floor":8,"turns":3},{"damage":0,"enemies":"Blue Slaver","floor":11,"turns":4},{"damage":25,"enemies":"Gremlin Nob","floor":13,"turns":5},{"damage":0,"enemies":"Lots of Slimes","floor":14,"turns":3},{"damage":19,"enemies":"Hexaghost","floor":16,"turns":11},{"damage":14,"enemies":"Shell Parasite","floor":18,"turns":6},{"damage":0,"enemies":"Chosen","floor":21,"turns":6},{"damage":13,"enemies":"Centurion and Healer","floor":22,"turns":8},{"damage":0,"enemies":"3 Cultists","floor":28,"turns":4},{"damage":0,"enemies":"Cultist and Chosen","floor":30,"turns":7},{"damage":47,"enemies":"Gremlin Leader","floor":31,"turns":14},{"damage":45,"enemies":"Collector","floor":33,"turns":7}],"seed_played":"2906103636832475602","potions_obtained":[{"floor":1,"key":"Strength Potion"},{"floor":8,"key":"Swift Potion"},{"floor":21,"key":"SteroidPotion"},{"floor":30,"key":"SpeedPotion"}],"is_trial":false,"path_per_floor":["M","?","T","M","$","E","R","M","T","R","M","?","E","M","R","B",null,"M","?","?","M","M","R","$","R","T","R","M","R","M","E","R","B"],"character_chosen":"DEFECT","items_purchased":["Stack","Thread and Needle","Loop","Coolheaded"],"campfire_rested":4,"item_purchase_floors":[5,24,24,24],"current_hp_per_floor":[61,61,61,61,61,20,42,42,42,42,42,42,17,17,39,20,61,47,47,47,47,34,56,56,56,63,63,63,63,63,16,40,0],"gold":67,"neow_bonus":"THREE_CARDS","is_prod":false,"is_daily":false,"chose_seed":false,"campfire_upgraded":4,"win_rate":0,"timestamp":1549695853,"path_taken":["M","?","?","?","$","E","R","M","T","R","M","?","E","M","R","BOSS","M","?","?","M","?","R","$","R","T","R","?","R","M","E","R","BOSS"],"build_version":"2019-01-23","purchased_purges":2,"victory":false,"max_hp_per_floor":[75,75,75,75,75,75,75,75,75,75,75,75,75,75,75,75,75,75,75,75,75,75,75,75,75,82,82,82,82,82,82,82,82],"card_choices":[{"not_picked":["Redo","Fusion"],"picked":"Chill","floor":0},{"not_picked":["Scrape","Skim"],"picked":"Turbo","floor":1},{"not_picked":["Beam Cell","Chill"],"picked":"Barrage","floor":4},{"not_picked":["Rebound","Undo"],"picked":"Leap","floor":6},{"not_picked":["Tempest","Stack"],"picked":"Compile Driver","floor":8},{"not_picked":["Turbo","Seek"],"picked":"Capacitor","floor":11},{"not_picked":["Steam Power","Steam"],"picked":"Go for the Eyes","floor":13},{"not_picked":["Compile Driver","Auto Shields"],"picked":"Sunder","floor":14},{"not_picked":["Core Surge","All For One"],"picked":"Buffer","floor":16},{"not_picked":["Compile Driver","Steam+1"],"picked":"Stack","floor":18},{"not_picked":["Beam Cell","Streamline+1"],"picked":"Stack+1","floor":21},{"not_picked":["Scrape","Redo"],"picked":"White Noise+1","floor":22},{"not_picked":["Double Energy","Rebound"],"picked":"Gash","floor":28},{"not_picked":["Barrage+1","Rebound"],"picked":"Creative AI","floor":30},{"not_picked":["Turbo","Redo"],"picked":"Go for the Eyes+1","floor":31}],"player_experience":323788,"relics_obtained":[{"floor":3,"key":"Happy Flower"},{"floor":6,"key":"Mercury Hourglass"},{"floor":13,"key":"Cables"},{"floor":26,"key":"Strawberry"},{"floor":31,"key":"Ice Cream"},{"floor":31,"key":"Unceasing Top"}],"event_choices":[{"cards_removed":["Strike_B"],"damage_healed":0,"gold_gain":0,"player_choice":"Card Removal","damage_taken":0,"max_hp_gain":0,"max_hp_loss":0,"event_name":"The Cleric","floor":2,"gold_loss":50},{"damage_healed":0,"gold_gain":175,"player_choice":"AGREE","damage_taken":0,"max_hp_gain":0,"max_hp_loss":0,"event_name":"Liars Game","floor":12,"gold_loss":0,"cards_obtained":["Doubt"]},{"damage_healed":0,"gold_gain":0,"player_choice":"Opened","damage_taken":0,"relics_obtained":["Potion Belt"],"max_hp_gain":0,"max_hp_loss":0,"event_name":"The Mausoleum","floor":19,"gold_loss":0},{"damage_healed":0,"gold_gain":100,"player_choice":"Pray","damage_taken":0,"max_hp_gain":0,"max_hp_loss":0,"event_name":"Golden Shrine","floor":20,"gold_loss":0}],"is_beta":false,"boss_relics":[{"not_picked":["Pandora\u0027s Box","Philosopher\u0027s Stone"],"picked":"Black Star"}],"items_purged_floors":[5,24],"is_endless":false,"potions_floor_spawned":[1,8,21,30],"killed_by":"Collector","ascension_level":6}