{"gold_per_floor":[115,115,133,151,18,48,48,75,75,75,49,76,94,94,94,166,166,177,191,64,64,74,74,109,123,123,123,156,156,156,156,156,233,283,293,293,311,327,327,359,359,149,198,198,198,148,162,188,188,188,188],"floor_reached":52,"playtime":3247,"items_purged":["Strike_G","Strike_G","Underhanded Strike"],"score":1908,"play_id":"020a91f3-d0d3-460d-8d47-f1db4be86a67","local_time":"20190207195312","is_ascension_mode":true,"campfire_choices":[{"floor":7,"key":"REST"},{"data":"Neutralize","floor":15,"key":"SMITH"},{"floor":23,"key":"REST"},{"floor":27,"key":"REST"},{"floor":29,"key":"REST"},{"data":"Bouncing Flask","floor":32,"key":"SMITH"},{"floor":41,"key":"REST"},{"floor":49,"key":"REST"}],"neow_cost":"NONE","seed_source_timestamp":50478013338400,"circlet_count":0,"master_deck":["AscendersBane","Defend_G","Defend_G","Defend_G","Defend_G","Defend_G","Survivor","Neutralize+1","Dodge and Roll","Dagger Throw","Bouncing Flask+1","PiercingWail+1","Corpse Explosion+1","PiercingWail+1","Glass Knife+1","Well Laid Plans+1","Deadly Poison+1","Bane","Dagger Spray+1","PiercingWail+1","Ghostly+1","Ghostly+1","Ghostly+1","Catalyst+1","Night Terror+1","Noxious Fumes","Cloak And Dagger+1","Prepared+1","Terror+1","Cloak And Dagger+1"],"relics":["Busted Crown","Blue Candle","Toxic Egg 2","Shuriken","Dream Catcher","Astrolabe","Pen Nib","Kunai","Lantern","Tiny House","Dead Branch","Smiling Mask","Centennial Puzzle","StoneCalendar"],"potions_floor_usage":[6,8,16,24,25,28,40,51,51],"damage_taken":[{"damage":0,"enemies":"Jaw Worm","floor":1,"turns":5},{"damage":0,"enemies":"2 Louse","floor":3,"turns":4},{"damage":7,"enemies":"Cultist","floor":4,"turns":5},{"damage":26,"enemies":"Lagavulin","floor":6,"turns":6},{"damage":21,"enemies":"3 Sentries","floor":8,"turns":8},{"damage":0,"enemies":"Exordium Wildlife","floor":13,"turns":4},{"damage":12,"enemies":"The Guardian","floor":16,"turns":9},{"damage":5,"enemies":"Shell Parasite","floor":18,"turns":6},{"damage":7,"enemies":"2 Thieves","floor":19,"turns":4},{"damage":0,"enemies":"3 Cultists","floor":22,"turns":3},{"damage":17,"enemies":"Slavers","floor":24,"turns":4},{"damage":12,"enemies":"Cultist and Chosen","floor":25,"turns":6},{"damage":16,"enemies":"Gremlin Leader","floor":28,"turns":6},{"damage":21,"enemies":"Collector","floor":33,"turns":8},{"damage":3,"enemies":"Orb Walker","floor":35,"turns":4},{"damage":2,"enemies":"3 Shapes","floor":37,"turns":4},{"damage":2,"enemies":"Sphere and 2 Shapes","floor":38,"turns":4},{"damage":5,"enemies":"Reptomancer","floor":40,"turns":9},{"damage":0,"enemies":"3 Darklings","floor":47,"turns":1},{"damage":3,"enemies":"Giant Head","floor":48,"turns":7},{"damage":3,"enemies":"Time Eater","floor":50,"turns":11},{"damage":13,"enemies":"Donu and Deca","floor":51,"turns":10}],"seed_played":"3778304071074789773","potions_obtained":[{"floor":1,"key":"SteroidPotion"},{"floor":6,"key":"SteroidPotion"},{"floor":13,"key":"SkillPotion"},{"floor":16,"key":"FearPotion"},{"floor":22,"key":"Block Potion"},{"floor":25,"key":"FearPotion"},{"floor":34,"key":"SpeedPotion"},{"floor":35,"key":"Strength Potion"},{"floor":40,"key":"Swift Potion"}],"is_trial":false,"path_per_floor":["M","?","M","M","$","E","R","E","T","?","$","T","M","?","R","B",null,"M","M","$","?","M","R","E","M","T","R","E","R","?","?","R","B",null,"M","?","M","M","?","E","R","$","T","T","?","$","M","E","R","B","B",null],"character_chosen":"THE_SILENT","items_purchased":["Bouncing Flask","Underhanded Strike","PiercingWail+1","Deadly Poison+1","Cloak And Dagger+1","Prepared+1"],"campfire_rested":6,"item_purchase_floors":[5,5,11,20,42,42],"current_hp_per_floor":[59,64,64,57,57,31,52,31,31,31,31,31,31,31,31,19,58,53,46,46,26,26,48,31,19,19,41,25,47,38,38,38,17,38,35,35,33,31,31,26,38,38,38,38,38,38,38,35,41,38,25],"gold":188,"neow_bonus":"BOSS_RELIC","is_prod":false,"is_daily":false,"chose_seed":false,"campfire_upgraded":2,"win_rate":0,"timestamp":1549587192,"path_taken":["M","?","M","M","$","E","R","E","T","?","?","?","?","?","R","BOSS","M","M","$","?","M","R","E","M","T","R","E","R","?","?","R","BOSS","M","?","M","?","?","E","R","$","T","?","?","?","M","E","R","BOSS","BOSS"],"build_version":"2019-01-23","purchased_purges":3,"victory":true,"max_hp_per_floor":[66,71,71,71,71,71,71,71,71,71,71,71,71,71,71,71,71,71,71,71,76,76,76,76,76,76,76,76,76,38,38,38,38,43,43,43,43,43,43,43,43,43,43,43,41,41,41,41,41,41,41],"card_choices":[{"not_picked":["Distraction"],"picked":"SKIP","floor":1},{"not_picked":[],"picked":"Dodge and Roll","floor":3},{"not_picked":[],"picked":"Dagger Throw","floor":4},{"not_picked":["Slice"],"picked":"SKIP","floor":6},{"not_picked":["Endless Agony"],"picked":"SKIP","floor":8},{"not_picked":["Flying Knee"],"picked":"SKIP","floor":13},{"not_picked":[],"picked":"Corpse Explosion+1","floor":16},{"not_picked":["Outmaneuver+1"],"picked":"SKIP","floor":18},{"not_picked":["Backstab"],"picked":"SKIP","floor":19},{"not_picked":["Setup+1"],"picked":"SKIP","floor":22},{"not_picked":[],"picked":"Bane","floor":23},{"not_picked":["Outmaneuver+1"],"picked":"SKIP","floor":24},{"not_picked":[],"picked":"Dagger Spray","floor":25},{"not_picked":["Concentrate+1"],"picked":"SKIP","floor":28},{"not_picked":[],"picked":"PiercingWail+1","floor":29},{"not_picked":[],"picked":"Night Terror+1","floor":33},{"not_picked":[],"picked":"Noxious Fumes","floor":35},{"not_picked":["Dagger Spray"],"picked":"SKIP","floor":37},{"not_picked":["Outmaneuver+1"],"picked":"SKIP","floor":38},{"not_picked":["Sucker Punch"],"picked":"SKIP","floor":40},{"not_picked":[],"picked":"Terror+1","floor":47},{"not_picked":[],"picked":"Cloak And Dagger+1","floor":48}],"player_experience":2041979,"relics_obtained":[{"floor":6,"key":"Blue Candle"},{"floor":8,"key":"Toxic Egg 2"},{"floor":9,"key":"Shuriken"},{"floor":12,"key":"Dream Catcher"},{"floor":24,"key":"Pen Nib"},{"floor":26,"key":"Kunai"},{"floor":28,"key":"Lantern"},{"floor":40,"key":"Dead Branch"},{"floor":43,"key":"Smiling Mask"},{"floor":44,"key":"Centennial Puzzle"},{"floor":48,"key":"StoneCalendar"}],"event_choices":[{"damage_healed":0,"gold_gain":0,"player_choice":"Donut","damage_taken":0,"max_hp_gain":5,"max_hp_loss":0,"event_name":"Big Fish","floor":2,"gold_loss":0},{"damage_healed":0,"gold_gain":0,"player_choice":"Ignored","damage_taken":0,"max_hp_gain":0,"max_hp_loss":0,"event_name":"Shining Light","floor":10,"gold_loss":0},{"damage_healed":0,"gold_gain":0,"player_choice":"Ignored","damage_taken":0,"max_hp_gain":0,"max_hp_loss":0,"event_name":"Liars Game","floor":14,"gold_loss":0},{"damage_healed":0,"gold_gain":0,"player_choice":"Shed Blood","damage_taken":25,"max_hp_gain":5,"max_hp_loss":0,"event_name":"Forgotten Altar","floor":21,"gold_loss":0},{"damage_healed":0,"gold_gain":0,"player_choice":"Became a Ghost","damage_taken":0,"max_hp_gain":0,"max_hp_loss":38,"event_name":"Ghosts","floor":30,"gold_loss":0,"cards_obtained":["Ghostly","Ghostly","Ghostly"]},{"damage_healed":0,"gold_gain":0,"player_choice":"Read","damage_taken":0,"max_hp_gain":0,"max_hp_loss":0,"event_name":"The Library","floor":31,"gold_loss":0,"cards_obtained":["Catalyst"]},{"damage_healed":0,"gold_gain":0,"player_choice":"Got Potions","damage_taken":0,"max_hp_gain":0,"max_hp_loss":0,"event_name":"Lab","floor":36,"gold_loss":0},{"damage_healed":0,"gold_gain":0,"player_choice":"Ignored","damage_taken":0,"max_hp_gain":0,"max_hp_loss":0,"event_name":"Mysterious Sphere","floor":39,"gold_loss":0},{"damage_healed":0,"gold_gain":0,"player_choice":"Max HP","damage_taken":0,"max_hp_gain":0,"max_hp_loss":2,"event_name":"Winding Halls","floor":45,"gold_loss":0}],"is_beta":true,"boss_relics":[{"not_picked":["Sozu","Empty Cage"],"picked":"Astrolabe"},{"not_picked":["Coffee Dripper","Calling Bell"],"picked":"Tiny House"}],"items_purged_floors":[20,42,46],"is_endless":false,"potions_floor_spawned":[1,6,13,16,22,25,35,40],"ascension_level":20}