{"gold_per_floor":[110,110,129,129,14,14,14,29,107,136,7,7,40,59,59,131,131,143,143,153,172,172,92,92,42,42,42,42,60,77,77],"floor_reached":31,"playtime":1026,"items_purged":["Pain"],"score":536,"play_id":"421fcaae-e120-466b-920e-18816f4c677e","local_time":"20190121221838","is_ascension_mode":true,"campfire_choices":[{"floor":6.0,"key":"REST"},{"floor":12.0,"key":"REST"},{"data":"Footwork","floor":15.0,"key":"SMITH"},{"floor":24.0,"key":"REST"},{"floor":28.0,"key":"REST"}],"neow_cost":"NONE","seed_source_timestamp":109261559078300,"circlet_count":0,"master_deck":["AscendersBane","Defend_G","Defend_G","Defend_G","Defend_G","Defend_G+1","Strike_G","Strike_G","Strike_G","Strike_G","Strike_G","Survivor+1","Neutralize","Deadly Poison","Footwork+1","Noxious Fumes","Skewer","Noxious Fumes","Footwork","Blade Dance","Infinite Blades","Dodge and Roll","Corpse Explosion","Leg Sweep","Cloak And Dagger","Escape Plan","Blur","Cloak And Dagger","PiercingWail","Acrobatics"],"special_seed":0,"relics":["Philosopher\u0027s Stone","WarpedTongs","Shuriken","Boot","Molten Egg 2","Sozu","Bag of Preparation"],"potions_floor_usage":[31],"damage_taken":[{"damage":8.0,"enemies":"Jaw Worm","floor":1.0,"turns":6.0},{"damage":6.0,"enemies":"Cultist","floor":3.0,"turns":4.0},{"damage":1.0,"enemies":"Small Slimes","floor":8.0,"turns":3.0},{"damage":8.0,"enemies":"Lagavulin","floor":10.0,"turns":7.0},{"damage":0.0,"enemies":"Gremlin Nob","floor":13.0,"turns":3.0},{"damage":12.0,"enemies":"2 Fungi Beasts","floor":14.0,"turns":3.0},{"damage":17.0,"enemies":"Slime Boss","floor":16.0,"turns":7.0},{"damage":0.0,"enemies":"Chosen","floor":18.0,"turns":5.0},{"damage":14.0,"enemies":"Shell Parasite","floor":20.0,"turns":6.0},{"damage":11.0,"enemies":"Snake Plant","floor":21.0,"turns":5.0},{"damage":6.0,"enemies":"Colosseum Slavers","floor":22.0,"turns":4.0},{"damage":31.0,"enemies":"Shelled Parasite and Fungi","floor":29.0,"turns":5.0},{"damage":15.0,"enemies":"Centurion and Healer","floor":30.0,"turns":4.0},{"damage":26,"enemies":"Book of Stabbing","floor":31,"turns":5}],"seed_played":"8684055639251360232","potions_obtained":[{"floor":3.0,"key":"LiquidBronze"},{"floor":10.0,"key":"SteroidPotion"},{"floor":13.0,"key":"Fire Potion"},{"floor":16.0,"key":"LiquidBronze"}],"is_trial":false,"path_per_floor":["M","?","M","?","$","R","?","M","T","E","$","R","E","M","R","B",null,"M","?","M","M","?","$","R","$","T","?","R","M","M","E"],"character_chosen":"THE_SILENT","items_purchased":["Noxious Fumes","Footwork","Blade Dance","Blur","Cloak And Dagger"],"campfire_rested":4,"item_purchase_floors":[5,11,11,23,25],"current_hp_per_floor":[51,51,45,25,25,44,44,43,43,35,35,54,54,42,42,25,56,56,38,24,13,7,7,28,28,28,28,49,18,3,0],"gold":77,"neow_bonus":"BOSS_RELIC","is_prod":false,"is_daily":false,"chose_seed":false,"campfire_upgraded":1,"win_rate":0,"timestamp":1548127118,"path_taken":["M","?","?","?","$","R","?","M","T","E","?","R","E","M","R","BOSS","M","?","M","M","?","$","R","?","T","?","R","M","M","E"],"build_version":"2019-01-16","purchased_purges":1,"victory":false,"max_hp_per_floor":[66,66,66,66,66,66,66,66,66,66,66,66,66,66,66,66,66,66,71,71,71,71,71,71,71,71,71,71,71,71,71],"card_choices":[{"not_picked":["Slice","Flying Knee"],"picked":"Deadly Poison","floor":1.0},{"not_picked":["Bullet Time","Cloak And Dagger"],"picked":"Footwork","floor":3.0},{"not_picked":["PiercingWail","Calculated Gamble"],"picked":"Skewer","floor":8.0},{"not_picked":["Expertise","PiercingWail"],"picked":"Noxious Fumes","floor":10.0},{"not_picked":["Expertise","Finisher"],"picked":"Infinite Blades","floor":13.0},{"not_picked":["Dagger Throw+1","Poisoned Stab+1"],"picked":"Dodge and Roll","floor":14.0},{"not_picked":["Venomology","Envenom"],"picked":"Corpse Explosion","floor":16.0},{"not_picked":["Dagger Spray+1","Deadly Poison"],"picked":"Leg Sweep","floor":18.0},{"not_picked":["Blade Dance","PiercingWail"],"picked":"Cloak And Dagger","floor":20.0},{"not_picked":["Concentrate","Poisoned Stab+1"],"picked":"Escape Plan","floor":21.0},{"not_picked":["Dagger Spray+1","Bane+1"],"picked":"PiercingWail","floor":29.0},{"not_picked":["Noxious Fumes","Blade Dance+1"],"picked":"Acrobatics","floor":30.0}],"player_experience":1920280,"relics_obtained":[{"floor":9.0,"key":"Shuriken"},{"floor":10.0,"key":"Boot"},{"floor":13.0,"key":"Molten Egg 2"},{"floor":26.0,"key":"Bag of Preparation"}],"event_choices":[{"damage_healed":0.0,"max_hp_gain":0.0,"max_hp_loss":0.0,"gold_gain":0.0,"event_name":"Accursed Blacksmith","player_choice":"Rummage","floor":2.0,"gold_loss":0.0,"damage_taken":0.0,"relics_obtained":["WarpedTongs"],"cards_obtained":["Pain"]},{"damage_healed":0.0,"max_hp_gain":0.0,"max_hp_loss":0.0,"gold_gain":0.0,"event_name":"Shining Light","player_choice":"Entered Light","floor":4.0,"gold_loss":0.0,"damage_taken":20.0,"cards_upgraded":["Defend_G","Survivor"]},{"damage_healed":0.0,"max_hp_gain":0.0,"max_hp_loss":0.0,"gold_gain":0.0,"event_name":"Liars Game","player_choice":"Ignored","floor":7.0,"gold_loss":0.0,"damage_taken":0.0},{"damage_healed":0.0,"max_hp_gain":5.0,"max_hp_loss":0.0,"gold_gain":0.0,"event_name":"Forgotten Altar","player_choice":"Shed Blood","floor":19.0,"gold_loss":0.0,"damage_taken":23.0},{"damage_healed":0.0,"max_hp_gain":0.0,"max_hp_loss":0.0,"gold_gain":0.0,"event_name":"Colosseum","player_choice":"Fight","floor":22.0,"gold_loss":0.0,"damage_taken":0.0},{"damage_healed":0.0,"max_hp_gain":0.0,"max_hp_loss":0.0,"gold_gain":0.0,"event_name":"Colosseum","player_choice":"Fled From Nobs","floor":22.0,"gold_loss":0.0,"damage_taken":0.0}],"is_beta":true,"boss_relics":[{"not_picked":["Runic Dome","Black Star"],"picked":"Sozu"}],"items_purged_floors":[5],"is_endless":false,"potions_floor_spawned":[3,10,13,16,29,30],"killed_by":"Book of Stabbing","ascension_level":20}