{"gold_per_floor":[113,125,125,137,147,147,176,191,242,273,273,284,348,423,423,519,519,533,533,543,417,435,467,483,483,483,502,502,502,502,502,502,599,599,611,626,646,225,240,240,271,271,271,271,283,283,383,416,416,416,416,416,79,108,108],"floor_reached":55,"playtime":7410,"items_purged":["Strike_G","Storm of Steel+1","Riddle With Holes+1"],"score":857,"play_id":"31ee7e0b-3aaa-41b4-bb31-39cf30fd1230","local_time":"20190118221717","is_ascension_mode":true,"campfire_choices":[{"data":"Neutralize","floor":6.0,"key":"SMITH"},{"data":"Poisoned Stab","floor":11.0,"key":"SMITH"},{"data":"Setup","floor":15.0,"key":"SMITH"},{"data":"After Image","floor":25.0,"key":"SMITH"},{"data":"Dodge and Roll","floor":30.0,"key":"SMITH"},{"floor":32.0,"key":"REST"},{"data":"Footwork","floor":40.0,"key":"SMITH"},{"floor":46.0,"key":"RECALL"},{"data":"Footwork","floor":49.0,"key":"SMITH"},{"data":"Noxious Fumes","floor":52.0,"key":"SMITH"}],"neow_cost":"NONE","seed_source_timestamp":71804400966979,"circlet_count":0,"master_deck":["Defend_G","Defend_G+1","Defend_G","Defend_G","Defend_G","Survivor","Neutralize+1","Poisoned Stab+1","Blur+1","Setup+1","Dodge and Roll+1","Dash+1","Dash+1","Quick Slash+1","Dash+1","Flying Knee+1","Glass Knife+1","Die Die Die+1","PiercingWail","Backflip+1","Deflect","After Image+1","Backstab+1","Wraith Form v2","Noxious Fumes+1","Footwork+1","Cloak And Dagger","Cloak And Dagger+1","Footwork+1","PiercingWail+1","Backflip"],"special_seed":0,"relics":["Ring of the Serpent","Mercury Hourglass","Bronze Scales","Molten Egg 2","Tiny Chest","Astrolabe","Whetstone","MutagenicStrength","Snake Skull","Ornamental Fan","Membership Card","War Paint","Boot","Blue Candle","Ice Cream","Bird Faced Urn","Mango","Oddly Smooth Stone","Ginger"],"potions_floor_usage":[],"damage_taken":[{"damage":1.0,"enemies":"Cultist","floor":1.0,"turns":4.0},{"damage":0.0,"enemies":"Small Slimes","floor":2.0,"turns":4.0},{"damage":0.0,"enemies":"2 Louse","floor":4.0,"turns":4.0},{"damage":2.0,"enemies":"Large Slime","floor":5.0,"turns":11.0},{"damage":0.0,"enemies":"Lagavulin","floor":7.0,"turns":9.0},{"damage":1.0,"enemies":"Red Slaver","floor":8.0,"turns":3.0},{"damage":4.0,"enemies":"Gremlin Nob","floor":10.0,"turns":4.0},{"damage":2.0,"enemies":"Blue Slaver","floor":12.0,"turns":2.0},{"damage":13.0,"enemies":"Lagavulin","floor":13.0,"turns":9.0},{"damage":0.0,"enemies":"Slime Boss","floor":16.0,"turns":6.0},{"damage":12.0,"enemies":"2 Thieves","floor":18.0,"turns":3.0},{"damage":8.0,"enemies":"Spheric Guardian","floor":20.0,"turns":4.0},{"damage":2.0,"enemies":"Snecko","floor":22.0,"turns":5.0},{"damage":15.0,"enemies":"Slavers","floor":23.0,"turns":3.0},{"damage":4.0,"enemies":"Snake Plant","floor":24.0,"turns":3.0},{"damage":0.0,"enemies":"Cultist and Chosen","floor":27.0,"turns":5.0},{"damage":42.0,"enemies":"Automaton","floor":33.0,"turns":13.0},{"damage":1.0,"enemies":"Orb Walker","floor":35.0,"turns":4.0},{"damage":0.0,"enemies":"3 Shapes","floor":36.0,"turns":7.0},{"damage":0.0,"enemies":"Sphere and 2 Shapes","floor":37.0,"turns":4.0},{"damage":3.0,"enemies":"Transient","floor":39.0,"turns":5.0},{"damage":7.0,"enemies":"Nemesis","floor":41.0,"turns":9.0},{"damage":1.0,"enemies":"Writhing Mass","floor":45.0,"turns":8.0},{"damage":0.0,"enemies":"Mind Bloom Boss Battle","floor":47.0,"turns":9.0},{"damage":4.0,"enemies":"Giant Head","floor":48.0,"turns":13.0},{"damage":31.0,"enemies":"Donu and Deca","floor":50.0,"turns":12.0},{"damage":19.0,"enemies":"Shield and Spear","floor":54.0,"turns":8.0},{"damage":82,"enemies":"The Heart","floor":55,"turns":10}],"seed_played":"-2852516915259346396","potions_obtained":[{"floor":0.0,"key":"Strength Potion"},{"floor":0.0,"key":"EssenceOfSteel"},{"floor":0.0,"key":"Explosive Potion"},{"floor":1.0,"key":"Poison Potion"},{"floor":10.0,"key":"Fruit Juice"},{"floor":12.0,"key":"Strength Potion"},{"floor":13.0,"key":"Fire Potion"},{"floor":20.0,"key":"Swift Potion"},{"floor":24.0,"key":"PowerPotion"},{"floor":27.0,"key":"Ancient Potion"},{"floor":36.0,"key":"Swift Potion"},{"floor":37.0,"key":"SpeedPotion"},{"floor":39.0,"key":"Explosive Potion"},{"floor":47.0,"key":"Poison Potion"}],"is_trial":false,"path_per_floor":["M","M","?","M","M","R","E","M","T","E","R","M","E","?","R","B",null,"M","?","M","$","M","E","M","R","T","M","?","?","R","T","R","B",null,"M","M","M","$","M","R","E","?","T","?","M","R","?","E","R","B",null,"R","$","E","B"],"character_chosen":"THE_SILENT","items_purchased":["Poison Potion","Footwork","Membership Card","War Paint","Dexterity Potion","Mango","Oddly Smooth Stone","FearPotion","SkillPotion"],"campfire_rested":1,"item_purchase_floors":[21,38,38,38,38,53,53,53,53],"current_hp_per_floor":[69,69,69,69,67,67,67,66,66,62,62,65,52,41,41,41,75,63,63,55,55,53,38,34,34,34,34,34,34,34,34,56,14,75,74,74,74,74,71,71,64,64,64,64,63,63,63,59,59,36,75,75,89,74,0],"gold":108,"neow_bonus":"THREE_SMALL_POTIONS","is_prod":false,"is_daily":false,"chose_seed":false,"campfire_upgraded":8,"win_rate":0,"timestamp":1547878637,"path_taken":["M","?","?","M","M","R","E","?","T","E","R","M","E","?","R","BOSS","M","?","M","$","M","E","?","R","T","M","?","?","R","?","R","BOSS","M","M","M","$","M","R","E","?","T","?","?","R","?","E","R","BOSS","R","$","E","BOSS"],"build_version":"2019-01-17v2","purchased_purges":3,"victory":false,"max_hp_per_floor":[70,70,70,70,70,70,70,70,70,70,70,75,75,75,75,75,75,75,75,75,75,75,75,75,75,75,75,75,75,75,75,75,75,75,75,75,75,75,75,75,75,75,75,75,75,75,75,75,75,75,75,75,89,89,89],"card_choices":[{"not_picked":["Dagger Throw","Setup"],"picked":"Poisoned Stab","floor":1.0},{"not_picked":["Acrobatics","Choke"],"picked":"Blur","floor":2.0},{"not_picked":["Prepared","Poisoned Stab"],"picked":"Dodge and Roll","floor":4.0},{"not_picked":["Endless Agony","Bane"],"picked":"Dash","floor":5.0},{"not_picked":["Sucker Punch","Dagger Throw","Phantasmal Killer"],"picked":"SKIP","floor":7.0},{"not_picked":["Acrobatics","Catalyst"],"picked":"Dash","floor":8.0},{"not_picked":["Bouncing Flask","Expertise"],"picked":"Quick Slash","floor":10.0},{"not_picked":["Underhanded Strike+1","Deflect"],"picked":"Dash+1","floor":12.0},{"not_picked":["Outmaneuver","Burst"],"picked":"Flying Knee+1","floor":13.0},{"not_picked":["Unload+1","Bullet Time"],"picked":"Glass Knife+1","floor":16.0},{"not_picked":["Bouncing Flask","Outmaneuver"],"picked":"PiercingWail","floor":18.0},{"not_picked":["Dodge and Roll","PiercingWail+1"],"picked":"Backflip+1","floor":20.0},{"not_picked":["Dagger Throw+1","Poisoned Stab+1"],"picked":"Deflect","floor":22.0},{"not_picked":["Footwork","Heel Hook+1"],"picked":"After Image","floor":24.0},{"not_picked":["Choke+1","Deflect"],"picked":"Backstab+1","floor":27.0},{"not_picked":["Storm of Steel","Doppelganger"],"picked":"Wraith Form v2","floor":33.0},{"not_picked":["Infinite Blades","Poisoned Stab+1","Deadly Poison"],"picked":"SKIP","floor":35.0},{"not_picked":["Acrobatics","Dodge and Roll","Prepared"],"picked":"SKIP","floor":36.0},{"not_picked":["Well Laid Plans+1","Sucker Punch+1"],"picked":"Noxious Fumes","floor":37.0},{"not_picked":["Quick Slash+1","Acrobatics+1"],"picked":"Cloak And Dagger","floor":39.0},{"not_picked":["Quick Slash+1","Setup+1","Poisoned Stab+1"],"picked":"SKIP","floor":41.0},{"not_picked":["Backflip","Noxious Fumes+1"],"picked":"Cloak And Dagger+1","floor":45.0},{"not_picked":["Noxious Fumes","Outmaneuver"],"picked":"Footwork","floor":47.0},{"not_picked":["Tools of the Trade","Bane+1"],"picked":"PiercingWail+1","floor":48.0},{"not_picked":["Catalyst+1","Heel Hook+1"],"picked":"Backflip","floor":54.0}],"player_experience":254384,"relics_obtained":[{"floor":7.0,"key":"Mercury Hourglass"},{"floor":9.0,"key":"Bronze Scales"},{"floor":10.0,"key":"Molten Egg 2"},{"floor":13.0,"key":"Tiny Chest"},{"floor":23.0,"key":"Whetstone"},{"floor":31.0,"key":"Ornamental Fan"},{"floor":41.0,"key":"Boot"},{"floor":43.0,"key":"Blue Candle"},{"floor":47.0,"key":"Ice Cream"},{"floor":48.0,"key":"Bird Faced Urn"},{"floor":54.0,"key":"Ginger"}],"event_choices":[{"damage_healed":0.0,"max_hp_gain":0.0,"max_hp_loss":0.0,"gold_gain":0.0,"cards_transformed":["Strike_G"],"event_name":"Transmorgrifier","player_choice":"Transformed","floor":3.0,"gold_loss":0.0,"damage_taken":0.0,"cards_obtained":["Setup"]},{"damage_healed":0.0,"max_hp_gain":0.0,"max_hp_loss":0.0,"gold_gain":75.0,"event_name":"World of Goop","player_choice":"Gather Gold","floor":14.0,"gold_loss":0.0,"damage_taken":11.0},{"damage_healed":0.0,"max_hp_gain":0.0,"max_hp_loss":0.0,"gold_gain":0.0,"event_name":"NoteForYourself","player_choice":"Ignored","floor":19.0,"gold_loss":0.0,"damage_taken":0.0},{"damage_healed":0.0,"max_hp_gain":0.0,"max_hp_loss":0.0,"gold_gain":0.0,"event_name":"Drug Dealer","player_choice":"Inject Mutagens","floor":28.0,"gold_loss":0.0,"damage_taken":0.0,"relics_obtained":["MutagenicStrength"]},{"damage_healed":0.0,"max_hp_gain":0.0,"max_hp_loss":0.0,"gold_gain":0.0,"event_name":"The Mausoleum","player_choice":"Opened","floor":29.0,"gold_loss":0.0,"damage_taken":0.0,"relics_obtained":["Snake Skull"]},{"damage_healed":0.0,"max_hp_gain":0.0,"max_hp_loss":0.0,"gold_gain":0.0,"event_name":"Tomb of Lord Red Mask","player_choice":"Ignored","floor":42.0,"gold_loss":0.0,"damage_taken":0.0},{"damage_healed":0.0,"max_hp_gain":0.0,"max_hp_loss":0.0,"gold_gain":0.0,"event_name":"SecretPortal","player_choice":"Ignored","floor":44.0,"gold_loss":0.0,"damage_taken":0.0},{"damage_healed":0.0,"max_hp_gain":0.0,"max_hp_loss":0.0,"gold_gain":0.0,"event_name":"MindBloom","player_choice":"Fight","floor":47.0,"gold_loss":0.0,"damage_taken":0.0}],"is_beta":false,"boss_relics":[{"not_picked":["Pandora\u0027s Box","Empty Cage"],"picked":"Astrolabe"},{"not_picked":["WristBlade","Runic Pyramid"],"picked":"Ring of the Serpent"}],"items_purged_floors":[21,38,53],"is_endless":false,"potions_floor_spawned":[1,4,10,12,13,20,24,27,36,37,39,47,54],"killed_by":"The Heart","ascension_level":1}