{"gold_per_floor":[119,119,136,200,215,215,265,275,302,322,547,597,612,169,169,169],"floor_reached":16,"playtime":694,"items_purged":[],"score":94,"play_id":"279a0554-105c-4342-a505-df81417cadc0","local_time":"20190107182636","is_ascension_mode":false,"campfire_choices":[{"data":"Body Slam","floor":6,"key":"SMITH"},{"data":"Rupture","floor":15,"key":"SMITH"}],"neow_cost":"NONE","seed_source_timestamp":572636425554524,"circlet_count":0,"master_deck":["Strike_R","Strike_R","Strike_R","Strike_R","Defend_R","Defend_R","Defend_R","Defend_R","Bash","Body Slam+1","Combust","Sword Boomerang","Iron Wave","Regret","Feed","Rupture+1","Doubt"],"relics":["Burning Blood","SsserpentHead","Centennial Puzzle","Bag of Marbles","Golden Idol","Ginger","MealTicket"],"potions_floor_usage":[],"damage_taken":[{"damage":5,"enemies":"Small Slimes","floor":1,"turns":5},{"damage":4,"enemies":"Cultist","floor":3,"turns":4},{"damage":13,"enemies":"Jaw Worm","floor":4,"turns":3},{"damage":3,"enemies":"2 Fungi Beasts","floor":5,"turns":4},{"damage":17,"enemies":"Exordium Thugs","floor":8,"turns":4},{"damage":11,"enemies":"Red Slaver","floor":10,"turns":2},{"damage":14,"enemies":"Blue Slaver","floor":13,"turns":4},{"damage":57,"enemies":"The Guardian","floor":16,"turns":5}],"seed_played":"-840948893230289419","potions_obtained":[{"floor":5,"key":"SkillPotion"},{"floor":8,"key":"Ancient Potion"},{"floor":10,"key":"Weak Potion"}],"is_trial":false,"path_per_floor":["M","?","M","M","M","R","?","M","T","M","?","?","M","$","R","B"],"character_chosen":"IRONCLAD","items_purchased":["Ginger","MealTicket"],"campfire_rested":0,"item_purchase_floors":[14,14],"current_hp_per_floor":[80,80,80,73,76,76,76,65,65,63,63,63,55,55,55,0],"gold":169,"neow_bonus":"REMOVE_CARD","is_prod":false,"is_daily":false,"chose_seed":false,"campfire_upgraded":2,"win_rate":0.0,"timestamp":1546881996,"path_taken":["M","?","M","?","M","R","?","M","T","M","?","?","M","?","R","BOSS"],"build_version":"2019-01-03v4","purchased_purges":0,"victory":false,"max_hp_per_floor":[80,80,80,80,80,80,80,80,80,83,83,77,77,77,77,77],"card_choices":[{"not_picked":["Anger","True Grit"],"picked":"Body Slam","floor":1},{"not_picked":["Pommel Strike","Anger"],"picked":"Combust","floor":3},{"not_picked":["Fire Breathing","Power Through"],"picked":"Sword Boomerang","floor":4},{"not_picked":["Flame Barrier","Twin Strike"],"picked":"Iron Wave","floor":5},{"not_picked":["Clothesline","Blood for Blood"],"picked":"Feed","floor":8},{"not_picked":["Sentinel","Shockwave"],"picked":"Rupture","floor":10},{"not_picked":["Intimidate","Flex","Ghostly Armor"],"picked":"SKIP","floor":13}],"player_experience":120750,"relics_obtained":[{"floor":9,"key":"Bag of Marbles"}],"event_choices":[{"damage_healed":0,"gold_gain":0,"player_choice":"Trade","damage_taken":0,"relics_obtained":["SsserpentHead"],"max_hp_gain":0,"max_hp_loss":0,"event_name":"FaceTrader","floor":2,"gold_loss":0},{"damage_healed":0,"gold_gain":0,"player_choice":"Box","damage_taken":0,"relics_obtained":["Centennial Puzzle"],"max_hp_gain":0,"max_hp_loss":0,"event_name":"Big Fish","floor":7,"gold_loss":0,"cards_obtained":["Regret"]},{"damage_healed":0,"gold_gain":175,"player_choice":"AGREE","damage_taken":0,"max_hp_gain":0,"max_hp_loss":0,"event_name":"Liars Game","floor":11,"gold_loss":0,"cards_obtained":["Doubt"]},{"damage_healed":0,"gold_gain":0,"player_choice":"Lose Max HP","damage_taken":0,"relics_obtained":["Golden Idol"],"max_hp_gain":0,"max_hp_loss":6,"event_name":"Golden Idol","floor":12,"gold_loss":0}],"is_beta":false,"boss_relics":[],"items_purged_floors":[],"is_endless":false,"potions_floor_spawned":[5,8,10],"killed_by":"The Guardian","ascension_level":0}