{"gold_per_floor":[115,58,69,79,79,79,112,123,123,123,137,102,133,145,145,216,216,232,232,247,258,258,258,258,287,287,303,303,303,67,80,80,154,154,167,185,185,185,75,75,104,121,121,132,132],"floor_reached":45,"playtime":3111,"items_purged":[],"score":950,"play_id":"e8f062b0-67d1-45ea-accc-d6cf3fe224b5","local_time":"20181103015737","is_ascension_mode":true,"campfire_choices":[{"data":"Neutralize","floor":6,"key":"SMITH"},{"data":"Noxious Fumes","floor":10,"key":"SMITH"},{"floor":15,"key":"REST"},{"data":"Footwork","floor":23,"key":"SMITH"},{"data":"Footwork","floor":29,"key":"SMITH"},{"floor":32,"key":"REST"},{"data":"Catalyst","floor":40,"key":"SMITH"}],"neow_cost":"NONE","seed_source_timestamp":110394719563600,"circlet_count":0,"master_deck":["AscendersBane","Survivor","Neutralize+1","Heel Hook","Dagger Throw","Backflip","Footwork+1","Dagger Spray","Dagger Spray","Skewer","PiercingWail","PiercingWail","Cloak And Dagger","Noxious Fumes+1","Dash","Footwork+1","Dodge and Roll+1","Malaise","Deflect+1","Terror","Dash","Blur","Catalyst+1","Burst","Cloak And Dagger"],"relics":["Pandora\u0027s Box","Omamori","Centennial Puzzle","Kunai","Runic Dome","Bottled Lightning","Letter Opener","Pen Nib","Runic Pyramid","Blue Candle","Matryoshka","Dream Catcher","Frozen Egg 2"],"potions_floor_usage":[7,11,14,25,33,33,41,45],"damage_taken":[{"damage":1,"enemies":"2 Louse","floor":1,"turns":2},{"damage":0,"enemies":"Cultist","floor":3,"turns":2},{"damage":4,"enemies":"Jaw Worm","floor":4,"turns":3},{"damage":12,"enemies":"3 Sentries","floor":7,"turns":4},{"damage":1,"enemies":"Lots of Slimes","floor":8,"turns":3},{"damage":1,"enemies":"Blue Slaver","floor":11,"turns":3},{"damage":20,"enemies":"Gremlin Nob","floor":13,"turns":4},{"damage":0,"enemies":"3 Louse","floor":14,"turns":1},{"damage":1,"enemies":"The Guardian","floor":16,"turns":10},{"damage":0,"enemies":"Chosen","floor":18,"turns":6},{"damage":6,"enemies":"Shell Parasite","floor":20,"turns":6},{"damage":6,"enemies":"Snake Plant","floor":21,"turns":6},{"damage":16,"enemies":"Book of Stabbing","floor":25,"turns":7},{"damage":5,"enemies":"Centurion and Healer","floor":27,"turns":10},{"damage":0,"enemies":"Snecko","floor":31,"turns":7},{"damage":31,"enemies":"Collector","floor":33,"turns":12},{"damage":0,"enemies":"Orb Walker","floor":35,"turns":5},{"damage":0,"enemies":"3 Shapes","floor":36,"turns":7},{"damage":20,"enemies":"Reptomancer","floor":41,"turns":9},{"damage":1,"enemies":"Writhing Mass","floor":42,"turns":8},{"damage":21,"enemies":"4 Shapes","floor":44,"turns":8},{"damage":13,"enemies":"Jaw Worm Horde","floor":45,"turns":2}],"seed_played":"-7305871648040494956","potions_obtained":[{"floor":4,"key":"Fire Potion"},{"floor":8,"key":"Block Potion"},{"floor":11,"key":"SteroidPotion"},{"floor":13,"key":"EssenceOfSteel"},{"floor":20,"key":"Energy Potion"},{"floor":25,"key":"GamblersBrew"},{"floor":27,"key":"Energy Potion"},{"floor":36,"key":"Strength Potion"},{"floor":44,"key":"Fire Potion"}],"is_trial":false,"path_per_floor":["M","$","M","M","?","R","E","M","T","R","M","?","E","M","R","B",null,"M","?","M","M","?","R","$","E","T","M","?","R","$","M","R","B",null,"M","M","?","T","?","R","E","M","T","M","M"],"character_chosen":"THE_SILENT","items_purchased":["PiercingWail","Blur","Pen Nib"],"campfire_rested":2,"item_purchase_floors":[2,30,30],"current_hp_per_floor":[58,58,58,54,45,45,33,32,32,32,31,47,27,27,46,45,61,61,61,55,49,49,49,49,33,33,28,28,28,28,28,47,16,54,54,54,54,54,54,54,34,33,33,12,0],"gold":132,"neow_bonus":"BOSS_RELIC","is_prod":false,"is_daily":false,"chose_seed":false,"campfire_upgraded":5,"win_rate":0,"timestamp":1541224657,"path_taken":["M","$","M","M","?","R","E","?","T","R","M","?","E","M","R","BOSS","M","?","M","M","?","R","$","E","T","?","?","R","$","M","R","BOSS","M","M","?","?","?","R","E","M","T","M","?"],"build_version":"2018-11-01","purchased_purges":0,"victory":false,"max_hp_per_floor":[66,66,66,66,66,66,66,66,66,66,66,66,66,66,66,66,66,66,66,66,66,66,66,66,66,66,66,66,66,66,66,66,66,66,66,66,66,66,66,66,66,66,66,66,66],"card_choices":[{"not_picked":["Choke","Quick Slash","Finisher"],"picked":"SKIP","floor":1},{"not_picked":["Escape Plan","Dagger Spray"],"picked":"PiercingWail","floor":3},{"not_picked":["Blade Dance","Deadly Poison","Quick Slash"],"picked":"SKIP","floor":4},{"not_picked":["Slice","Dagger Throw"],"picked":"Cloak And Dagger","floor":7},{"not_picked":["Deflect","All Out Attack"],"picked":"Noxious Fumes","floor":8},{"not_picked":["Choke","Acrobatics"],"picked":"Dash","floor":11},{"not_picked":["Unload","Dagger Spray"],"picked":"Footwork","floor":13},{"not_picked":["Infinite Blades","Caltrops"],"picked":"Dodge and Roll","floor":14},{"not_picked":["Die Die Die","A Thousand Cuts"],"picked":"Malaise","floor":16},{"not_picked":["Slice","Finisher","Setup"],"picked":"SKIP","floor":18},{"not_picked":["Quick Slash","Flechettes"],"picked":"Deflect+1","floor":20},{"not_picked":["Deadly Poison","Underhanded Strike"],"picked":"Terror","floor":21},{"not_picked":["Flying Knee+1","Calculated Gamble"],"picked":"Dash","floor":25},{"not_picked":["Endless Agony+1","All Out Attack","Flying Knee"],"picked":"SKIP","floor":27},{"not_picked":["Poisoned Stab","Prepared"],"picked":"Catalyst","floor":31},{"not_picked":["Tools of the Trade","Doppelganger"],"picked":"Burst","floor":33},{"not_picked":["Prepared","Predator","Flying Knee"],"picked":"SKIP","floor":35},{"not_picked":["Dagger Spray","Bane","Setup"],"picked":"SKIP","floor":36},{"not_picked":["Backstab","Grand Finale"],"picked":"Cloak And Dagger","floor":41},{"not_picked":["Masterful Stab","Prepared","Infinite Blades+1"],"picked":"SKIP","floor":42},{"not_picked":["Deflect","Predator","Bane+1"],"picked":"SKIP","floor":44}],"player_experience":1604845,"relics_obtained":[{"floor":7,"key":"Omamori"},{"floor":9,"key":"Centennial Puzzle"},{"floor":13,"key":"Kunai"},{"floor":25,"key":"Bottled Lightning"},{"floor":26,"key":"Letter Opener"},{"floor":38,"key":"Blue Candle"},{"floor":41,"key":"Matryoshka"},{"floor":43,"key":"Dream Catcher"},{"floor":43,"key":"Frozen Egg 2"}],"event_choices":[{"damage_healed":0,"gold_gain":0,"player_choice":"Damaged","damage_taken":9,"max_hp_gain":0,"max_hp_loss":0,"event_name":"Wheel of Change","floor":5,"gold_loss":0},{"damage_healed":16,"gold_gain":0,"player_choice":"Healed","damage_taken":0,"max_hp_gain":0,"max_hp_loss":0,"event_name":"The Cleric","floor":12,"gold_loss":35},{"damage_healed":0,"gold_gain":0,"player_choice":"Smashed Altar","damage_taken":0,"max_hp_gain":0,"max_hp_loss":0,"event_name":"Forgotten Altar","floor":19,"gold_loss":0,"cards_obtained":["Decay"]},{"cards_removed":["Distraction"],"damage_healed":0,"gold_gain":0,"player_choice":"Purged","damage_taken":0,"max_hp_gain":0,"max_hp_loss":0,"event_name":"Purifier","floor":22,"gold_loss":0},{"damage_healed":0,"gold_gain":0,"player_choice":"Ignored","damage_taken":0,"max_hp_gain":0,"max_hp_loss":0,"event_name":"Beggar","floor":28,"gold_loss":0},{"cards_removed":["Quick Slash"],"damage_healed":0,"gold_gain":0,"player_choice":"Removed Attack","damage_taken":0,"max_hp_gain":0,"max_hp_loss":0,"event_name":"Falling","floor":37,"gold_loss":0},{"cards_removed":["Underhanded Strike"],"damage_healed":0,"gold_gain":0,"player_choice":"Upgrade and Remove","damage_taken":0,"max_hp_gain":0,"max_hp_loss":0,"event_name":"Designer","floor":39,"gold_loss":110,"cards_upgraded":["Dodge and Roll"]}],"is_beta":true,"boss_relics":[{"not_picked":["Tiny House","HoveringKite"],"picked":"Runic Dome"},{"not_picked":["Empty Cage","Busted Crown"],"picked":"Runic Pyramid"}],"items_purged_floors":[],"is_endless":false,"potions_floor_spawned":[4,8,11,13,20,25,27,36,44],"killed_by":"Jaw Worm Horde","ascension_level":20}