{"gold_per_floor":[118,129,144,219,219,245,245,259,306,331,346,346],"floor_reached":12,"playtime":601,"items_purged":[],"score":95,"play_id":"678215fc-8923-4398-9eda-0487e25be0c0","local_time":"20190128180337","is_ascension_mode":true,"campfire_choices":[{"floor":7,"key":"REST"}],"neow_cost":"NONE","seed_source_timestamp":2255643566473883,"circlet_count":0,"master_deck":["Defend_G","Defend_G","Defend_G","Defend_G","Defend_G","Strike_G","Strike_G","Strike_G","Strike_G","Strike_G","Survivor","Neutralize","Flying Knee","Underhanded Strike","Quick Slash","Regret","Prepared","Blade Dance","Cloak And Dagger"],"relics":["Ring of the Snake","Ancient Tea Set","Ornamental Fan","PreservedInsect","Centennial Puzzle","Paper Crane"],"potions_floor_usage":[6,12],"damage_taken":[{"damage":0,"enemies":"Small Slimes","floor":1,"turns":5},{"damage":0,"enemies":"2 Louse","floor":2,"turns":2},{"damage":1,"enemies":"Jaw Worm","floor":3,"turns":5},{"damage":50,"enemies":"3 Sentries","floor":6,"turns":13},{"damage":1,"enemies":"Large Slime","floor":8,"turns":5},{"damage":14,"enemies":"Gremlin Nob","floor":10,"turns":3},{"damage":7,"enemies":"Looter","floor":11,"turns":3},{"damage":8,"enemies":"Red Slaver","floor":12,"turns":3}],"seed_played":"1631212085857507918","potions_obtained":[{"floor":3,"key":"Strength Potion"},{"floor":8,"key":"GamblersBrew"},{"floor":11,"key":"EntropicBrew"}],"is_trial":false,"path_per_floor":["M","M","M","?","?","E","R","M","T","E","M","M"],"character_chosen":"THE_SILENT","items_purchased":[],"campfire_rested":1,"item_purchase_floors":[],"current_hp_per_floor":[70,70,69,58,58,8,29,28,28,14,7,0],"gold":346,"neow_bonus":"RANDOM_COMMON_RELIC","is_prod":false,"is_daily":false,"chose_seed":false,"campfire_upgraded":0,"win_rate":0,"timestamp":1548695017,"path_taken":["M","M","M","?","?","E","R","M","T","E","M","M"],"build_version":"2019-01-23","purchased_purges":0,"victory":false,"max_hp_per_floor":[70,70,70,70,70,70,70,70,70,70,70,70],"card_choices":[{"not_picked":["Poisoned Stab","Bane"],"picked":"Flying Knee","floor":1},{"not_picked":["Catalyst","Deadly Poison"],"picked":"Underhanded Strike","floor":2},{"not_picked":["Deadly Poison","Cloak And Dagger"],"picked":"Quick Slash","floor":3},{"not_picked":["Choke","Expertise"],"picked":"Prepared","floor":6},{"not_picked":["Terror","Underhanded Strike","Deflect"],"picked":"SKIP","floor":8},{"not_picked":["Dagger Throw","Distraction"],"picked":"Blade Dance","floor":10},{"not_picked":["Distraction","Flying Knee"],"picked":"Cloak And Dagger","floor":11}],"player_experience":265312,"relics_obtained":[{"floor":6,"key":"PreservedInsect"},{"floor":9,"key":"Centennial Puzzle"},{"floor":10,"key":"Paper Crane"}],"event_choices":[{"damage_healed":0,"gold_gain":75,"player_choice":"Gather Gold","damage_taken":11,"max_hp_gain":0,"max_hp_loss":0,"event_name":"World of Goop","floor":4,"gold_loss":0},{"damage_healed":0,"gold_gain":0,"player_choice":"Box","damage_taken":0,"relics_obtained":["Ornamental Fan"],"max_hp_gain":0,"max_hp_loss":0,"event_name":"Big Fish","floor":5,"gold_loss":0,"cards_obtained":["Regret"]}],"is_beta":false,"boss_relics":[],"items_purged_floors":[],"is_endless":false,"potions_floor_spawned":[3,8,11],"killed_by":"Red Slaver","ascension_level":1}