{"gold_per_floor":[359,379,379,390,390,390,416,416,465,115,40,56,69,131,131,227,227,244,256,256,256,140,165,181,181,181,181],"floor_reached":27,"playtime":2478,"items_purged":["Defend_G"],"score":231,"play_id":"eb655ee8-a726-4e0f-b302-65bb84eddd07","local_time":"20190128092027","is_ascension_mode":false,"campfire_choices":[{"data":"Neutralize","floor":6.0,"key":"SMITH"},{"floor":8.0,"key":"REST"},{"data":"Well Laid Plans","floor":15.0,"key":"SMITH"},{"floor":25,"key":"REST"}],"neow_cost":"TEN_PERCENT_HP_LOSS","seed_source_timestamp":0,"circlet_count":0,"master_deck":["Defend_G+1","Defend_G+1","Defend_G+1","Defend_G+1","Strike_G+1","Strike_G+1","Strike_G+1","Strike_G+1","Survivor","Neutralize+1","Leg Sweep","Quick Slash+1","Terror","Predator","Adrenaline","Well Laid Plans+1","PiercingWail","Wraith Form v2","Dodge and Roll","Concentrate+1","Caltrops","Skewer","Cloak And Dagger+1"],"special_seed":0,"relics":["Ring of the Snake","Bag of Marbles","Unceasing Top","Whetstone","Pantograph","Runic Pyramid","Lantern","Dead Branch"],"potions_floor_usage":[],"damage_taken":[{"damage":5.0,"enemies":"Cultist","floor":1.0,"turns":4.0},{"damage":3.0,"enemies":"Jaw Worm","floor":2.0,"turns":7.0},{"damage":0.0,"enemies":"Small Slimes","floor":4.0,"turns":4.0},{"damage":26.0,"enemies":"3 Sentries","floor":7.0,"turns":11.0},{"damage":2.0,"enemies":"Blue Slaver","floor":12.0,"turns":3.0},{"damage":0.0,"enemies":"Large Slime","floor":13.0,"turns":4.0},{"damage":17.0,"enemies":"Slime Boss","floor":16.0,"turns":6.0},{"damage":4,"enemies":"Shell Parasite","floor":18,"turns":7},{"damage":1,"enemies":"Chosen","floor":19,"turns":5},{"damage":25,"enemies":"Colosseum Slavers","floor":20,"turns":6},{"damage":16,"enemies":"Slavers","floor":23,"turns":7},{"damage":0,"enemies":"Snecko","floor":24,"turns":2},{"damage":43,"enemies":"Gremlin Leader","floor":27,"turns":5}],"seed_played":"-3045646970793711300","potions_obtained":[{"floor":2.0,"key":"Swift Potion"},{"floor":4.0,"key":"LiquidBronze"},{"floor":12.0,"key":"Fire Potion"},{"floor":13.0,"key":"LiquidBronze"},{"floor":19,"key":"GamblersBrew"}],"is_trial":false,"path_per_floor":["M","M","?","M","?","R","E","R","T","$","$","M","M","?","R","B",null,"M","M","?","?","$","E","M","R","T","E"],"character_chosen":"THE_SILENT","items_purchased":["Pantograph","Well Laid Plans","PiercingWail","Caltrops","Skewer"],"campfire_rested":2,"item_purchase_floors":[10,10,10,22,22],"current_hp_per_floor":[58,55,52,52,52,52,26,44,44,44,44,42,42,42,42,46,63,59,58,33,33,33,17,17,35,35,0],"gold":181,"neow_bonus":"TWO_FIFTY_GOLD","is_prod":false,"is_daily":false,"chose_seed":false,"campfire_upgraded":2,"win_rate":0,"timestamp":1548685227,"path_taken":["M","M","?","M","?","R","E","R","T","?","$","M","M","?","R","BOSS","M","M","?","?","$","E","M","R","T","E"],"build_version":"2019-01-23","purchased_purges":1,"victory":false,"max_hp_per_floor":[63,63,63,63,63,63,63,63,63,63,63,63,63,63,63,63,63,63,63,63,63,63,63,63,63,63,63],"card_choices":[{"not_picked":["Acrobatics","Dagger Spray"],"picked":"Leg Sweep","floor":1.0},{"not_picked":["Outmaneuver","Heel Hook"],"picked":"Quick Slash","floor":2.0},{"not_picked":["Blade Dance","Prepared"],"picked":"Terror","floor":4.0},{"not_picked":["Blade Dance","Finisher"],"picked":"Adrenaline","floor":7.0},{"not_picked":["Prepared","Predator","Slice"],"picked":"SKIP","floor":12.0},{"not_picked":["Flying Knee","Slice","Outmaneuver"],"picked":"SKIP","floor":13.0},{"not_picked":["Adrenaline","Malaise"],"picked":"Wraith Form v2","floor":16.0},{"not_picked":["Endless Agony","PiercingWail"],"picked":"Dodge and Roll","floor":18},{"not_picked":["Deflect+1","Blade Dance"],"picked":"Concentrate+1","floor":19},{"not_picked":["Blade Dance","Quick Slash"],"picked":"Cloak And Dagger+1","floor":23},{"not_picked":["Quick Slash","Cloak And Dagger","Slice"],"picked":"SKIP","floor":24}],"player_experience":151775,"relics_obtained":[{"floor":7.0,"key":"Unceasing Top"},{"floor":9.0,"key":"Whetstone"},{"floor":23,"key":"Lantern"},{"floor":26,"key":"Dead Branch"}],"event_choices":[{"damage_healed":0.0,"max_hp_gain":0.0,"max_hp_loss":0.0,"gold_gain":0.0,"event_name":"Scrap Ooze","player_choice":"Success","floor":3.0,"gold_loss":0.0,"damage_taken":3.0,"relics_obtained":["Bag of Marbles"]},{"damage_healed":0.0,"max_hp_gain":0.0,"max_hp_loss":0.0,"gold_gain":0.0,"cards_transformed":["Strike_G"],"event_name":"Living Wall","player_choice":"Change","floor":5.0,"gold_loss":0.0,"damage_taken":0.0,"cards_obtained":["Predator"]},{"damage_healed":0.0,"max_hp_gain":0.0,"max_hp_loss":0.0,"gold_gain":62.0,"event_name":"Golden Wing","player_choice":"Gained Gold","floor":14.0,"gold_loss":0.0,"damage_taken":0.0},{"damage_healed":0,"gold_gain":0,"player_choice":"Fight","damage_taken":0,"max_hp_gain":0,"max_hp_loss":0,"event_name":"Colosseum","floor":20,"gold_loss":0},{"damage_healed":0,"gold_gain":0,"player_choice":"Fled From Nobs","damage_taken":0,"max_hp_gain":0,"max_hp_loss":0,"event_name":"Colosseum","floor":20,"gold_loss":0},{"damage_healed":0,"gold_gain":0,"player_choice":"Simplicity","damage_taken":0,"max_hp_gain":0,"max_hp_loss":0,"event_name":"Back to Basics","floor":21,"gold_loss":0,"cards_upgraded":["Defend_G","Defend_G","Defend_G","Defend_G","Strike_G","Strike_G","Strike_G"]}],"is_beta":false,"boss_relics":[{"not_picked":["Ectoplasm","Orrery"],"picked":"Runic Pyramid"}],"items_purged_floors":[11],"is_endless":false,"potions_floor_spawned":[2,4,12,13,19],"killed_by":"Gremlin Leader","ascension_level":0}