{"gold_per_floor":[115,130,130,54,68,68,94,108,108,123,154,154,185,205,205,205],"floor_reached":16,"playtime":885,"items_purged":[],"score":146,"play_id":"a311c987-a6b4-4792-9267-a96f0779cb87","local_time":"20190208093846","is_ascension_mode":true,"campfire_choices":[{"data":"Zap","floor":6,"key":"SMITH"},{"floor":12,"key":"REST"},{"floor":15,"key":"REST"}],"neow_cost":"NONE","seed_source_timestamp":593403223789540,"circlet_count":0,"master_deck":["Strike_B","Strike_B","Strike_B","Strike_B","Defend_B","Defend_B","Defend_B","Defend_B","Zap+1","Dualcast","Biased Cognition","Barrage","Ball Lightning","Doom and Gloom","Conserve Battery","Ball Lightning","Creative AI","Coolheaded","Go for the Eyes","Darkness","Chill","Coolheaded"],"relics":["Cracked Core","Peace Pipe","Prayer Wheel","Unceasing Top","Boot"],"potions_floor_usage":[11,13],"damage_taken":[{"damage":0,"enemies":"2 Louse","floor":1,"turns":2},{"damage":8,"enemies":"Small Slimes","floor":2,"turns":3},{"damage":0,"enemies":"Cultist","floor":5,"turns":2},{"damage":29,"enemies":"Lagavulin","floor":7,"turns":5},{"damage":9,"enemies":"2 Fungi Beasts","floor":8,"turns":3},{"damage":2,"enemies":"Red Slaver","floor":10,"turns":3},{"damage":5,"enemies":"Gremlin Nob","floor":11,"turns":3},{"damage":30,"enemies":"3 Sentries","floor":13,"turns":5},{"damage":6,"enemies":"Looter","floor":14,"turns":2},{"damage":52,"enemies":"Hexaghost","floor":16,"turns":10}],"seed_played":"-3416274717619080498","potions_obtained":[{"floor":5,"key":"SpeedPotion"},{"floor":7,"key":"Energy Potion"},{"floor":8,"key":"Block Potion"},{"floor":11,"key":"Regen Potion"},{"floor":13,"key":"AttackPotion"}],"is_trial":false,"path_per_floor":["M","M","?","$","M","R","E","M","T","M","E","R","E","M","R","B"],"character_chosen":"DEFECT","items_purchased":["Doom and Gloom"],"campfire_rested":2,"item_purchase_floors":[4],"current_hp_per_floor":[75,67,72,72,72,72,43,34,34,32,27,51,33,27,51,0],"gold":205,"neow_bonus":"ONE_RANDOM_RARE_CARD","is_prod":false,"is_daily":false,"chose_seed":false,"campfire_upgraded":1,"win_rate":0,"timestamp":1549615126,"path_taken":["M","M","?","$","M","R","E","M","T","M","E","R","E","M","R","BOSS"],"build_version":"2019-01-23","purchased_purges":0,"victory":false,"max_hp_per_floor":[75,75,80,80,80,80,80,80,80,80,80,80,80,80,80,80],"card_choices":[{"not_picked":["Hologram","Reinforced Body"],"picked":"Barrage","floor":1},{"not_picked":["Streamline","Rebound"],"picked":"Ball Lightning","floor":2},{"not_picked":["Force Field","Biased Cognition","Double Energy"],"picked":"SKIP","floor":5},{"not_picked":["Leap","Beam Cell"],"picked":"Conserve Battery","floor":7},{"not_picked":["Rebound","Lockon"],"picked":"Ball Lightning","floor":8},{"not_picked":["Go for the Eyes","Compile Driver"],"picked":"Creative AI","floor":10},{"not_picked":["Streamline","Conserve Battery"],"picked":"Coolheaded","floor":10},{"not_picked":["Turbo","Ball Lightning"],"picked":"Go for the Eyes","floor":11},{"not_picked":["BootSequence","Scrape"],"picked":"Darkness","floor":13},{"not_picked":["Stack","Double Energy"],"picked":"Chill","floor":14},{"not_picked":["Go for the Eyes","Aggregate"],"picked":"Coolheaded","floor":14}],"player_experience":594875,"relics_obtained":[{"floor":7,"key":"Peace Pipe"},{"floor":9,"key":"Prayer Wheel"},{"floor":11,"key":"Unceasing Top"},{"floor":13,"key":"Boot"}],"event_choices":[{"damage_healed":0,"gold_gain":0,"player_choice":"Donut","damage_taken":0,"max_hp_gain":5,"max_hp_loss":0,"event_name":"Big Fish","floor":3,"gold_loss":0}],"is_beta":false,"boss_relics":[],"items_purged_floors":[],"is_endless":false,"potions_floor_spawned":[5,7,8,11,13],"killed_by":"Hexaghost","ascension_level":4}