{"gold_per_floor":[16,34,47,47,47,47,79,97,124,134,151,151,180,105,105,203,203,220,253,70,70,82,82,115,77,77,106,121,135,135,163,163,265,265,275,285,302,34,49,75,75,93,119,69,82,82],"floor_reached":46,"playtime":2664,"items_purged":["Strike_G","Strike_G","Writhe","Strike_G"],"score":573,"play_id":"39456b89-ad1c-4603-85f3-d372d94289ab","local_time":"20190205173028","is_ascension_mode":true,"campfire_choices":[{"data":"Poisoned Stab","floor":6.0,"key":"SMITH"},{"data":"Terror","floor":12.0,"key":"SMITH"},{"data":"Catalyst","floor":15.0,"key":"SMITH"},{"floor":23.0,"key":"REST"},{"floor":30.0,"key":"REST"},{"floor":32.0,"key":"REST"},{"data":"Bouncing Flask","floor":41,"key":"SMITH"}],"neow_cost":"NO_GOLD","seed_source_timestamp":2391970138585746,"circlet_count":0,"master_deck":["Defend_G","Defend_G","Defend_G","Defend_G","Defend_G","Strike_G","Survivor","Neutralize","Die Die Die","Dash","Deflect","Poisoned Stab+1","Terror+1","Bouncing Flask+1","Skewer","Skewer","Catalyst+1","Corpse Explosion","Escape Plan","Backstab","Footwork","Dodge and Roll","Backflip+1","Deflect+1","Caltrops","Endless Agony+1","Terror+1","Adrenaline","Prepared+1","Deadly Poison","Backstab","Bane+1","Deadly Poison","Parasite","Backstab+1"],"special_seed":0,"relics":["Ring of the Snake","Blood Vial","Pen Nib","Boot","Philosopher\u0027s Stone","Red Mask","Paper Crane","Bottled Flame","Meat on the Bone","Ginger","Snake Skull","Sozu","PreservedInsect","Smiling Mask","Lantern"],"potions_floor_usage":[],"damage_taken":[{"damage":0.0,"enemies":"Small Slimes","floor":1.0,"turns":3.0},{"damage":0.0,"enemies":"Cultist","floor":2.0,"turns":4.0},{"damage":0.0,"enemies":"2 Louse","floor":3.0,"turns":2.0},{"damage":20.0,"enemies":"Gremlin Nob","floor":7.0,"turns":5.0},{"damage":0.0,"enemies":"Large Slime","floor":8.0,"turns":3.0},{"damage":7.0,"enemies":"Exordium Thugs","floor":10.0,"turns":5.0},{"damage":0.0,"enemies":"Gremlin Gang","floor":11.0,"turns":6.0},{"damage":1.0,"enemies":"Lagavulin","floor":13.0,"turns":5.0},{"damage":9.0,"enemies":"The Guardian","floor":16.0,"turns":6.0},{"damage":0.0,"enemies":"Chosen","floor":18.0,"turns":2.0},{"damage":29.0,"enemies":"Masked Bandits","floor":19.0,"turns":6.0},{"damage":0.0,"enemies":"Shell Parasite","floor":22.0,"turns":5.0},{"damage":3.0,"enemies":"Gremlin Leader","floor":24.0,"turns":6.0},{"damage":20.0,"enemies":"Slavers","floor":27.0,"turns":6.0},{"damage":0.0,"enemies":"3 Cultists","floor":28.0,"turns":2.0},{"damage":7.0,"enemies":"Snecko","floor":29.0,"turns":5.0},{"damage":16.0,"enemies":"Book of Stabbing","floor":31.0,"turns":5.0},{"damage":19.0,"enemies":"Champ","floor":33.0,"turns":6.0},{"damage":0.0,"enemies":"Orb Walker","floor":35.0,"turns":3.0},{"damage":0.0,"enemies":"3 Darklings","floor":36.0,"turns":2.0},{"damage":0.0,"enemies":"Transient","floor":37.0,"turns":5.0},{"damage":22.0,"enemies":"Sphere and 2 Shapes","floor":39.0,"turns":4.0},{"damage":18,"enemies":"Giant Head","floor":40,"turns":6},{"damage":21,"enemies":"Jaw Worm Horde","floor":42,"turns":4},{"damage":0,"enemies":"Writhing Mass","floor":45,"turns":3},{"damage":46,"enemies":"Nemesis","floor":46,"turns":2}],"seed_played":"8247868597507863446","potions_obtained":[{"floor":3.0,"key":"Poison Potion"},{"floor":7.0,"key":"Weak Potion"},{"floor":10.0,"key":"Block Potion"},{"floor":16.0,"key":"Block Potion"},{"floor":18.0,"key":"LiquidBronze"},{"floor":24.0,"key":"Dexterity Potion"},{"floor":28.0,"key":"Poison Potion"},{"floor":31.0,"key":"Strength Potion"},{"floor":33.0,"key":"Swift Potion"}],"is_trial":false,"path_per_floor":["M","M","M","?","?","R","E","M","T","M","M","R","E","$","R","B",null,"M","?","$","?","M","R","E","$","T","E","M","M","R","E","R","B",null,"M","M","M","$","M","E","R","M","T","$","M","E"],"character_chosen":"THE_SILENT","items_purchased":["Footwork","Dodge and Roll","Caltrops","PreservedInsect"],"campfire_rested":3,"item_purchase_floors":[20,20,25,38],"current_hp_per_floor":[70,70,70,70,70,70,50,52,52,47,49,49,50,50,50,43,70,70,41,41,41,43,64,63,63,63,45,47,42,63,49,70,51,70,70,70,70,70,48,44,44,37,37,37,39,0],"gold":82,"neow_bonus":"THREE_RARE_CARDS","is_prod":false,"is_daily":false,"chose_seed":false,"campfire_upgraded":4,"win_rate":0,"timestamp":1549423828,"path_taken":["M","M","M","?","?","R","E","M","T","?","M","R","E","$","R","BOSS","M","?","$","?","?","R","E","$","T","E","M","M","R","E","R","BOSS","M","M","?","$","M","E","R","M","T","$","M","E"],"build_version":"2019-01-23","purchased_purges":4,"victory":false,"max_hp_per_floor":[70,70,70,70,70,70,70,70,70,70,70,70,70,70,70,70,70,70,70,70,70,70,70,70,70,70,70,70,70,70,70,70,70,70,70,70,70,70,70,70,70,70,70,70,70,70],"card_choices":[{"not_picked":["After Image","Malaise"],"picked":"Die Die Die","floor":0.0},{"not_picked":["Flying Knee","Deadly Poison"],"picked":"Dash","floor":1.0},{"not_picked":["PiercingWail","Backflip"],"picked":"Deflect","floor":2.0},{"not_picked":["Flying Knee","Slice"],"picked":"Poisoned Stab","floor":3.0},{"not_picked":["Distraction","Flechettes"],"picked":"Terror","floor":7.0},{"not_picked":["Backflip","Well Laid Plans"],"picked":"Bouncing Flask","floor":8.0},{"not_picked":["Backflip","Outmaneuver"],"picked":"Skewer","floor":10.0},{"not_picked":["Backflip","PiercingWail"],"picked":"Skewer","floor":11.0},{"not_picked":["Prepared","Blade Dance"],"picked":"Catalyst","floor":13.0},{"not_picked":["Unload","Doppelganger"],"picked":"Corpse Explosion","floor":16.0},{"not_picked":["Dagger Spray","Deflect"],"picked":"Escape Plan","floor":18.0},{"not_picked":["Blade Dance","Choke"],"picked":"Backstab","floor":19.0},{"not_picked":["Footwork","Bane"],"picked":"Backflip+1","floor":22.0},{"not_picked":["Tactician","Cloak And Dagger"],"picked":"Deflect+1","floor":24.0},{"not_picked":["Calculated Gamble","All Out Attack"],"picked":"Endless Agony+1","floor":27.0},{"not_picked":["Infinite Blades","Venomology"],"picked":"Terror+1","floor":28.0},{"not_picked":["Blade Dance","Sucker Punch","Escape Plan"],"picked":"SKIP","floor":29.0},{"not_picked":["Reflex+1","Cloak And Dagger","Choke"],"picked":"SKIP","floor":31.0},{"not_picked":["Corpse Explosion","Doppelganger"],"picked":"Adrenaline","floor":33.0},{"not_picked":["Backflip+1","Blade Dance"],"picked":"Prepared+1","floor":35.0},{"not_picked":["Dagger Spray","Underhanded Strike+1"],"picked":"Deadly Poison","floor":36.0},{"not_picked":["Predator+1","Caltrops"],"picked":"Backstab","floor":37.0},{"not_picked":["Flying Knee","Finisher+1"],"picked":"Bane+1","floor":39.0},{"not_picked":["Choke+1","Deflect","Prepared"],"picked":"SKIP","floor":40},{"not_picked":["Cloak And Dagger+1","Well Laid Plans"],"picked":"Deadly Poison","floor":42},{"not_picked":["Bane+1","Dash+1"],"picked":"Backstab+1","floor":45}],"player_experience":102724,"relics_obtained":[{"floor":7.0,"key":"Blood Vial"},{"floor":9.0,"key":"Pen Nib"},{"floor":13.0,"key":"Boot"},{"floor":19.0,"key":"Red Mask"},{"floor":24.0,"key":"Bottled Flame"},{"floor":26.0,"key":"Meat on the Bone"},{"floor":27.0,"key":"Ginger"},{"floor":31.0,"key":"Snake Skull"},{"floor":40,"key":"Smiling Mask"},{"floor":43,"key":"Lantern"}],"event_choices":[{"damage_healed":0.0,"max_hp_gain":0.0,"max_hp_loss":0.0,"gold_gain":0.0,"event_name":"The Cleric","player_choice":"Leave","floor":4.0,"gold_loss":0.0,"damage_taken":0.0},{"cards_removed":["Strike_G"],"damage_healed":0.0,"max_hp_gain":0.0,"max_hp_loss":0.0,"gold_gain":0.0,"event_name":"Bonfire Elementals","player_choice":"Offered Basic","floor":5.0,"gold_loss":0.0,"damage_taken":0.0},{"damage_healed":0.0,"max_hp_gain":0.0,"max_hp_loss":0.0,"gold_gain":0.0,"event_name":"Masked Bandits","player_choice":"Fought Bandits","floor":19.0,"gold_loss":0.0,"damage_taken":0.0},{"damage_healed":0.0,"max_hp_gain":0.0,"max_hp_loss":0.0,"gold_gain":0.0,"event_name":"The Mausoleum","player_choice":"Opened","floor":21.0,"gold_loss":0.0,"damage_taken":0.0,"relics_obtained":["Paper Crane"],"cards_obtained":["Writhe"]}],"is_beta":false,"boss_relics":[{"not_picked":["Coffee Dripper","Eternal Feather"],"picked":"Philosopher\u0027s Stone"},{"not_picked":["Astrolabe","White Beast Statue"],"picked":"Sozu"}],"items_purged_floors":[14,20,38,44],"is_endless":false,"potions_floor_spawned":[3,7,10,16,18,24,28,31,33,37,39,40],"killed_by":"Nemesis","ascension_level":1}