{"gold_per_floor":[119,137,312,332,332,367,379,379,379,430,457,474,474,167,167,262,262,279,279,108,122,122,153,153,179,179,196,210,237,237,251,251,354,354,372,372,383,260,278,309,309,319,369,387,387,415,415,415,415,415,415,415,111,144,144],"floor_reached":56,"playtime":6868,"items_purged":["Defend_B","Doubt","Strike_B"],"score":1400,"play_id":"5b3dfaa5-f29f-418b-98ff-5892d857ae4d","local_time":"20190123202922","is_ascension_mode":true,"campfire_choices":[{"data":"Consume","floor":8,"key":"SMITH"},{"data":"Defragment","floor":13,"key":"SMITH"},{"floor":15,"key":"REST"},{"floor":24,"key":"REST"},{"floor":32,"key":"RECALL"},{"floor":41,"key":"REST"},{"floor":45,"key":"REST"},{"floor":49,"key":"REST"},{"floor":52,"key":"REST"}],"neow_cost":"NONE","seed_source_timestamp":1855904671187411,"circlet_count":0,"master_deck":["Strike_B","Defend_B","Defend_B","Zap","Dualcast","Coolheaded","Conserve Battery","Conserve Battery","Consume+1","Defragment+1","Reprogram","Redo","Heatsinks","Ball Lightning","Amplify","Chaos","Stack","Lockon","Self Repair","Cold Snap","Doom and Gloom","Necronomicurse","Defragment","Glacier+1","Heatsinks","Creative AI","Double Energy+1","Mayhem","Defragment","Defragment","Chaos+1","Madness","Madness"],"relics":["FrozenCore","Darkstone Periapt","Pear","Anchor","Mummified Hand","Runic Capacitor","Necronomicon","Letter Opener","DataDisk","Emotion Chip","Smiling Mask","Fusion Hammer","Sundial","Ancient Tea Set","Ginger","Symbiotic Virus","Orichalcum"],"potions_floor_usage":[55],"damage_taken":[{"damage":9,"enemies":"2 Louse","floor":1,"turns":3},{"damage":5,"enemies":"Jaw Worm","floor":2,"turns":4},{"damage":0,"enemies":"Small Slimes","floor":4,"turns":3},{"damage":15,"enemies":"3 Sentries","floor":6,"turns":13},{"damage":2,"enemies":"Blue Slaver","floor":7,"turns":4},{"damage":42,"enemies":"Gremlin Nob","floor":11,"turns":5},{"damage":0,"enemies":"Looter","floor":12,"turns":4},{"damage":24,"enemies":"Slime Boss","floor":16,"turns":8},{"damage":3,"enemies":"Chosen","floor":18,"turns":5},{"damage":19,"enemies":"3 Byrds","floor":21,"turns":6},{"damage":63,"enemies":"Gremlin Leader","floor":23,"turns":8},{"damage":0,"enemies":"Book of Stabbing","floor":25,"turns":8},{"damage":2,"enemies":"Shelled Parasite and Fungi","floor":27,"turns":6},{"damage":0,"enemies":"Centurion and Healer","floor":28,"turns":6},{"damage":2,"enemies":"Gremlin Leader","floor":29,"turns":7},{"damage":4,"enemies":"Snecko","floor":31,"turns":5},{"damage":7,"enemies":"Collector","floor":33,"turns":13},{"damage":2,"enemies":"Orb Walker","floor":35,"turns":4},{"damage":36,"enemies":"3 Darklings","floor":37,"turns":5},{"damage":7,"enemies":"4 Shapes","floor":39,"turns":5},{"damage":12,"enemies":"Nemesis","floor":40,"turns":7},{"damage":18,"enemies":"Transient","floor":42,"turns":5},{"damage":2,"enemies":"Spire Growth","floor":44,"turns":5},{"damage":0,"enemies":"Giant Head","floor":46,"turns":7},{"damage":13,"enemies":"Time Eater","floor":50,"turns":10},{"damage":55,"enemies":"Shield and Spear","floor":54,"turns":6},{"damage":40,"enemies":"The Heart","floor":55,"turns":9}],"seed_played":"-8212972866942533429","potions_obtained":[{"floor":1,"key":"SteroidPotion"},{"floor":4,"key":"Strength Potion"},{"floor":7,"key":"SpeedPotion"},{"floor":21,"key":"Swift Potion"},{"floor":33,"key":"Regen Potion"}],"is_trial":false,"path_per_floor":["?","?","T","?","?","T","?","?","?"],"character_chosen":"DEFECT","items_purchased":["Runic Capacitor","Heatsinks","Ball Lightning","Self Repair","Cold Snap","Defragment","Symbiotic Virus"],"campfire_rested":6,"item_purchase_floors":[14,14,14,20,20,38,53],"current_hp_per_floor":[73,68,68,68,73,58,56,56,66,66,24,24,24,24,53,29,97,94,94,94,89,79,23,53,60,60,65,72,77,77,73,73,73,103,103,103,74,74,81,76,103,99,99,103,103,103,103,90,103,103,103,103,103,55,37],"gold":144,"neow_bonus":"TEN_PERCENT_HP_BONUS","is_prod":false,"is_daily":false,"chose_seed":false,"campfire_upgraded":2,"win_rate":0,"timestamp":1548271762,"path_taken":["M","M","?","M","?","E","M","R","T","?","E","M","R","$","R","BOSS","M","?","$","M","?","E","R","E","T","M","M","E","?","M","R","BOSS","M","?","M","$","M","E","R","M","T","M","R","E","?","?","R","BOSS","R","$","E","BOSS"],"build_version":"2019-01-23","purchased_purges":3,"victory":true,"max_hp_per_floor":[82,82,82,82,87,87,87,87,97,97,97,97,97,97,97,97,97,97,97,97,97,103,103,103,103,103,103,103,103,103,103,103,103,103,103,103,103,103,103,103,103,103,103,103,103,103,103,103,103,103,103,103,103,103,103],"card_choices":[{"not_picked":["Beam Cell","Cold Snap"],"picked":"Coolheaded","floor":1},{"not_picked":["Hello World","Fission"],"picked":"Conserve Battery","floor":2},{"not_picked":["Undo","Coolheaded"],"picked":"Conserve Battery","floor":4},{"not_picked":["Storm","Gash"],"picked":"Consume","floor":6},{"not_picked":["Conserve Battery","Glacier"],"picked":"Defragment","floor":7},{"not_picked":["Turbo","Hyperbeam"],"picked":"Reprogram","floor":11},{"not_picked":["Barrage","Beam Cell"],"picked":"Redo","floor":12},{"not_picked":["Reboot","All For One"],"picked":"Amplify","floor":16},{"not_picked":["Compile Driver","Aggregate+1"],"picked":"Chaos","floor":18},{"not_picked":["Reprogram+1","Barrage"],"picked":"Doom and Gloom","floor":21},{"not_picked":["Rip and Tear+1","Stack+1","Rebound"],"picked":"SKIP","floor":23},{"not_picked":["Compile Driver","Auto Shields"],"picked":"Defragment","floor":25},{"not_picked":["Conserve Battery","Lockon+1","Meteor Strike"],"picked":"SKIP","floor":27},{"not_picked":["Redo+1","Go for the Eyes"],"picked":"Glacier+1","floor":28},{"not_picked":["Cold Snap+1","Genetic Algorithm"],"picked":"Heatsinks","floor":29},{"not_picked":["Cold Snap","Lockon","Leap"],"picked":"SKIP","floor":31},{"not_picked":["Thunder Strike","Electrodynamics"],"picked":"Creative AI","floor":33},{"not_picked":["Stack+1","Cold Snap+1"],"picked":"Double Energy+1","floor":35},{"not_picked":["Discovery","Violence"],"picked":"Mayhem","floor":36},{"not_picked":["Steam","Steam Power","Reinforced Body"],"picked":"SKIP","floor":37},{"not_picked":["Go for the Eyes+1","Skim+1"],"picked":"Defragment","floor":39},{"not_picked":["Redo+1","Conserve Battery","Sweeping Beam+1"],"picked":"SKIP","floor":40},{"not_picked":["Steam+1","Ball Lightning","Hologram"],"picked":"SKIP","floor":42},{"not_picked":["All For One","Sweeping Beam"],"picked":"Chaos+1","floor":44},{"not_picked":["Steam Power","White Noise","Barrage+1"],"picked":"SKIP","floor":46},{"not_picked":["Compile Driver","Biased Cognition","Barrage"],"picked":"SKIP","floor":54}],"player_experience":226647,"relics_obtained":[{"floor":6,"key":"Darkstone Periapt"},{"floor":9,"key":"Pear"},{"floor":10,"key":"Anchor"},{"floor":11,"key":"Mummified Hand"},{"floor":22,"key":"Necronomicon"},{"floor":23,"key":"Letter Opener"},{"floor":25,"key":"DataDisk"},{"floor":26,"key":"Emotion Chip"},{"floor":29,"key":"Smiling Mask"},{"floor":40,"key":"Sundial"},{"floor":43,"key":"Ancient Tea Set"},{"floor":46,"key":"Ginger"},{"floor":54,"key":"Orichalcum"}],"event_choices":[{"damage_healed":0,"gold_gain":175,"player_choice":"AGREE","damage_taken":0,"max_hp_gain":0,"max_hp_loss":0,"event_name":"Liars Game","floor":3,"gold_loss":0,"cards_obtained":["Doubt"]},{"damage_healed":0,"gold_gain":0,"player_choice":"Donut","damage_taken":0,"max_hp_gain":5,"max_hp_loss":0,"event_name":"Big Fish","floor":5,"gold_loss":0},{"damage_healed":0,"gold_gain":0,"cards_transformed":["Strike_B","Strike_B"],"player_choice":"Became Test Subject","damage_taken":0,"max_hp_gain":0,"max_hp_loss":0,"event_name":"Drug Dealer","floor":19,"gold_loss":0,"cards_obtained":["Stack","Lockon"]},{"damage_healed":0,"gold_gain":0,"player_choice":"Obtained Book","damage_taken":16,"max_hp_gain":0,"max_hp_loss":0,"event_name":"Cursed Tome","floor":22,"gold_loss":0},{"damage_healed":0,"gold_gain":0,"player_choice":"Memory 1","damage_taken":0,"max_hp_gain":0,"max_hp_loss":0,"event_name":"SensoryStone","floor":36,"gold_loss":0},{"cards_removed":["Defend_B"],"damage_healed":0,"gold_gain":0,"player_choice":"Removed Skill","damage_taken":0,"max_hp_gain":0,"max_hp_loss":0,"event_name":"Falling","floor":47,"gold_loss":0},{"damage_healed":0,"gold_gain":0,"player_choice":"Embrace Madness","damage_taken":13,"max_hp_gain":0,"max_hp_loss":0,"event_name":"Winding Halls","floor":48,"gold_loss":0,"cards_obtained":["Madness","Madness"]}],"is_beta":false,"boss_relics":[{"not_picked":["Lizard Tail","White Beast Statue"],"picked":"FrozenCore"},{"not_picked":["Velvet Choker","Tiny House"],"picked":"Fusion Hammer"}],"items_purged_floors":[20,38,53],"is_endless":false,"potions_floor_spawned":[1,4,7,12,18,21,25,33,40,46],"ascension_level":2}