{"gold_per_floor":[112,112,37,51,67,67,78,103,103,121,121,136,148,98,98,98],"floor_reached":16,"playtime":406,"items_purged":["Defend_B","Strike_B"],"score":166,"play_id":"d348f76d-2650-4ce2-96ef-4614db141197","local_time":"20181106215248","is_ascension_mode":true,"campfire_choices":[{"floor":6,"key":"REST"},{"floor":11,"key":"REST"},{"floor":15,"key":"REST"}],"neow_cost":"PERCENT_DAMAGE","seed_source_timestamp":263686220150800,"circlet_count":0,"master_deck":["AscendersBane","Strike_B","Strike_B","Defend_B","Defend_B","Defend_B","Zap","Dualcast","Biased Cognition","Loop","Static Discharge","Go for the Eyes","FTL","Fission","Go for the Eyes","Loop"],"relics":["Cracked Core","Bag of Preparation","Smiling Mask"],"potions_floor_usage":[8,10,12],"damage_taken":[{"damage":5,"enemies":"2 Louse","floor":1,"turns":2},{"damage":1,"enemies":"Cultist","floor":4,"turns":3},{"damage":14,"enemies":"Small Slimes","floor":5,"turns":2},{"damage":18,"enemies":"Exordium Thugs","floor":7,"turns":4},{"damage":30,"enemies":"3 Sentries","floor":8,"turns":5},{"damage":1,"enemies":"Blue Slaver","floor":10,"turns":3},{"damage":6,"enemies":"3 Louse","floor":12,"turns":2},{"damage":9,"enemies":"Looter","floor":13,"turns":3},{"damage":36,"enemies":"The Guardian","floor":16,"turns":2}],"seed_played":"8447586754100635207","potions_obtained":[{"floor":4,"key":"Explosive Potion"},{"floor":7,"key":"Dexterity Potion"},{"floor":10,"key":"Explosive Potion"}],"is_trial":false,"path_per_floor":["M","?","$","M","M","R","M","E","T","M","R","M","M","$","R","B"],"character_chosen":"DEFECT","items_purchased":[],"campfire_rested":3,"item_purchase_floors":[],"current_hp_per_floor":[45,45,45,44,30,52,34,4,4,3,25,19,10,10,32,0],"gold":98,"neow_bonus":"THREE_RARE_CARDS","is_prod":false,"is_daily":false,"chose_seed":false,"campfire_upgraded":0,"win_rate":0,"timestamp":1541508768,"path_taken":["M","?","$","?","M","R","M","E","T","M","R","M","?","$","R","BOSS"],"build_version":"2018-11-01","purchased_purges":2,"victory":false,"max_hp_per_floor":[75,75,75,75,75,75,75,75,75,75,75,75,75,75,75,75],"card_choices":[{"not_picked":["Core Surge","Thunder Strike"],"picked":"Biased Cognition","floor":0},{"not_picked":["Rebound","Lockon"],"picked":"Loop","floor":1},{"not_picked":["Cold Snap","Double Energy"],"picked":"Static Discharge","floor":4},{"not_picked":["Blizzard","Lockon"],"picked":"Go for the Eyes","floor":5},{"not_picked":["Leap","Rip and Tear"],"picked":"FTL","floor":7},{"not_picked":["Hello World","Cold Snap"],"picked":"Fission","floor":8},{"not_picked":["Compile Driver","Sweeping Beam","Undo"],"picked":"SKIP","floor":10},{"not_picked":["Hello World","Compile Driver"],"picked":"Go for the Eyes","floor":12},{"not_picked":["Aggregate","Darkness"],"picked":"Loop","floor":13}],"player_experience":555145,"relics_obtained":[{"floor":8,"key":"Bag of Preparation"},{"floor":9,"key":"Smiling Mask"}],"event_choices":[{"cards_removed":["Strike_B"],"damage_healed":0,"gold_gain":0,"player_choice":"Offered Basic","damage_taken":0,"max_hp_gain":0,"max_hp_loss":0,"event_name":"Bonfire Elementals","floor":2,"gold_loss":0}],"is_beta":false,"boss_relics":[],"items_purged_floors":[3,14],"is_endless":false,"potions_floor_spawned":[4,7,10],"killed_by":"The Guardian","ascension_level":12}