{"gold_per_floor":[115,115,38,53,64,64,95,95,122,151,166,196,152,169,169,240,240,257,131,131,131,21,21,49,49,76,88,88,121,121,155,155,155],"floor_reached":33,"playtime":2031,"items_purged":["Strike_G"],"score":692,"play_id":"bd4f726e-e2c8-425b-b21d-f53eeccb6219","local_time":"20190205034407","is_ascension_mode":true,"campfire_choices":[{"floor":6,"key":"REST"},{"floor":8,"key":"REST"},{"floor":15,"key":"REST"},{"floor":23,"key":"REST"},{"floor":30,"key":"REST"},{"floor":32,"key":"REST"}],"neow_cost":"NONE","seed_source_timestamp":6727188992400,"circlet_count":0,"master_deck":["AscendersBane","Defend_G+1","Defend_G+1","Defend_G+1","Defend_G","Defend_G","Strike_G","Strike_G","Strike_G","Survivor+1","Neutralize","Quick Slash","Footwork","All Out Attack","Die Die Die","Dodge and Roll","Die Die Die","Expertise","Doppelganger","Well Laid Plans","Crippling Poison","Terror","Adrenaline","Escape Plan","PiercingWail+1","Choke","Skewer+1","Cloak And Dagger+1","Decay","Poisoned Stab+1","Leg Sweep","Poisoned Stab+1"],"relics":["Fusion Hammer","War Paint","Dream Catcher","Pear","Blue Candle","Lizard Tail","MutagenicStrength","Bronze Scales","Snake Skull","Matryoshka","Peace Pipe"],"potions_floor_usage":[7,10,12,24,24,29,29,33],"damage_taken":[{"damage":3,"enemies":"Cultist","floor":1,"turns":6},{"damage":2,"enemies":"Jaw Worm","floor":4,"turns":5},{"damage":0,"enemies":"Small Slimes","floor":5,"turns":3},{"damage":22,"enemies":"Lagavulin","floor":7,"turns":8},{"damage":26,"enemies":"Gremlin Nob","floor":10,"turns":4},{"damage":2,"enemies":"Looter","floor":11,"turns":3},{"damage":21,"enemies":"Lagavulin","floor":12,"turns":11},{"damage":0,"enemies":"Exordium Thugs","floor":13,"turns":5},{"damage":0,"enemies":"Exordium Wildlife","floor":14,"turns":2},{"damage":13,"enemies":"The Guardian","floor":16,"turns":12},{"damage":6,"enemies":"3 Byrds","floor":18,"turns":7},{"damage":12,"enemies":"Colosseum Slavers","floor":21,"turns":5},{"damage":32,"enemies":"Book of Stabbing","floor":24,"turns":8},{"damage":5,"enemies":"Shell Parasite","floor":27,"turns":4},{"damage":18,"enemies":"Slavers","floor":29,"turns":4},{"damage":1,"enemies":"Book of Stabbing","floor":31,"turns":5},{"damage":143,"enemies":"Champ","floor":33,"turns":14}],"seed_played":"-3302254405003402425","potions_obtained":[{"floor":4,"key":"EssenceOfSteel"},{"floor":7,"key":"SteroidPotion"},{"floor":11,"key":"EssenceOfSteel"},{"floor":14,"key":"SpeedPotion"},{"floor":16,"key":"FearPotion"},{"floor":24,"key":"Poison Potion"},{"floor":27,"key":"EssenceOfSteel"},{"floor":31,"key":"Energy Potion"}],"is_trial":false,"path_per_floor":["M","?","$","M","M","R","E","R","T","E","M","E","M","M","R","B",null,"M","$","?","?","?","R","E","$","T","M","?","E","R","E","R","B"],"character_chosen":"THE_SILENT","items_purchased":["Footwork","PiercingWail"],"campfire_rested":6,"item_purchase_floors":[3,19],"current_hp_per_floor":[56,36,36,34,34,53,31,50,50,34,32,11,11,11,33,20,62,56,56,56,44,44,66,34,34,34,29,29,11,33,32,54,0],"gold":155,"neow_bonus":"BOSS_RELIC","is_prod":false,"is_daily":false,"chose_seed":false,"campfire_upgraded":0,"win_rate":0,"timestamp":1549356247,"path_taken":["M","?","$","M","M","R","E","R","T","E","M","E","M","M","R","BOSS","M","$","?","?","?","R","E","$","T","?","?","E","R","E","R","BOSS"],"build_version":"2019-01-23","purchased_purges":1,"victory":false,"max_hp_per_floor":[66,66,66,66,66,66,66,66,66,76,76,76,76,76,76,76,76,76,76,76,76,76,76,76,76,76,76,76,76,76,76,76,76],"card_choices":[{"not_picked":["Sucker Punch","Bane"],"picked":"Quick Slash","floor":1},{"not_picked":["Deadly Poison","Calculated Gamble"],"picked":"All Out Attack","floor":4},{"not_picked":["Backflip","Bane"],"picked":"Die Die Die","floor":5},{"not_picked":["Finisher","Setup"],"picked":"Dodge and Roll","floor":7},{"not_picked":["Grand Finale","Infinite Blades"],"picked":"Die Die Die","floor":10},{"not_picked":["Prepared","Flying Knee"],"picked":"Expertise","floor":11},{"not_picked":["Infinite Blades","Flying Knee"],"picked":"Doppelganger","floor":12},{"not_picked":["Cloak And Dagger","Poisoned Stab"],"picked":"Well Laid Plans","floor":13},{"not_picked":["Expertise","Dagger Spray"],"picked":"Crippling Poison","floor":14},{"not_picked":["Prepared","Dagger Spray"],"picked":"Terror","floor":15},{"not_picked":["Die Die Die","Glass Knife"],"picked":"Adrenaline","floor":16},{"not_picked":["Outmaneuver","Deflect"],"picked":"Escape Plan","floor":18},{"not_picked":["Slice","Sucker Punch"],"picked":"Choke","floor":23},{"not_picked":["Deadly Poison","Underhanded Strike"],"picked":"Skewer+1","floor":24},{"not_picked":["All Out Attack","Dodge and Roll"],"picked":"Cloak And Dagger+1","floor":27},{"not_picked":["Tools of the Trade","Dodge and Roll"],"picked":"Poisoned Stab+1","floor":29},{"not_picked":["PiercingWail","Acrobatics"],"picked":"Leg Sweep","floor":30},{"not_picked":["Well Laid Plans","Phantasmal Killer"],"picked":"Poisoned Stab+1","floor":31}],"player_experience":2025388,"relics_obtained":[{"floor":7,"key":"War Paint"},{"floor":9,"key":"Dream Catcher"},{"floor":10,"key":"Pear"},{"floor":12,"key":"Blue Candle"},{"floor":24,"key":"Bronze Scales"},{"floor":26,"key":"Snake Skull"},{"floor":29,"key":"Matryoshka"},{"floor":31,"key":"Peace Pipe"}],"event_choices":[{"damage_healed":0,"gold_gain":0,"player_choice":"Entered Light","damage_taken":20,"max_hp_gain":0,"max_hp_loss":0,"event_name":"Shining Light","floor":2,"gold_loss":0,"cards_upgraded":["Survivor","Defend_G"]},{"damage_healed":0,"gold_gain":0,"player_choice":"Inject Mutagens","damage_taken":0,"relics_obtained":["MutagenicStrength"],"max_hp_gain":0,"max_hp_loss":0,"event_name":"Drug Dealer","floor":20,"gold_loss":0},{"damage_healed":0,"gold_gain":0,"player_choice":"Fight","damage_taken":0,"max_hp_gain":0,"max_hp_loss":0,"event_name":"Colosseum","floor":21,"gold_loss":0},{"damage_healed":0,"gold_gain":0,"player_choice":"Fled From Nobs","damage_taken":0,"max_hp_gain":0,"max_hp_loss":0,"event_name":"Colosseum","floor":21,"gold_loss":0},{"cards_removed":["Strike_G"],"damage_healed":0,"gold_gain":0,"player_choice":"Upgrade and Remove","damage_taken":0,"max_hp_gain":0,"max_hp_loss":0,"event_name":"Designer","floor":22,"gold_loss":110,"cards_upgraded":["PiercingWail"]},{"damage_healed":0,"gold_gain":0,"player_choice":"Smashed Altar","damage_taken":0,"max_hp_gain":0,"max_hp_loss":0,"event_name":"Forgotten Altar","floor":28,"gold_loss":0,"cards_obtained":["Decay"]}],"is_beta":true,"boss_relics":[{"not_picked":["Runic Dome","HoveringKite"],"picked":"Lizard Tail"}],"items_purged_floors":[19],"is_endless":false,"potions_floor_spawned":[4,7,11,14,16,24,27,31],"killed_by":"Champ","ascension_level":20}