{"gold_per_floor":[114,114,114,61,61,61,72,72,153,187,203,232,242,242,242,316,316,327,377,393,393,407,440,440,440,440,452,148,148,161,20,20,93,93,111,111,162,176,187,213,213,95,95,130,149,20,37,37,37,37,37],"floor_reached":52,"playtime":4079,"items_purged":["Regret","Pain"],"score":2051,"play_id":"400dd743-e2b5-467e-b3fc-de6b6be9a74d","local_time":"20181201004601","is_ascension_mode":true,"campfire_choices":[{"floor":6.0,"key":"REST"},{"floor":8.0,"key":"REST"},{"data":"Dagger Spray","floor":15.0,"key":"SMITH"},{"floor":24.0,"key":"REST"},{"data":"Neutralize","floor":29.0,"key":"SMITH"},{"data":"Backflip","floor":32.0,"key":"SMITH"},{"data":"Survivor","floor":41,"key":"SMITH"},{"data":"Infinite Blades","floor":49,"key":"SMITH"}],"neow_cost":"NONE","seed_source_timestamp":135270409808100,"circlet_count":0,"master_deck":["AscendersBane","Defend_G","Defend_G","Defend_G","Defend_G","Defend_G+1","Strike_G","Strike_G","Strike_G+1","Strike_G","Survivor+1","Neutralize+1","Backflip+1","Quick Slash","Cloak And Dagger+1","Bouncing Flask+1","Dagger Spray+1","Backflip+1","Tools of the Trade","Night Terror+1","Cloak And Dagger+1","Underhanded Strike","Acrobatics+1","Malaise+1","Acrobatics+1","Blade Dance+1","Catalyst+1","Storm of Steel+1","PiercingWail+1","Dodge and Roll+1","Blade Dance+1","Infinite Blades+1","Tactician+1","Backflip+1","Crippling Poison+1"],"special_seed":0,"relics":["HoveringKite","PreservedInsect","Mercury Hourglass","Toxic Egg 2","Potion Belt","Pantograph","Cursed Key","MutagenicStrength","Vajra","Dead Branch","Kunai","Snecko Eye","Mango","Orichalcum"],"potions_floor_usage":[37,51],"damage_taken":[{"damage":16.0,"enemies":"Jaw Worm","floor":1.0,"turns":7.0},{"damage":0.0,"enemies":"Small Slimes","floor":7.0,"turns":4.0},{"damage":10.0,"enemies":"Lagavulin","floor":10.0,"turns":6.0},{"damage":0.0,"enemies":"Cultist","floor":11.0,"turns":3.0},{"damage":0.0,"enemies":"Gremlin Nob","floor":12.0,"turns":2.0},{"damage":0.0,"enemies":"2 Fungi Beasts","floor":13.0,"turns":2.0},{"damage":19.0,"enemies":"Slime Boss","floor":16.0,"turns":9.0},{"damage":9.0,"enemies":"2 Thieves","floor":18.0,"turns":4.0},{"damage":10.0,"enemies":"Chosen","floor":20.0,"turns":6.0},{"damage":7.0,"enemies":"Snecko","floor":22.0,"turns":5.0},{"damage":0.0,"enemies":"Slavers","floor":23.0,"turns":3.0},{"damage":2.0,"enemies":"3 Cultists","floor":27.0,"turns":5.0},{"damage":2.0,"enemies":"Centurion and Healer","floor":30.0,"turns":5.0},{"damage":26.0,"enemies":"Collector","floor":33.0,"turns":8.0},{"damage":0,"enemies":"3 Shapes","floor":35,"turns":2},{"damage":0,"enemies":"2 Orb Walkers","floor":37,"turns":4},{"damage":1,"enemies":"3 Darklings","floor":38,"turns":2},{"damage":0,"enemies":"Spire Growth","floor":39,"turns":4},{"damage":0,"enemies":"Reptomancer","floor":40,"turns":2},{"damage":0,"enemies":"Giant Head","floor":44,"turns":3},{"damage":0,"enemies":"4 Shapes","floor":45,"turns":4},{"damage":18,"enemies":"3 Darklings","floor":47,"turns":3},{"damage":14,"enemies":"Awakened One","floor":50,"turns":14},{"damage":3,"enemies":"Donu and Deca","floor":51,"turns":6}],"seed_played":"-4832635386385130450","potions_obtained":[{"floor":1.0,"key":"Block Potion"},{"floor":13.0,"key":"SmokeBomb"},{"floor":16.0,"key":"AttackPotion"},{"floor":18.0,"key":"FearPotion"},{"floor":22.0,"key":"SpeedPotion"},{"floor":27.0,"key":"SmokeBomb"},{"floor":30.0,"key":"GhostInAJar"},{"floor":38,"key":"Block Potion"},{"floor":47,"key":"GhostInAJar"}],"is_trial":false,"path_per_floor":["M","?","T","$","?","R","M","R","T","E","M","E","M","?","R","B",null,"M","?","M","?","M","E","R","T","T","M","$","R","M","$","R","B",null,"M","?","?","M","M","E","R","$","T","E","M","$","M","$","R","B","B",null],"character_chosen":"THE_SILENT","items_purchased":["Fire Potion","Malaise+1","Acrobatics+1","Catalyst+1","Infinite Blades","Tactician+1","Backflip+1","GhostInAJar"],"campfire_rested":3,"item_purchase_floors":[4,28,28,31,42,42,46,46],"current_hp_per_floor":[43,25,25,25,5,24,24,43,43,33,33,33,33,33,33,39,59,50,50,40,40,33,33,52,52,52,50,50,50,48,48,48,40,60,60,60,74,73,73,73,73,73,73,73,73,73,55,55,55,66,77],"gold":37,"neow_bonus":"BOSS_RELIC","is_prod":false,"is_daily":false,"chose_seed":false,"campfire_upgraded":5,"win_rate":0,"timestamp":1543643161,"path_taken":["M","?","?","$","?","R","M","R","T","E","M","E","M","?","R","BOSS","M","?","?","?","M","E","R","?","T","M","$","R","?","$","R","BOSS","M","?","?","M","?","E","R","$","T","E","M","?","?","$","R","BOSS","BOSS"],"build_version":"2018-11-15","purchased_purges":2,"victory":true,"max_hp_per_floor":[66,66,66,66,66,66,66,66,66,66,66,66,66,66,66,66,66,66,66,66,66,66,66,66,66,66,66,66,66,66,66,66,66,66,66,66,80,80,80,80,80,80,80,80,80,80,80,80,80,80,80],"card_choices":[{"not_picked":["Well Laid Plans","Dagger Throw"],"picked":"Backflip","floor":1.0},{"not_picked":["Calculated Gamble","Setup"],"picked":"Quick Slash","floor":7.0},{"not_picked":["Endless Agony","After Image"],"picked":"Cloak And Dagger+1","floor":10.0},{"not_picked":["Sucker Punch","Dodge and Roll+1"],"picked":"Bouncing Flask+1","floor":11.0},{"not_picked":["Backstab","Sucker Punch"],"picked":"Dagger Spray","floor":12.0},{"not_picked":["Backstab","Well Laid Plans"],"picked":"Backflip+1","floor":13.0},{"not_picked":["Die Die Die","Wraith Form v2"],"picked":"Night Terror+1","floor":16.0},{"not_picked":["Dagger Spray","Escape Plan+1"],"picked":"Cloak And Dagger+1","floor":18.0},{"not_picked":["Eviscerate+1","Endless Agony"],"picked":"Underhanded Strike","floor":20.0},{"not_picked":["Dagger Throw","Calculated Gamble+1","Tactician+1"],"picked":"SKIP","floor":22.0},{"not_picked":["Flying Knee","Venomology+1"],"picked":"Acrobatics+1","floor":23.0},{"not_picked":["Deadly Poison+1","Dagger Spray","Flying Knee"],"picked":"SKIP","floor":27.0},{"not_picked":["Acrobatics+1","Concentrate+1"],"picked":"Blade Dance+1","floor":30.0},{"not_picked":["Wraith Form v2","Unload"],"picked":"Storm of Steel+1","floor":33.0},{"not_picked":["Slice","Infinite Blades"],"picked":"PiercingWail+1","floor":35},{"not_picked":["Flying Knee","Underhanded Strike"],"picked":"Dodge and Roll+1","floor":38},{"not_picked":["Dagger Throw","Flechettes","Underhanded Strike"],"picked":"SKIP","floor":39},{"not_picked":["Corpse Explosion+1","Underhanded Strike+1"],"picked":"Blade Dance+1","floor":40},{"not_picked":["Tactician+1","Expertise+1","Escape Plan+1"],"picked":"SKIP","floor":44},{"not_picked":["Deflect+1","Expertise+1","Dagger Spray"],"picked":"SKIP","floor":45},{"not_picked":["Slice","Dagger Throw"],"picked":"Crippling Poison+1","floor":47}],"player_experience":1731007,"relics_obtained":[{"floor":3.0,"key":"Mercury Hourglass"},{"floor":9.0,"key":"Toxic Egg 2"},{"floor":10.0,"key":"Potion Belt"},{"floor":12.0,"key":"Pantograph"},{"floor":23.0,"key":"Vajra"},{"floor":25.0,"key":"Dead Branch"},{"floor":26.0,"key":"Kunai"},{"floor":37,"key":"Mango"},{"floor":40,"key":"Orichalcum"}],"event_choices":[{"damage_healed":0.0,"max_hp_gain":0.0,"max_hp_loss":0.0,"gold_gain":0.0,"event_name":"Scrap Ooze","player_choice":"Success","floor":2.0,"gold_loss":0.0,"damage_taken":18.0,"relics_obtained":["PreservedInsect"]},{"damage_healed":0.0,"max_hp_gain":0.0,"max_hp_loss":0.0,"gold_gain":0.0,"event_name":"Shining Light","player_choice":"Entered Light","floor":5.0,"gold_loss":0.0,"damage_taken":20.0,"cards_upgraded":["Defend_G","Strike_G"]},{"damage_healed":0.0,"max_hp_gain":0.0,"max_hp_loss":0.0,"gold_gain":0.0,"cards_transformed":["Strike_G"],"event_name":"Living Wall","player_choice":"Change","floor":14.0,"gold_loss":0.0,"damage_taken":0.0,"cards_obtained":["Tools of the Trade"]},{"damage_healed":0.0,"max_hp_gain":0.0,"max_hp_loss":0.0,"gold_gain":100.0,"event_name":"The Joust","player_choice":"Bet on Murderer","floor":19.0,"gold_loss":50.0,"damage_taken":0.0},{"damage_healed":0.0,"max_hp_gain":0.0,"max_hp_loss":0.0,"gold_gain":0.0,"event_name":"Drug Dealer","player_choice":"Inject Mutagens","floor":21.0,"gold_loss":0.0,"damage_taken":0.0,"relics_obtained":["MutagenicStrength"]},{"damage_healed":0,"gold_gain":0,"player_choice":"Ignored","damage_taken":0,"max_hp_gain":0,"max_hp_loss":0,"event_name":"Tomb of Lord Red Mask","floor":36,"gold_loss":0},{"damage_healed":0,"gold_gain":0,"player_choice":"Fight","damage_taken":0,"max_hp_gain":0,"max_hp_loss":0,"event_name":"Mysterious Sphere","floor":37,"gold_loss":0}],"is_beta":true,"boss_relics":[{"not_picked":["Tiny House","Eternal Feather"],"picked":"Cursed Key"},{"not_picked":["Pandora\u0027s Box","WristBlade"],"picked":"Snecko Eye"}],"items_purged_floors":[28,31],"is_endless":false,"potions_floor_spawned":[1,13,16,18,22,27,30,33,35,38,39,47],"ascension_level":20}