{"gold_per_floor":[20,20,67,67,84,84,97,58,58,58,58,58,127,142,142,244,244,254,323,9,59,78,78,78],"floor_reached":24,"playtime":1476,"items_purged":[],"score":186,"play_id":"50e58130-ea99-4033-9315-d31f90136e4f","local_time":"20181228121516","is_ascension_mode":false,"campfire_choices":[{"data":"Dropkick","floor":6,"key":"SMITH"},{"data":"Inflame","floor":10,"key":"SMITH"},{"data":"Defend_R","floor":12,"key":"SMITH"},{"data":"Bash","floor":15,"key":"SMITH"},{"floor":23,"key":"REST"}],"neow_cost":"NO_GOLD","seed_source_timestamp":85437291367376,"circlet_count":0,"master_deck":["Strike_R","Strike_R","Defend_R","Defend_R+1","Defend_R","Defend_R","Bash+1","Dropkick+1","Inflame+1","Dual Wield","Spot Weakness","Feed","Body Slam+1","Pommel Strike+1","Second Wind","Sadistic Nature","Flame Barrier+1"],"relics":["Burning Blood","Orichalcum","Paper Frog","SsserpentHead","Sozu","Membership Card"],"potions_floor_usage":[],"damage_taken":[{"damage":0,"enemies":"Small Slimes","floor":1,"turns":5},{"damage":1,"enemies":"Jaw Worm","floor":5,"turns":7},{"damage":1,"enemies":"2 Louse","floor":7,"turns":3},{"damage":8,"enemies":"Exordium Thugs","floor":13,"turns":5},{"damage":15,"enemies":"3 Louse","floor":14,"turns":3},{"damage":59,"enemies":"The Guardian","floor":16,"turns":8},{"damage":27,"enemies":"3 Byrds","floor":18,"turns":7},{"damage":32,"enemies":"Spheric Guardian","floor":19,"turns":6},{"damage":15,"enemies":"Snake Plant","floor":22,"turns":3},{"damage":45,"enemies":"Slavers","floor":24,"turns":4}],"seed_played":"8496479515983217828","potions_obtained":[{"floor":1,"key":"LiquidBronze"}],"is_trial":false,"path_per_floor":["M","?","T","?","M","R","M","$","T","R","?","R","M","M","R","B",null,"M","M","$","?","M","R","E"],"character_chosen":"IRONCLAD","items_purchased":["Inflame","Membership Card","Second Wind","Sadistic Nature"],"campfire_rested":1,"item_purchase_floors":[8,20,20,20],"current_hp_per_floor":[80,73,73,73,78,78,80,80,80,80,80,80,78,69,69,16,80,62,39,39,22,16,44,0],"gold":78,"neow_bonus":"REMOVE_TWO","is_prod":false,"is_daily":false,"chose_seed":false,"campfire_upgraded":4,"win_rate":0.0,"timestamp":1545995716,"path_taken":["M","?","?","?","?","R","M","$","T","R","?","R","?","M","R","BOSS","M","?","$","?","M","R","E"],"build_version":"2018-12-20","purchased_purges":0,"victory":false,"max_hp_per_floor":[80,80,80,80,80,80,80,80,80,80,80,80,80,80,80,80,80,83,86,86,91,94,94,94],"card_choices":[{"not_picked":["Blood for Blood","Rage"],"picked":"Dropkick","floor":1},{"not_picked":["Wild Strike","Flex","Twin Strike"],"picked":"SKIP","floor":5},{"not_picked":["Bloodletting","Twin Strike","Pommel Strike"],"picked":"SKIP","floor":7},{"not_picked":["Flex","Pummel"],"picked":"Dual Wield","floor":13},{"not_picked":["Searing Blow","Twin Strike"],"picked":"Spot Weakness","floor":14},{"not_picked":["Double Tap","Immolate"],"picked":"Feed","floor":16},{"not_picked":["Power Through","Clothesline"],"picked":"Body Slam+1","floor":18},{"not_picked":["True Grit","Flame Barrier"],"picked":"Pommel Strike+1","floor":19},{"not_picked":["Clothesline","Uppercut"],"picked":"Flame Barrier+1","floor":22}],"player_experience":73900,"relics_obtained":[{"floor":3,"key":"Orichalcum"},{"floor":9,"key":"Paper Frog"}],"event_choices":[{"cards_removed":["Strike_R"],"damage_healed":0,"gold_gain":0,"player_choice":"Card Removal","damage_taken":7,"max_hp_gain":0,"max_hp_loss":0,"event_name":"Golden Wing","floor":2,"gold_loss":0},{"damage_healed":0,"gold_gain":0,"player_choice":"Ignored","damage_taken":0,"max_hp_gain":0,"max_hp_loss":0,"event_name":"NoteForYourself","floor":4,"gold_loss":0},{"damage_healed":0,"gold_gain":0,"player_choice":"Trade","damage_taken":0,"relics_obtained":["SsserpentHead"],"max_hp_gain":0,"max_hp_loss":0,"event_name":"FaceTrader","floor":11,"gold_loss":0},{"damage_healed":0,"gold_gain":0,"player_choice":"Shed Blood","damage_taken":22,"max_hp_gain":5,"max_hp_loss":0,"event_name":"Forgotten Altar","floor":21,"gold_loss":0}],"is_beta":false,"boss_relics":[{"not_picked":["Black Star","Fusion Hammer"],"picked":"Sozu"}],"items_purged_floors":[],"is_endless":false,"potions_floor_spawned":[1,22],"killed_by":"Slavers","ascension_level":0}