{"gold_per_floor":[144,189,234,279,244,84,174,174,229,229,274,82,82,127,127,427,427,427,427,427,427,427,427,17,17,17,17,17,17,17,17,17,17,17,17,17,17,17,17,0,0,0,0,0,0,0,0,0,0,0],"floor_reached":50,"playtime":6263,"items_purged":["Strike_G"],"score":577,"play_id":"6dd0a007-1ec4-4078-bc32-923817abf405","local_time":"20181118132636","daily_mods":["Specialized","Uncertain Future","Midas"],"is_ascension_mode":false,"campfire_choices":[{"floor":8,"key":"REST"},{"floor":10,"key":"REST"},{"floor":15,"key":"REST"},{"floor":23,"key":"REST"},{"floor":28,"key":"REST"},{"floor":32,"key":"REST"}],"neow_cost":"","seed_source_timestamp":0,"circlet_count":0,"master_deck":["Defend_G","Defend_G","Defend_G","Defend_G","Defend_G","Strike_G+1","Strike_G","Strike_G","Strike_G","Survivor","Neutralize","Corpse Explosion","Corpse Explosion","Corpse Explosion","Corpse Explosion+1","Corpse Explosion","Dagger Throw","Terror","Bouncing Flask","Backflip","Footwork","PiercingWail","Malaise","Apotheosis","Caltrops","After Image","Deadly Poison+1","Footwork","Dash","Burst","Noxious Fumes","Cloak And Dagger+1","Setup+1","Tools of the Trade","Burst","Cloak And Dagger+1","Backflip","Expertise+1","Cloak And Dagger","Backstab+1"],"special_seed":17853,"relics":["Ring of the Snake","Pen Nib","Tiny Chest","Ectoplasm","Strawberry","Pantograph","Boot","Bag of Preparation","Coffee Dripper","Red Mask","Bottled Lightning","Incense Burner"],"potions_floor_usage":[4,4,18,27,27,29,30,38,41,44,50],"damage_taken":[{"damage":0,"enemies":"Small Slimes","floor":1,"turns":3},{"damage":11,"enemies":"Jaw Worm","floor":2,"turns":3},{"damage":0,"enemies":"2 Louse","floor":3,"turns":2},{"damage":13,"enemies":"Exordium Thugs","floor":4,"turns":3},{"damage":21,"enemies":"3 Sentries","floor":7,"turns":5},{"damage":16,"enemies":"Gremlin Gang","floor":11,"turns":2},{"damage":15,"enemies":"Blue Slaver","floor":14,"turns":4},{"damage":44,"enemies":"The Guardian","floor":16,"turns":10},{"damage":2,"enemies":"Spheric Guardian","floor":18,"turns":5},{"damage":13,"enemies":"Shell Parasite","floor":19,"turns":4},{"damage":22,"enemies":"Snecko","floor":20,"turns":5},{"damage":11,"enemies":"Centurion and Healer","floor":22,"turns":6},{"damage":4,"enemies":"Slavers","floor":27,"turns":4},{"damage":8,"enemies":"Cultist and Chosen","floor":29,"turns":3},{"damage":18,"enemies":"Shelled Parasite and Fungi","floor":30,"turns":3},{"damage":5,"enemies":"Centurion and Healer","floor":31,"turns":4},{"damage":30,"enemies":"Automaton","floor":33,"turns":7},{"damage":9,"enemies":"3 Darklings","floor":35,"turns":3},{"damage":3,"enemies":"Orb Walker","floor":36,"turns":3},{"damage":19,"enemies":"Transient","floor":38,"turns":5},{"damage":8,"enemies":"Sphere and 2 Shapes","floor":39,"turns":2},{"damage":25,"enemies":"Maw","floor":41,"turns":7},{"damage":0,"enemies":"Transient","floor":44,"turns":5},{"damage":5,"enemies":"Giant Head","floor":45,"turns":8},{"damage":0,"enemies":"4 Shapes","floor":47,"turns":2},{"damage":5,"enemies":"Jaw Worm Horde","floor":48,"turns":3},{"damage":29,"enemies":"Donu and Deca","floor":50,"turns":6}],"seed_played":"-3488631435737580364","potions_obtained":[{"floor":1,"key":"Energy Potion"},{"floor":3,"key":"Dexterity Potion"},{"floor":7,"key":"GhostInAJar"},{"floor":14,"key":"Ancient Potion"},{"floor":20,"key":"Block Potion"},{"floor":22,"key":"GhostInAJar"},{"floor":27,"key":"Fire Potion"},{"floor":31,"key":"Energy Potion"},{"floor":35,"key":"Poison Potion"},{"floor":39,"key":"SkillPotion"},{"floor":45,"key":"FearPotion"}],"is_trial":false,"path_per_floor":["M","M","M","M","?","$","E","R","T","R","M","$","?","M","R","B",null,"M","M","M","?","M","R","$","T","T","E","R","M","M","M","R","B",null,"M","M","$","M","M","?","M","R","T","M","E","?","M","M","R","B"],"character_chosen":"THE_SILENT","items_purchased":["Backflip","Footwork","Apotheosis","Dash","Burst","Noxious Fumes","Strawberry"],"campfire_rested":6,"item_purchase_floors":[6,6,12,24,24,24,24],"current_hp_per_floor":[70,59,59,46,63,63,42,63,63,70,54,54,40,25,46,2,70,68,55,33,33,22,43,50,50,50,46,69,61,43,38,61,47,77,68,65,65,46,38,38,13,13,13,13,8,8,8,3,3,0],"gold":0,"neow_bonus":"","is_prod":false,"is_daily":true,"chose_seed":false,"campfire_upgraded":0,"win_rate":0,"timestamp":1542565596,"path_taken":["M","M","M","M","?","?","E","R","T","R","M","$","?","M","R","BOSS","M","M","M","?","M","R","$","?","T","E","R","M","?","M","R","BOSS","M","M","$","M","M","?","M","R","T","M","E","?","?","M","R","BOSS"],"build_version":"2018-11-15","purchased_purges":1,"victory":false,"max_hp_per_floor":[70,70,70,70,70,70,70,70,70,70,70,70,70,70,70,70,70,70,70,70,70,70,70,77,77,77,77,77,77,77,77,77,77,77,77,77,77,77,77,77,77,77,77,77,77,77,77,77,77,77],"card_choices":[{"not_picked":["Slice","Masterful Stab"],"picked":"Dagger Throw","floor":1},{"not_picked":["Dagger Spray","Flying Knee","Quick Slash"],"picked":"SKIP","floor":2},{"not_picked":["Bane","Reflex"],"picked":"Terror","floor":3},{"not_picked":["Prepared","Cloak And Dagger"],"picked":"Bouncing Flask","floor":4},{"not_picked":["Expertise","Cloak And Dagger"],"picked":"PiercingWail","floor":7},{"not_picked":["Riddle With Holes","Outmaneuver"],"picked":"Malaise","floor":11},{"not_picked":["Heel Hook","Bane"],"picked":"Caltrops","floor":14},{"not_picked":["Corpse Explosion","Malaise"],"picked":"After Image","floor":16},{"not_picked":["PiercingWail","Slice"],"picked":"Deadly Poison+1","floor":18},{"not_picked":["Riddle With Holes","Eviscerate","PiercingWail"],"picked":"SKIP","floor":19},{"not_picked":["Flying Knee","Poisoned Stab+1","Dagger Throw+1"],"picked":"SKIP","floor":20},{"not_picked":["Prepared","Slice","Flying Knee+1"],"picked":"SKIP","floor":22},{"not_picked":["Prepared","Caltrops"],"picked":"Cloak And Dagger+1","floor":27},{"not_picked":["Choke","Footwork"],"picked":"Setup+1","floor":29},{"not_picked":["Blade Dance","Acrobatics+1"],"picked":"Tools of the Trade","floor":30},{"not_picked":["Deadly Poison","Quick Slash+1","Blade Dance+1"],"picked":"SKIP","floor":31},{"not_picked":["Malaise","Venomology"],"picked":"Burst","floor":33},{"not_picked":["Blade Dance","Dagger Throw"],"picked":"Cloak And Dagger+1","floor":35},{"not_picked":["Flying Knee","Outmaneuver"],"picked":"Backflip","floor":36},{"not_picked":["Deflect","Backflip","Flying Knee+1"],"picked":"SKIP","floor":38},{"not_picked":["Flying Knee+1","Prepared","Bane+1"],"picked":"SKIP","floor":39},{"not_picked":["Bullet Time","Acrobatics"],"picked":"Expertise+1","floor":41},{"not_picked":["Prepared","All Out Attack","Skewer"],"picked":"SKIP","floor":44},{"not_picked":["Bouncing Flask","Dodge and Roll"],"picked":"Cloak And Dagger","floor":45},{"not_picked":["Expertise","Heel Hook"],"picked":"Backstab+1","floor":47},{"not_picked":["Deadly Poison","Dodge and Roll+1","Sucker Punch"],"picked":"SKIP","floor":48}],"player_experience":535253,"relics_obtained":[{"floor":7,"key":"Pen Nib"},{"floor":9,"key":"Tiny Chest"},{"floor":25,"key":"Pantograph"},{"floor":26,"key":"Boot"},{"floor":27,"key":"Bag of Preparation"},{"floor":43,"key":"Bottled Lightning"},{"floor":45,"key":"Incense Burner"}],"event_choices":[{"damage_healed":17,"gold_gain":0,"player_choice":"Healed","damage_taken":0,"max_hp_gain":0,"max_hp_loss":0,"event_name":"The Cleric","floor":5,"gold_loss":35},{"damage_healed":0,"gold_gain":0,"player_choice":"Entered Light","damage_taken":14,"max_hp_gain":0,"max_hp_loss":0,"event_name":"Shining Light","floor":13,"gold_loss":0,"cards_upgraded":["Corpse Explosion","Strike_G"]},{"damage_healed":0,"gold_gain":0,"player_choice":"Copied","damage_taken":0,"max_hp_gain":0,"max_hp_loss":0,"event_name":"Duplicator","floor":21,"gold_loss":0,"cards_obtained":["Footwork"]},{"damage_healed":0,"gold_gain":0,"player_choice":"Paid","damage_taken":0,"relics_obtained":["Red Mask"],"max_hp_gain":0,"max_hp_loss":0,"event_name":"Tomb of Lord Red Mask","floor":40,"gold_loss":17},{"damage_healed":0,"gold_gain":0,"player_choice":"Ignored","damage_taken":0,"max_hp_gain":0,"max_hp_loss":0,"event_name":"SecretPortal","floor":46,"gold_loss":0}],"is_beta":false,"boss_relics":[{"not_picked":["Lizard Tail","WristBlade"],"picked":"Ectoplasm"},{"not_picked":["Ring of the Serpent","Tiny House"],"picked":"Coffee Dripper"}],"items_purged_floors":[6],"is_endless":false,"potions_floor_spawned":[1,3,7,14,20,22,27,31,35,39,45],"killed_by":"Donu and Deca","ascension_level":0}