{"gold_per_floor":[117,117,117,20,34,34,69,26,108,2,2,15,15,15,15,92,92,109,49,49,49,49,49,76,93,120,0,25,25,42,54,54,127,127,146,16,16],"floor_reached":37,"playtime":2145,"items_purged":["Strike_G"],"score":927,"play_id":"10896206-a7cd-4ec4-8563-29eda6443f91","local_time":"20190206052909","is_ascension_mode":true,"campfire_choices":[{"data":"Cloak And Dagger","floor":6,"key":"SMITH"},{"floor":11,"key":"REST"},{"data":"Footwork","floor":13,"key":"SMITH"},{"data":"Well Laid Plans","floor":15,"key":"SMITH"},{"floor":23,"key":"REST"},{"floor":29,"key":"REST"},{"floor":32,"key":"REST"}],"neow_cost":"NONE","seed_source_timestamp":99315533984800,"circlet_count":0,"master_deck":["AscendersBane","Defend_G","Defend_G","Defend_G+1","Defend_G","Defend_G+1","Strike_G","Strike_G","Strike_G","Survivor","Neutralize","Dagger Spray","Cloak And Dagger+1","Masterful Stab","Escape Plan","Choke","Footwork+1","Well Laid Plans+1","Backflip","Blur","Storm of Steel","Backflip+1","Leg Sweep","Noxious Fumes","Malaise","Burst","Backflip","Corpse Explosion","Catalyst","Backflip","PiercingWail","Footwork","Calculated Gamble","Backflip"],"relics":["WristBlade","War Paint","Potion Belt","The Courier","Snecko Eye","Omamori","Orichalcum","Regal Pillow","Orrery"],"potions_floor_usage":[7,24,24,28,37],"damage_taken":[{"damage":0,"enemies":"2 Louse","floor":1,"turns":3},{"damage":4,"enemies":"Small Slimes","floor":5,"turns":3},{"damage":33,"enemies":"Gremlin Nob","floor":7,"turns":5},{"damage":0,"enemies":"Jaw Worm","floor":12,"turns":2},{"damage":0,"enemies":"The Guardian","floor":16,"turns":14},{"damage":0,"enemies":"Chosen","floor":18,"turns":4},{"damage":14,"enemies":"Colosseum Slavers","floor":20,"turns":5},{"damage":12,"enemies":"Book of Stabbing","floor":24,"turns":4},{"damage":13,"enemies":"Shell Parasite","floor":25,"turns":3},{"damage":29,"enemies":"Slavers","floor":28,"turns":7},{"damage":0,"enemies":"3 Cultists","floor":30,"turns":5},{"damage":20,"enemies":"Snake Plant","floor":31,"turns":6},{"damage":36,"enemies":"Automaton","floor":33,"turns":13},{"damage":25,"enemies":"3 Shapes","floor":35,"turns":4},{"damage":41,"enemies":"3 Darklings","floor":37,"turns":6}],"seed_played":"5425871252878403234","potions_obtained":[{"floor":5,"key":"SkillPotion"},{"floor":7,"key":"Weak Potion"},{"floor":18,"key":"Poison Potion"},{"floor":24,"key":"FearPotion"},{"floor":28,"key":"Block Potion"}],"is_trial":false,"path_per_floor":["M","?","?","$","M","R","E","$","T","$","R","M","R","$","R","B",null,"M","$","?","$","?","R","E","M","T","?","E","R","M","M","R","B",null,"M","$","M"],"character_chosen":"THE_SILENT","items_purchased":["Cloak And Dagger","Masterful Stab","Footwork","Well Laid Plans","Backflip","Footwork","Calculated Gamble","Backflip"],"campfire_rested":4,"item_purchase_floors":[4,4,8,10,10,36,36,36],"current_hp_per_floor":[59,52,41,41,37,37,4,4,4,4,23,23,23,23,23,23,55,55,55,41,41,41,60,48,35,35,35,6,40,40,20,54,18,54,29,29,0],"gold":16,"neow_bonus":"BOSS_RELIC","is_prod":false,"is_daily":false,"chose_seed":false,"campfire_upgraded":3,"win_rate":0,"timestamp":1549448949,"path_taken":["M","?","?","?","M","R","E","$","T","?","R","M","R","?","R","BOSS","M","$","?","$","?","R","E","M","T","?","E","R","M","M","R","BOSS","M","$","M"],"build_version":"2019-01-23","purchased_purges":1,"victory":false,"max_hp_per_floor":[66,66,66,66,66,66,66,66,66,66,66,66,66,66,66,66,66,66,66,66,66,66,66,66,66,66,66,66,66,66,66,66,66,66,66,66,66],"card_choices":[{"not_picked":["Sucker Punch","Quick Slash"],"picked":"Dagger Spray","floor":1},{"not_picked":["Acrobatics","Dodge and Roll"],"picked":"Escape Plan","floor":5},{"not_picked":["Prepared","Dagger Spray"],"picked":"Choke","floor":7},{"not_picked":["Sucker Punch","Bane"],"picked":"Blur","floor":12},{"not_picked":["Die Die Die","Bullet Time"],"picked":"Storm of Steel","floor":16},{"not_picked":["Acrobatics","Bane"],"picked":"Backflip+1","floor":18},{"not_picked":["Bane","Prepared","Slice"],"picked":"SKIP","floor":24},{"not_picked":["Escape Plan","Dagger Throw+1","Dagger Spray"],"picked":"SKIP","floor":25},{"not_picked":["Acrobatics","Backflip"],"picked":"Noxious Fumes","floor":28},{"not_picked":["Dagger Spray","Underhanded Strike"],"picked":"Malaise","floor":30},{"not_picked":["Endless Agony","Caltrops","Slice"],"picked":"SKIP","floor":31},{"not_picked":["Venomology","Doppelganger"],"picked":"Burst","floor":33},{"not_picked":["Dagger Spray","Dagger Throw"],"picked":"Backflip","floor":34},{"not_picked":["Crippling Poison","Catalyst"],"picked":"Corpse Explosion","floor":34},{"not_picked":["Outmaneuver+1","Cloak And Dagger"],"picked":"Catalyst","floor":34},{"not_picked":["Finisher","Outmaneuver"],"picked":"Backflip","floor":34},{"not_picked":["Blade Dance+1","Deadly Poison"],"picked":"PiercingWail","floor":35}],"player_experience":2035749,"relics_obtained":[{"floor":7,"key":"Potion Belt"},{"floor":9,"key":"The Courier"},{"floor":24,"key":"Omamori"},{"floor":26,"key":"Orichalcum"},{"floor":28,"key":"Regal Pillow"}],"event_choices":[{"cards_removed":["Strike_G"],"damage_healed":0,"gold_gain":0,"player_choice":"Card Removal","damage_taken":7,"max_hp_gain":0,"max_hp_loss":0,"event_name":"Golden Wing","floor":2,"gold_loss":0},{"damage_healed":0,"gold_gain":0,"player_choice":"Success","damage_taken":11,"relics_obtained":["War Paint"],"max_hp_gain":0,"max_hp_loss":0,"event_name":"Scrap Ooze","floor":3,"gold_loss":0},{"damage_healed":0,"gold_gain":0,"player_choice":"Fight","damage_taken":0,"max_hp_gain":0,"max_hp_loss":0,"event_name":"Colosseum","floor":20,"gold_loss":0},{"damage_healed":0,"gold_gain":0,"player_choice":"Fled From Nobs","damage_taken":0,"max_hp_gain":0,"max_hp_loss":0,"event_name":"Colosseum","floor":20,"gold_loss":0},{"damage_healed":0,"gold_gain":0,"player_choice":"Read","damage_taken":0,"max_hp_gain":0,"max_hp_loss":0,"event_name":"The Library","floor":22,"gold_loss":0,"cards_obtained":["Leg Sweep"]},{"damage_healed":0,"gold_gain":0,"player_choice":"Paid Fearfully","damage_taken":0,"max_hp_gain":0,"max_hp_loss":0,"event_name":"Masked Bandits","floor":27,"gold_loss":120}],"is_beta":true,"boss_relics":[{"not_picked":["HoveringKite","Astrolabe"],"picked":"Snecko Eye"},{"not_picked":["Calling Bell","Runic Dome"],"picked":"Orrery"}],"items_purged_floors":[19],"is_endless":false,"potions_floor_spawned":[5,7,18,24,28],"killed_by":"3 Darklings","ascension_level":20}