{"gold_per_floor":[165,165,175,189,169,202,202,218,218,287,312,127,141,170,170,267,267,278,278,278,253,85,113,113,131,131,160,160,160,177,191,191,191],"floor_reached":33,"playtime":2209,"items_purged":["Strike_G","Strike_G"],"score":385,"play_id":"be4aa5da-8e26-4eba-a26d-26a33afe207e","local_time":"20181010180826","is_ascension_mode":true,"campfire_choices":[{"data":"Crippling Poison","floor":7,"key":"SMITH"},{"data":"Bouncing Flask","floor":15,"key":"SMITH"},{"floor":24,"key":"REST"},{"floor":29,"key":"REST"},{"floor":32,"key":"REST"}],"neow_cost":"NONE","seed_source_timestamp":59003185666985,"circlet_count":0,"master_deck":["Defend_G","Defend_G","Defend_G","Defend_G","Defend_G","Strike_G","Strike_G","Strike_G","Survivor","Neutralize+1","Quick Slash+1","Prepared","Backflip","Corpse Explosion","Crippling Poison+1","Deadly Poison","Bouncing Flask+1","Footwork","Noxious Fumes","Dagger Throw","A Thousand Cuts","Cloak And Dagger","Ghostly","Ghostly","Ghostly","Ghostly","Ghostly","Slice","Catalyst","Prepared+1","After Image","Terror","Poisoned Stab","Backflip+1","Poisoned Stab","Sucker Punch","Slice"],"relics":["Tiny House","Unceasing Top","The Specimen","Mango","Dream Catcher","HoveringKite","Darkstone Periapt","PreservedInsect","Question Card","WingedGreaves","Spirit Poop"],"potions_floor_usage":[6,6,6,11,13,13,31,31,33,33],"damage_taken":[{"damage":0,"enemies":"Small Slimes","floor":1,"turns":4},{"damage":0,"enemies":"Cultist","floor":3,"turns":3},{"damage":0,"enemies":"2 Louse","floor":4,"turns":3},{"damage":10,"enemies":"Gremlin Nob","floor":6,"turns":5},{"damage":15,"enemies":"Gremlin Gang","floor":8,"turns":3},{"damage":9,"enemies":"3 Sentries","floor":11,"turns":4},{"damage":0,"enemies":"Exordium Wildlife","floor":13,"turns":2},{"damage":18,"enemies":"Lagavulin","floor":14,"turns":7},{"damage":25,"enemies":"Hexaghost","floor":16,"turns":8},{"damage":0,"enemies":"3 Byrds","floor":18,"turns":3},{"damage":3,"enemies":"2 Thieves","floor":21,"turns":5},{"damage":41,"enemies":"Gremlin Leader","floor":23,"turns":6},{"damage":4,"enemies":"Cultist and Chosen","floor":25,"turns":5},{"damage":12,"enemies":"Book of Stabbing","floor":27,"turns":6},{"damage":3,"enemies":"Snake Plant","floor":30,"turns":4},{"damage":10,"enemies":"Centurion and Healer","floor":31,"turns":7},{"damage":23,"enemies":"Champ","floor":33,"turns":3}],"seed_played":"-9087352555674552675","potions_obtained":[{"floor":0,"key":"Regen Potion"},{"floor":3,"key":"GamblersBrew"},{"floor":5,"key":"Block Potion"},{"floor":6,"key":"Energy Potion"},{"floor":13,"key":"Fruit Juice"},{"floor":16,"key":"SteroidPotion"},{"floor":27,"key":"Weak Potion"},{"floor":30,"key":"Poison Potion"},{"floor":31,"key":"AttackPotion"}],"is_trial":false,"path_per_floor":["M","?","M","M","?","E","R","M","T","?","E","$","M","E","R","B",null,"M","?","?","M","$","E","R","M","T","E","?","R","M","M","R"],"character_chosen":"THE_SILENT","items_purchased":["Footwork","Regen Potion","Catalyst"],"campfire_rested":3,"item_purchase_floors":[12,12,22],"current_hp_per_floor":[75,75,75,75,75,74,74,59,59,59,64,64,78,60,60,35,94,94,100,50,47,47,6,21,17,17,5,5,20,17,7,22,0],"gold":191,"neow_bonus":"BOSS_RELIC","is_prod":false,"is_daily":false,"chose_seed":false,"campfire_upgraded":2,"win_rate":0,"timestamp":1539209306,"path_taken":["M","?","M","M","?","E","R","M","T","?","E","$","M","E","R","BOSS","M","?","?","?","$","E","R","M","T","E","?","R","?","M","R","BOSS"],"build_version":"2018-10-04v2","purchased_purges":2,"victory":false,"max_hp_per_floor":[75,75,75,75,75,75,75,75,75,75,89,89,94,94,94,94,94,94,100,50,50,50,50,50,50,50,50,50,50,50,50,50,50],"card_choices":[{"not_picked":["Outmaneuver","Catalyst"],"picked":"Quick Slash","floor":0},{"not_picked":["Dagger Spray","Slice"],"picked":"Prepared","floor":1},{"not_picked":["Outmaneuver","Poisoned Stab"],"picked":"Backflip","floor":3},{"not_picked":["Eviscerate","Blade Dance"],"picked":"Corpse Explosion","floor":4},{"not_picked":["Dagger Spray","Terror"],"picked":"Crippling Poison","floor":6},{"not_picked":["Escape Plan","Flying Knee"],"picked":"Deadly Poison","floor":8},{"not_picked":["Sucker Punch","Blade Dance"],"picked":"Bouncing Flask","floor":11},{"not_picked":["Riddle With Holes","Footwork"],"picked":"Noxious Fumes","floor":13},{"not_picked":["Unload","Backstab"],"picked":"Dagger Throw","floor":14},{"not_picked":["Wraith Form v2","Unload"],"picked":"A Thousand Cuts","floor":16},{"not_picked":["Eviscerate+1","Bane"],"picked":"Cloak And Dagger","floor":18},{"not_picked":["Bane","Eviscerate"],"picked":"Slice","floor":21},{"not_picked":["Outmaneuver","PiercingWail"],"picked":"Prepared+1","floor":23},{"not_picked":["Masterful Stab","Blur"],"picked":"After Image","floor":24},{"not_picked":["Slice","Choke"],"picked":"Terror","floor":25},{"not_picked":["Dagger Spray","Catalyst","Expertise"],"picked":"Poisoned Stab","floor":27},{"not_picked":["Acrobatics","Predator","Bane"],"picked":"Backflip+1","floor":29},{"not_picked":["Predator","Masterful Stab","Venomology"],"picked":"Poisoned Stab","floor":30},{"not_picked":["Acrobatics","Underhanded Strike","Quick Slash+1"],"picked":"Sucker Punch","floor":31},{"not_picked":["Reflex","Poisoned Stab+1","Flying Knee"],"picked":"Slice","floor":32}],"player_experience":235567,"relics_obtained":[{"floor":6,"key":"Unceasing Top"},{"floor":9,"key":"The Specimen"},{"floor":11,"key":"Mango"},{"floor":14,"key":"Dream Catcher"},{"floor":23,"key":"PreservedInsect"},{"floor":26,"key":"Question Card"},{"floor":27,"key":"WingedGreaves"}],"event_choices":[{"event_name":"Accursed Blacksmith","player_choice":"Forge","floor":2,"damage_taken":0},{"event_name":"The Woman in Blue","player_choice":"Bought 1 Potion","floor":5,"damage_taken":0},{"event_name":"Golden Wing","player_choice":"Gained Gold","floor":10,"damage_taken":0},{"event_name":"The Mausoleum","player_choice":"Yes","floor":19,"damage_taken":0},{"event_name":"Ghosts","player_choice":"Became a Ghost","floor":20,"damage_taken":0},{"event_name":"Bonfire Elementals","player_choice":"CURSE","floor":28,"damage_taken":0}],"is_beta":false,"boss_relics":[{"not_picked":["Coffee Dripper","Velvet Choker"],"picked":"HoveringKite"}],"items_purged_floors":[12,22],"is_endless":false,"potions_floor_spawned":[3,6,13,16,27,30,31],"killed_by":"Champ","ascension_level":2}