{"gold_per_floor":[111,127,139,139,157,189,189,46,46,58,74,39,39,55,55,55],"floor_reached":16,"playtime":935,"items_purged":[],"score":104,"play_id":"fad3c48e-9e9f-4b7e-b834-28ce42650666","local_time":"20190109203139","is_ascension_mode":false,"campfire_choices":[{"floor":7,"key":"REST"},{"data":"Armaments","floor":13,"key":"SMITH"},{"floor":15,"key":"REST"}],"neow_cost":"NONE","seed_source_timestamp":752697083631130,"circlet_count":0,"master_deck":["Strike_R+1","Strike_R","Strike_R","Strike_R","Defend_R","Defend_R","Defend_R","Defend_R","Bash+1","Double Tap","Shrug It Off","Evolve","Headbutt","Armaments+1","Whirlwind","Flame Barrier","Iron Wave"],"relics":["Burning Blood","Dream Catcher","Omamori","Whetstone"],"potions_floor_usage":[],"damage_taken":[{"damage":10,"enemies":"Small Slimes","floor":1,"turns":4},{"damage":0,"enemies":"2 Louse","floor":2,"turns":4},{"damage":0,"enemies":"Cultist","floor":3,"turns":4},{"damage":12,"enemies":"Exordium Wildlife","floor":5,"turns":8},{"damage":54,"enemies":"Lagavulin","floor":6,"turns":7},{"damage":22,"enemies":"Red Slaver","floor":10,"turns":5},{"damage":0,"enemies":"Looter","floor":11,"turns":5},{"damage":23,"enemies":"Exordium Wildlife","floor":14,"turns":4},{"damage":60,"enemies":"The Guardian","floor":16,"turns":11}],"seed_played":"-7605102215480160498","potions_obtained":[{"floor":1,"key":"BloodPotion"},{"floor":2,"key":"Dexterity Potion"},{"floor":5,"key":"BloodPotion"}],"is_trial":false,"path_per_floor":["M","M","M","?","M","E","R","$","T","M","M","?","R","M","R","B"],"character_chosen":"IRONCLAD","items_purchased":["Omamori"],"campfire_rested":2,"item_purchase_floors":[8],"current_hp_per_floor":[76,80,80,73,67,19,43,43,43,27,33,53,53,36,60,0],"gold":55,"neow_bonus":"ONE_RANDOM_RARE_CARD","is_prod":false,"is_daily":false,"chose_seed":false,"campfire_upgraded":1,"win_rate":0.0,"timestamp":1547062299,"path_taken":["M","M","M","?","M","E","R","$","T","M","M","?","R","M","R","BOSS"],"build_version":"2019-01-03v4","purchased_purges":0,"victory":false,"max_hp_per_floor":[80,80,80,80,80,80,80,80,80,80,80,80,80,80,80,80],"card_choices":[{"not_picked":["Entrench","Sever Soul"],"picked":"Shrug It Off","floor":1},{"not_picked":["Cleave","Reckless Charge"],"picked":"Evolve","floor":2},{"not_picked":["Flex","Burning Pact","Clash"],"picked":"SKIP","floor":3},{"not_picked":["Armaments","Disarm"],"picked":"Headbutt","floor":5},{"not_picked":["Combust","Evolve","Battle Trance"],"picked":"SKIP","floor":6},{"not_picked":["Rupture","Thunderclap"],"picked":"Armaments","floor":7},{"not_picked":["Clothesline","Double Tap"],"picked":"Whirlwind","floor":10},{"not_picked":["Armaments","Dual Wield","Perfected Strike"],"picked":"SKIP","floor":11},{"not_picked":["Whirlwind","Havoc"],"picked":"Flame Barrier","floor":14},{"not_picked":["Thunderclap","Flex"],"picked":"Iron Wave","floor":15}],"player_experience":137115,"relics_obtained":[{"floor":6,"key":"Dream Catcher"},{"floor":9,"key":"Whetstone"}],"event_choices":[{"cards_removed":["Strike_R"],"damage_healed":0,"gold_gain":0,"player_choice":"Card Removal","damage_taken":7,"max_hp_gain":0,"max_hp_loss":0,"event_name":"Golden Wing","floor":4,"gold_loss":0},{"damage_healed":20,"gold_gain":0,"player_choice":"Healed","damage_taken":0,"max_hp_gain":0,"max_hp_loss":0,"event_name":"The Cleric","floor":12,"gold_loss":35}],"is_beta":false,"boss_relics":[],"items_purged_floors":[],"is_endless":false,"potions_floor_spawned":[1,2,5],"killed_by":"The Guardian","ascension_level":0}