{"gold_per_floor":[114,429,66,81,96,111,126,141,166,166,166,181,6,6,6,106,106,121,136,151,166,181,181,196,211,211,226,241,271,286,301,313,425,437,464,491,132,147,162,162,177,177,177,177,192,232,247,262,262,262],"floor_reached":51,"playtime":3284,"items_purged":["Rampage","Regret","Dropkick"],"score":956,"play_id":"71d3fb37-a18d-401d-9e4f-a88f5d93394d","local_time":"20190108225813","daily_mods":["Insanity","Vintage","Night Terrors"],"is_ascension_mode":false,"campfire_choices":[{"data":"Metallicize","floor":10.0,"key":"SMITH"},{"data":"Shockwave","floor":15.0,"key":"SMITH"},{"data":"Armaments","floor":23.0,"key":"SMITH"},{"data":"Armaments","floor":32.0,"key":"SMITH"},{"data":"Barricade","floor":40,"key":"SMITH"},{"data":"Spot Weakness","floor":49,"key":"SMITH"}],"neow_cost":"","seed_source_timestamp":0,"circlet_count":0,"master_deck":["Heavy Blade","Wild Strike","Intimidate","Perfected Strike","Bloodletting","True Grit","True Grit","Warcry","Shockwave+1","Twin Strike","Dual Wield","Flex","Iron Wave","Flame Barrier","Iron Wave","True Grit","Combust","Perfected Strike","Body Slam","Flex","Body Slam+1","Uppercut","Heavy Blade","Uppercut","Spot Weakness+1","Armaments+1","Wild Strike","Rampage","Twin Strike+1","Thunderclap","Perfected Strike","Warcry","Disarm","Body Slam","Body Slam","Burning Pact","Heavy Blade","Headbutt","Armaments+1","Entrench","Iron Wave","Wild Strike","Rampage","Havoc","Metallicize+1","Thunderclap","Iron Wave","Barricade+1","Immolate","Magnetism","Feel No Pain","HandOfGreed+1","Apotheosis+1"],"special_seed":17904,"relics":["Burning Blood","Nunchaku","Old Coin","Membership Card","Singing Bowl","Bottled Tornado","Strawberry","Ornamental Fan","Orichalcum","Bottled Flame","Pen Nib","Ancient Tea Set","Vajra","Mummified Hand","Velvet Choker","Calipers","Kunai","Regal Pillow","Blood Vial","Letter Opener","Boot","Pear","PreservedInsect","Bag of Preparation","Red Skull","Question Card","Lantern","MawBank","Snecko Eye","Self Forming Clay","Pantograph","Anchor","Toy Ornithopter","Whetstone","Gremlin Horn","Molten Egg 2","Sundial","Meat on the Bone","StoneCalendar","Potion Belt","Mercury Hourglass"],"potions_floor_usage":[47,47,50,50],"damage_taken":[{"damage":4.0,"enemies":"Jaw Worm","floor":1.0,"turns":3.0},{"damage":5.0,"enemies":"Small Slimes","floor":2.0,"turns":3.0},{"damage":0.0,"enemies":"Cultist","floor":4.0,"turns":3.0},{"damage":5.0,"enemies":"2 Fungi Beasts","floor":5.0,"turns":3.0},{"damage":7.0,"enemies":"3 Louse","floor":6.0,"turns":3.0},{"damage":10.0,"enemies":"Red Slaver","floor":7.0,"turns":2.0},{"damage":7.0,"enemies":"Gremlin Gang","floor":8.0,"turns":2.0},{"damage":3.0,"enemies":"3 Louse","floor":12.0,"turns":3.0},{"damage":7.0,"enemies":"Slime Boss","floor":16.0,"turns":7.0},{"damage":8.0,"enemies":"2 Thieves","floor":18.0,"turns":2.0},{"damage":4.0,"enemies":"Shell Parasite","floor":19.0,"turns":2.0},{"damage":7.0,"enemies":"Centurion and Healer","floor":20.0,"turns":3.0},{"damage":17.0,"enemies":"Snake Plant","floor":21.0,"turns":3.0},{"damage":2.0,"enemies":"Snecko","floor":22.0,"turns":3.0},{"damage":5.0,"enemies":"Chosen and Byrds","floor":24.0,"turns":3.0},{"damage":3.0,"enemies":"3 Cultists","floor":25.0,"turns":4.0},{"damage":2.0,"enemies":"Centurion and Healer","floor":27.0,"turns":3.0},{"damage":9.0,"enemies":"Snake Plant","floor":28.0,"turns":3.0},{"damage":5.0,"enemies":"Gremlin Leader","floor":29.0,"turns":3.0},{"damage":2.0,"enemies":"Cultist and Chosen","floor":30.0,"turns":3.0},{"damage":2.0,"enemies":"Chosen and Byrds","floor":31.0,"turns":3.0},{"damage":21.0,"enemies":"Champ","floor":33.0,"turns":8.0},{"damage":1,"enemies":"Orb Walker","floor":35,"turns":1},{"damage":1,"enemies":"3 Shapes","floor":36,"turns":2},{"damage":5,"enemies":"Transient","floor":38,"turns":5},{"damage":7,"enemies":"Spire Growth","floor":39,"turns":4},{"damage":2,"enemies":"4 Shapes","floor":41,"turns":3},{"damage":3,"enemies":"Writhing Mass","floor":45,"turns":4},{"damage":2,"enemies":"Sphere and 2 Shapes","floor":46,"turns":3},{"damage":12,"enemies":"Maw","floor":47,"turns":6},{"damage":1,"enemies":"3 Darklings","floor":48,"turns":2},{"damage":42,"enemies":"Time Eater","floor":50,"turns":8}],"seed_played":"-1546988897683153099","potions_obtained":[{"floor":2.0,"key":"SkillPotion"},{"floor":6.0,"key":"Dexterity Potion"},{"floor":7.0,"key":"Energy Potion"},{"floor":16.0,"key":"SpeedPotion"},{"floor":21.0,"key":"EntropicBrew"},{"floor":27.0,"key":"PowerPotion"},{"floor":33.0,"key":"SpeedPotion"},{"floor":36,"key":"EssenceOfSteel"},{"floor":47,"key":"LiquidBronze"}],"is_trial":false,"path_per_floor":["M","M","$","M","M","M","M","M","T","R","?","M","$","?","R","B",null,"M","M","M","M","M","R","M","M","T","M","M","E","M","M","R","B",null,"M","M","$","M","M","R","M","?","T","?","M","M","M","M","R","B",null],"character_chosen":"IRONCLAD","items_purchased":["Membership Card","Singing Bowl","Mummified Hand","Anchor","Magnetism","Feel No Pain","Toy Ornithopter"],"campfire_rested":0,"item_purchase_floors":[3,3,13,37,37,37,37],"current_hp_per_floor":[80,80,80,80,87,86,82,81,81,81,81,84,84,87,87,86,87,85,87,86,75,81,81,84,97,97,97,94,99,99,99,99,84,99,99,99,99,99,98,98,99,91,91,91,96,101,96,101,101,75],"gold":262,"neow_bonus":"","is_prod":false,"is_daily":true,"chose_seed":false,"campfire_upgraded":6,"win_rate":0,"timestamp":1547006293,"path_taken":["M","M","$","M","M","M","M","M","T","R","?","M","$","?","R","BOSS","M","M","M","?","M","R","M","M","T","M","M","E","M","M","R","BOSS","M","M","$","M","M","R","M","?","T","?","M","M","?","M","R","BOSS"],"build_version":"2019-01-03v4","purchased_purges":3,"victory":true,"max_hp_per_floor":[80,80,80,80,87,87,87,87,87,87,87,87,87,87,87,87,87,87,87,87,87,87,87,87,97,97,97,97,99,99,99,99,99,99,99,99,99,99,99,99,99,101,101,101,101,101,101,101,101,101],"card_choices":[{"not_picked":["Fiend Fire","Bludgeon"],"picked":"Barricade","floor":16.0},{"not_picked":["Anger","Metallicize","Armaments"],"picked":"Singing Bowl","floor":29.0},{"not_picked":["Fiend Fire","Offering","Berserk"],"picked":"Immolate","floor":33.0},{"not_picked":["Finesse","Magnetism","Flash of Steel+1","Violence"],"picked":"Singing Bowl","floor":42},{"not_picked":["Transmutation","Panache","Dramatic Entrance+1"],"picked":"HandOfGreed+1","floor":42},{"not_picked":["Impatience","Forethought","Master of Strategy"],"picked":"Apotheosis","floor":42}],"player_experience":776241,"relics_obtained":[{"floor":1.0,"key":"Nunchaku"},{"floor":2.0,"key":"Old Coin"},{"floor":4.0,"key":"Bottled Tornado"},{"floor":5.0,"key":"Strawberry"},{"floor":6.0,"key":"Ornamental Fan"},{"floor":7.0,"key":"Orichalcum"},{"floor":8.0,"key":"Bottled Flame"},{"floor":9.0,"key":"Pen Nib"},{"floor":12.0,"key":"Vajra"},{"floor":18.0,"key":"Calipers"},{"floor":19.0,"key":"Kunai"},{"floor":20.0,"key":"Regal Pillow"},{"floor":21.0,"key":"Blood Vial"},{"floor":22.0,"key":"Letter Opener"},{"floor":24.0,"key":"Boot"},{"floor":25.0,"key":"Pear"},{"floor":26.0,"key":"PreservedInsect"},{"floor":27.0,"key":"Bag of Preparation"},{"floor":28.0,"key":"Red Skull"},{"floor":29.0,"key":"Question Card"},{"floor":30.0,"key":"Lantern"},{"floor":31.0,"key":"MawBank"},{"floor":35,"key":"Self Forming Clay"},{"floor":36,"key":"Pantograph"},{"floor":38,"key":"Whetstone"},{"floor":39,"key":"Gremlin Horn"},{"floor":41,"key":"Molten Egg 2"},{"floor":43,"key":"Sundial"},{"floor":45,"key":"Meat on the Bone"},{"floor":46,"key":"StoneCalendar"},{"floor":47,"key":"Potion Belt"},{"floor":48,"key":"Mercury Hourglass"}],"event_choices":[{"damage_healed":0.0,"max_hp_gain":0.0,"max_hp_loss":0.0,"gold_gain":0.0,"event_name":"Big Fish","player_choice":"Box","floor":11.0,"gold_loss":0.0,"damage_taken":0.0,"relics_obtained":["Ancient Tea Set"],"cards_obtained":["Regret"]},{"cards_removed":["Blood for Blood"],"damage_healed":3.0,"max_hp_gain":0.0,"max_hp_loss":0.0,"gold_gain":0.0,"event_name":"Bonfire Elementals","player_choice":"Offered Uncommon","floor":14.0,"gold_loss":0.0,"damage_taken":0.0},{"damage_healed":0,"gold_gain":0,"player_choice":"Memory 3","damage_taken":10,"max_hp_gain":0,"max_hp_loss":0,"event_name":"SensoryStone","floor":42,"gold_loss":0},{"damage_healed":0,"gold_gain":0,"player_choice":"Upgraded","damage_taken":0,"max_hp_gain":0,"max_hp_loss":0,"event_name":"Upgrade Shrine","floor":44,"gold_loss":0,"cards_upgraded":["Apotheosis"]}],"is_beta":false,"boss_relics":[{"not_picked":["Philosopher\u0027s Stone","Runic Cube"],"picked":"Velvet Choker"},{"not_picked":["Black Blood","Empty Cage"],"picked":"Snecko Eye"}],"items_purged_floors":[3,13,37],"is_endless":false,"potions_floor_spawned":[2,6,7,8,12,16,19,21,27,28,29,30,31,33,36,39,45,46,47],"ascension_level":0}