{"gold_per_floor":[360,360,129,139,152,152,152,167,167,167,192,202,237,17,17,120,120,139,173,173,187,187,187,90,117,117,135,147,147,147,20,20,123,123,139,22,72,72,90,119,119,152,152,132,152,9,39,57,57,57,57,57,2,30,30],"floor_reached":56,"playtime":4716,"items_purged":["Regret"],"score":2002,"play_id":"939d5656-a803-4390-88b3-37b4e48ddc90","local_time":"20181226012332","is_ascension_mode":true,"campfire_choices":[{"data":"Disarm","floor":6.0,"key":"SMITH"},{"data":"Spot Weakness","floor":10.0,"key":"SMITH"},{"floor":15.0,"key":"REST"},{"floor":23.0,"key":"REST"},{"data":"Inflame","floor":30.0,"key":"SMITH"},{"floor":32.0,"key":"REST"},{"data":"1","floor":41,"key":"LIFT"},{"floor":49,"key":"RECALL"},{"data":"Barricade","floor":52,"key":"SMITH"}],"neow_cost":"PERCENT_DAMAGE","seed_source_timestamp":0,"circlet_count":0,"master_deck":["AscendersBane","Strike_R","Strike_R","Strike_R","Strike_R","Strike_R","Defend_R","Defend_R","Defend_R","Defend_R","Bash","Disarm+1","Spot Weakness+1","Flame Barrier","Iron Wave","Limit Break+1","Spot Weakness+1","Offering+1","Entrench+1","Barricade+1","Injury","Inflame+1","Necronomicurse","Evolve","Apotheosis+1","Pommel Strike","Flame Barrier+1","Intimidate+1","Disarm+1","Impervious+1","Iron Wave+1","Whirlwind","True Grit+1","Body Slam","Dark Shackles+1","Heavy Blade","True Grit+1","Entrench+1","Shrug It Off+1","Heavy Blade","Shrug It Off+1"],"special_seed":0,"relics":["Burning Blood","FossilizedHelix","Omamori","Toxic Egg 2","Mummified Hand","Oddly Smooth Stone","Membership Card","Calling Bell","Red Skull","The Courier","Du-Vu Doll","Red Mask","Necronomicon","Bottled Tornado","Sundial","Meat on the Bone","Philosopher\u0027s Stone","Chemical X","Girya","Dream Catcher","Bag of Marbles","Paper Frog","ClockworkSouvenir","Bag of Preparation","Singing Bowl","Blood Vial"],"potions_floor_usage":[50,55,55],"damage_taken":[{"damage":9.0,"enemies":"Jaw Worm","floor":1.0,"turns":6.0},{"damage":0.0,"enemies":"Cultist","floor":4.0,"turns":3.0},{"damage":0.0,"enemies":"2 Louse","floor":5.0,"turns":2.0},{"damage":0.0,"enemies":"Blue Slaver","floor":8.0,"turns":4.0},{"damage":20.0,"enemies":"3 Sentries","floor":11.0,"turns":9.0},{"damage":11.0,"enemies":"Lots of Slimes","floor":12.0,"turns":7.0},{"damage":15.0,"enemies":"Gremlin Nob","floor":13.0,"turns":4.0},{"damage":7.0,"enemies":"The Guardian","floor":16.0,"turns":8.0},{"damage":33.0,"enemies":"2 Thieves","floor":18.0,"turns":4.0},{"damage":18.0,"enemies":"Masked Bandits","floor":19.0,"turns":4.0},{"damage":0.0,"enemies":"Shell Parasite","floor":21.0,"turns":3.0},{"damage":38.0,"enemies":"Book of Stabbing","floor":25.0,"turns":5.0},{"damage":8.0,"enemies":"Sentry and Sphere","floor":27.0,"turns":4.0},{"damage":5.0,"enemies":"Snake Plant","floor":28.0,"turns":5.0},{"damage":19.0,"enemies":"Collector","floor":33.0,"turns":30.0},{"damage":18.0,"enemies":"3 Darklings","floor":35.0,"turns":6.0},{"damage":0.0,"enemies":"2 Orb Walkers","floor":37.0,"turns":1.0},{"damage":0.0,"enemies":"Orb Walker","floor":39.0,"turns":2.0},{"damage":23.0,"enemies":"Reptomancer","floor":40.0,"turns":3.0},{"damage":6,"enemies":"Nemesis","floor":42,"turns":7},{"damage":1,"enemies":"3 Darklings","floor":45,"turns":6},{"damage":6,"enemies":"Giant Head","floor":47,"turns":4},{"damage":0,"enemies":"Spire Growth","floor":48,"turns":3},{"damage":15,"enemies":"Time Eater","floor":50,"turns":8},{"damage":0,"enemies":"Shield and Spear","floor":54,"turns":3},{"damage":72,"enemies":"The Heart","floor":55,"turns":9}],"seed_played":"4359068595276814545","potions_obtained":[{"floor":1.0,"key":"FearPotion"},{"floor":11.0,"key":"EssenceOfSteel"},{"floor":25.0,"key":"BloodPotion"},{"floor":27.0,"key":"BloodPotion"},{"floor":33.0,"key":"PowerPotion"},{"floor":35.0,"key":"Swift Potion"},{"floor":54,"key":"BloodPotion"}],"is_trial":false,"path_per_floor":["M","?","$","M","M","R","?","M","T","R","E","M","E","$","R","B",null,"M","?","?","M","T","R","$","E","T","M","M","?","R","$","R","B",null,"M","$","?","?","M","E","E","R","E","T","$","M","$","E","M","R","B",null,"R","$","E","B",null],"character_chosen":"IRONCLAD","items_purchased":["Omamori","Membership Card","Entrench+1","Evolve","Apotheosis+1","Disarm+1","Meat on the Bone","Whirlwind","Chemical X","True Grit+1","True Grit+1","ClockworkSouvenir","Bag of Preparation","Entrench+1","Shrug It Off+1","Heavy Blade"],"campfire_rested":3,"item_purchase_floors":[3,14,14,24,24,31,31,36,36,36,44,46,46,53,53,53],"current_hp_per_floor":[48,48,48,54,60,60,60,66,66,66,52,47,38,38,62,61,75,48,36,20,26,26,50,50,18,18,24,33,33,33,33,57,56,74,62,62,68,58,64,47,47,47,47,47,52,52,54,62,62,53,76,76,76,82,38],"gold":30,"neow_bonus":"TWO_FIFTY_GOLD","is_prod":false,"is_daily":false,"chose_seed":false,"campfire_upgraded":4,"win_rate":0,"timestamp":1545805412,"path_taken":["M","?","$","M","M","R","?","M","T","R","E","?","E","$","R","BOSS","M","?","?","M","?","R","$","E","T","?","M","?","R","?","R","BOSS","M","$","?","?","M","E","R","E","T","?","M","$","E","M","R","BOSS","R","$","E","BOSS"],"build_version":"2018-12-20","purchased_purges":1,"victory":true,"max_hp_per_floor":[80,80,80,80,80,80,80,80,80,80,80,80,80,80,80,80,80,80,80,80,80,80,80,80,80,80,80,80,80,80,80,80,80,80,80,80,80,80,80,80,80,80,80,80,80,80,82,84,84,84,84,84,84,84,84],"card_choices":[{"not_picked":["Anger","Sever Soul"],"picked":"Disarm","floor":1.0},{"not_picked":["Armaments","Hemokinesis"],"picked":"Spot Weakness","floor":5.0},{"not_picked":["Iron Wave","Perfected Strike","Wild Strike"],"picked":"SKIP","floor":8.0},{"not_picked":["Perfected Strike","Wild Strike"],"picked":"Iron Wave","floor":8.0},{"not_picked":["Juggernaut","Searing Blow"],"picked":"Limit Break+1","floor":11.0},{"not_picked":["Entrench+1","Havoc+1"],"picked":"Spot Weakness+1","floor":12.0},{"not_picked":["Clash","Havoc+1"],"picked":"Offering+1","floor":13.0},{"not_picked":["Berserk","Impervious+1"],"picked":"Barricade","floor":16.0},{"not_picked":["Headbutt","Havoc+1"],"picked":"Inflame","floor":18.0},{"not_picked":["Sever Soul","Searing Blow","Demon Form"],"picked":"SKIP","floor":21.0},{"not_picked":["Cleave","Dropkick+1"],"picked":"Pommel Strike","floor":25.0},{"not_picked":["Clothesline","Infernal Blade+1"],"picked":"Flame Barrier+1","floor":27.0},{"not_picked":["Thunderclap","Fire Breathing+1"],"picked":"Intimidate+1","floor":28.0},{"not_picked":["Immolate","Offering+1"],"picked":"Impervious+1","floor":33.0},{"not_picked":["Headbutt","Inflame"],"picked":"Iron Wave+1","floor":35.0},{"not_picked":["Sever Soul","Armaments+1"],"picked":"Body Slam","floor":37.0},{"not_picked":["Trip+1","Dramatic Entrance"],"picked":"Dark Shackles+1","floor":38.0},{"not_picked":["Hemokinesis","Infernal Blade+1"],"picked":"Heavy Blade","floor":39.0},{"not_picked":["Armaments+1","Fiend Fire","Reckless Charge"],"picked":"SKIP","floor":40},{"not_picked":["Uppercut","Havoc+1","Thunderclap"],"picked":"SKIP","floor":42},{"not_picked":["Dual Wield+1","Sword Boomerang","Hemokinesis+1"],"picked":"SKIP","floor":45},{"not_picked":["Rupture","Clothesline","Body Slam+1"],"picked":"Singing Bowl","floor":47},{"not_picked":["Sword Boomerang+1","Second Wind+1","Pummel"],"picked":"Singing Bowl","floor":48},{"not_picked":["Armaments+1","Bloodletting+1"],"picked":"Shrug It Off+1","floor":54}],"player_experience":350289,"relics_obtained":[{"floor":9.0,"key":"Toxic Egg 2"},{"floor":11.0,"key":"Mummified Hand"},{"floor":13.0,"key":"Oddly Smooth Stone"},{"floor":17.0,"key":"Red Skull"},{"floor":17.0,"key":"The Courier"},{"floor":17.0,"key":"Du-Vu Doll"},{"floor":19.0,"key":"Red Mask"},{"floor":20.0,"key":"Necronomicon"},{"floor":22.0,"key":"Bottled Tornado"},{"floor":25.0,"key":"Sundial"},{"floor":37.0,"key":"Girya"},{"floor":40,"key":"Dream Catcher"},{"floor":42,"key":"Bag of Marbles"},{"floor":43,"key":"Paper Frog"},{"floor":47,"key":"Singing Bowl"},{"floor":54,"key":"Blood Vial"}],"event_choices":[{"damage_healed":0.0,"max_hp_gain":0.0,"max_hp_loss":0.0,"gold_gain":0.0,"event_name":"Big Fish","player_choice":"Box","floor":2.0,"gold_loss":0.0,"damage_taken":0.0,"relics_obtained":["FossilizedHelix"],"cards_obtained":["Regret"]},{"damage_healed":0.0,"max_hp_gain":0.0,"max_hp_loss":0.0,"gold_gain":0.0,"event_name":"Match and Keep!","player_choice":"1 cards matched","floor":7.0,"gold_loss":0.0,"damage_taken":0.0,"cards_obtained":["Flame Barrier"]},{"damage_healed":0.0,"max_hp_gain":0.0,"max_hp_loss":0.0,"gold_gain":0.0,"event_name":"Masked Bandits","player_choice":"Fought Bandits","floor":19.0,"gold_loss":0.0,"damage_taken":0.0},{"damage_healed":0.0,"max_hp_gain":0.0,"max_hp_loss":0.0,"gold_gain":0.0,"event_name":"Cursed Tome","player_choice":"Obtained Book","floor":20.0,"gold_loss":0.0,"damage_taken":16.0},{"damage_healed":0.0,"max_hp_gain":0.0,"max_hp_loss":0.0,"gold_gain":0.0,"event_name":"Match and Keep!","player_choice":"0 cards matched","floor":29.0,"gold_loss":0.0,"damage_taken":0.0,"cards_obtained":[]},{"damage_healed":0.0,"max_hp_gain":0.0,"max_hp_loss":0.0,"gold_gain":0.0,"event_name":"Mysterious Sphere","player_choice":"Fight","floor":37.0,"gold_loss":0.0,"damage_taken":0.0},{"damage_healed":0.0,"max_hp_gain":0.0,"max_hp_loss":0.0,"gold_gain":0.0,"event_name":"SensoryStone","player_choice":"Memory 3","floor":38.0,"gold_loss":0.0,"damage_taken":10.0}],"is_beta":false,"boss_relics":[{"not_picked":["Black Star","Runic Cube"],"picked":"Calling Bell"},{"not_picked":["Lizard Tail","Empty Cage"],"picked":"Philosopher\u0027s Stone"}],"items_purged_floors":[3],"is_endless":false,"potions_floor_spawned":[1,11,25,27,33,35,40,47,48,54],"ascension_level":11}