{"gold_per_floor":[111,31,31,43,43,43,56,70,70,105,105,115,132,143,143,243,243,259,277,48,64,64,64],"floor_reached":23,"playtime":2250,"items_purged":["Strike_G"],"score":195,"play_id":"6496fcf3-28f8-41ba-a940-c05f1608fac3","local_time":"20190106164637","is_ascension_mode":false,"campfire_choices":[{"data":"Dodge and Roll","floor":6,"key":"SMITH"},{"data":"Infinite Blades","floor":11,"key":"SMITH"},{"floor":15,"key":"REST"}],"neow_cost":"NONE","seed_source_timestamp":1326409696730174,"circlet_count":0,"master_deck":["Defend_G","Defend_G","Defend_G","Defend_G","Defend_G","Strike_G+1","Strike_G","Strike_G+1","Strike_G","Survivor","Neutralize","Dodge and Roll+1","Die Die Die+1","Bouncing Flask","Leg Sweep","Infinite Blades+1","Bouncing Flask","Backstab","Bouncing Flask","A Thousand Cuts","Well Laid Plans","Dash","Infinite Blades","Backflip"],"relics":["Ring of the Snake","Whetstone","Paper Crane","Darkstone Periapt","Eternal Feather","MutagenicStrength"],"potions_floor_usage":[],"damage_taken":[{"damage":0,"enemies":"Small Slimes","floor":1,"turns":3},{"damage":0,"enemies":"2 Louse","floor":4,"turns":1},{"damage":0,"enemies":"Jaw Worm","floor":7,"turns":4},{"damage":1,"enemies":"Red Slaver","floor":8,"turns":3},{"damage":9,"enemies":"Lagavulin","floor":10,"turns":7},{"damage":0,"enemies":"3 Louse","floor":12,"turns":1},{"damage":17,"enemies":"Exordium Wildlife","floor":13,"turns":4},{"damage":2,"enemies":"Looter","floor":14,"turns":4},{"damage":13,"enemies":"The Guardian","floor":16,"turns":8},{"damage":5,"enemies":"Chosen","floor":18,"turns":5},{"damage":21,"enemies":"2 Thieves","floor":19,"turns":5},{"damage":20,"enemies":"Snake Plant","floor":21,"turns":5},{"damage":30,"enemies":"Slavers","floor":23,"turns":3}],"seed_played":"6783886858576607370","potions_obtained":[{"floor":1,"key":"PowerPotion"},{"floor":7,"key":"SkillPotion"},{"floor":10,"key":"GhostInAJar"},{"floor":13,"key":"EssenceOfSteel"},{"floor":18,"key":"Regen Potion"}],"is_trial":false,"path_per_floor":["M","$","?","M","?","R","M","M","T","E","R","M","M","M","R","B",null,"M","M","$","M","?","E"],"character_chosen":"THE_SILENT","items_purchased":["Die Die Die","Dash","Infinite Blades"],"campfire_rested":1,"item_purchase_floors":[2,20,20],"current_hp_per_floor":[70,70,75,75,75,75,75,74,74,65,65,65,48,46,68,55,75,70,49,49,29,29,0],"gold":64,"neow_bonus":"RANDOM_COMMON_RELIC","is_prod":false,"is_daily":false,"chose_seed":false,"campfire_upgraded":2,"win_rate":0.0,"timestamp":1546811197,"path_taken":["M","$","?","M","?","R","M","M","T","E","R","M","M","M","R","BOSS","M","M","$","M","?","E"],"build_version":"2019-01-03v4","purchased_purges":1,"victory":false,"max_hp_per_floor":[70,70,75,75,75,75,75,75,75,75,75,75,75,75,75,75,75,75,75,75,75,75,75],"card_choices":[{"not_picked":["Heel Hook","Tactician"],"picked":"Dodge and Roll","floor":1},{"not_picked":["Choke","Escape Plan","Tactician"],"picked":"SKIP","floor":4},{"not_picked":["Quick Slash","Dagger Throw"],"picked":"Bouncing Flask","floor":7},{"not_picked":["Backflip","Prepared"],"picked":"Leg Sweep","floor":8},{"not_picked":["Crippling Poison","Dodge and Roll"],"picked":"Infinite Blades","floor":10},{"not_picked":["Backflip","Dodge and Roll"],"picked":"Bouncing Flask","floor":12},{"not_picked":["Prepared","Choke"],"picked":"Backstab","floor":13},{"not_picked":["Escape Plan","Underhanded Strike"],"picked":"Bouncing Flask","floor":14},{"not_picked":["Phantasmal Killer","Burst"],"picked":"A Thousand Cuts","floor":16},{"not_picked":["Escape Plan","Reflex"],"picked":"Well Laid Plans","floor":18},{"not_picked":["Outmaneuver","Deadly Poison","Blade Dance"],"picked":"SKIP","floor":19},{"not_picked":["Bane+1","Quick Slash"],"picked":"Backflip","floor":21}],"player_experience":31165,"relics_obtained":[{"floor":9,"key":"Paper Crane"},{"floor":10,"key":"Darkstone Periapt"}],"event_choices":[{"damage_healed":0,"gold_gain":0,"player_choice":"Donut","damage_taken":0,"max_hp_gain":5,"max_hp_loss":0,"event_name":"Big Fish","floor":3,"gold_loss":0},{"damage_healed":0,"gold_gain":0,"player_choice":"Grow","damage_taken":0,"max_hp_gain":0,"max_hp_loss":0,"event_name":"Living Wall","floor":5,"gold_loss":0,"cards_upgraded":["Die Die Die"]},{"damage_healed":0,"gold_gain":0,"player_choice":"Inject Mutagens","damage_taken":0,"relics_obtained":["MutagenicStrength"],"max_hp_gain":0,"max_hp_loss":0,"event_name":"Drug Dealer","floor":22,"gold_loss":0}],"is_beta":false,"boss_relics":[{"not_picked":["Orrery","Calling Bell"],"picked":"Eternal Feather"}],"items_purged_floors":[20],"is_endless":false,"potions_floor_spawned":[1,7,10,13,18,19],"killed_by":"Slavers","ascension_level":0}