{"gold_per_floor":[111,122,141,141,216,241,241,241,241,241,261,44,75,75,75,153,153,172,192,92,92,112,112,122,122,122,122,122,122,17,37,37,37],"floor_reached":33,"playtime":1890,"items_purged":["Strike_G","Pain"],"score":581,"play_id":"a2b7fea3-40fd-46d9-8cc7-d4f91e574733","local_time":"20181125210330","is_ascension_mode":true,"campfire_choices":[{"data":"Neutralize","floor":7.0,"key":"SMITH"},{"floor":10.0,"key":"REST"},{"data":"Footwork","floor":15.0,"key":"SMITH"},{"floor":23,"key":"REST"},{"data":"Footwork","floor":25,"key":"SMITH"},{"data":"After Image","floor":27,"key":"SMITH"},{"data":"Acrobatics","floor":32,"key":"SMITH"}],"neow_cost":"NONE","seed_source_timestamp":227685509779000,"circlet_count":0,"master_deck":["AscendersBane","Defend_G","Defend_G","Defend_G","Defend_G","Defend_G","Strike_G","Strike_G","Strike_G","Strike_G","Survivor","Neutralize+1","Masterful Stab","Endless Agony","Terror","Leg Sweep","Bouncing Flask","Flying Knee","Backflip","Caltrops","Footwork+1","After Image+1","Infinite Blades","Deflect","Backflip","Storm of Steel","Ghostly","Ghostly","Ghostly","Dodge and Roll","Dagger Throw","Cloak And Dagger","Footwork+1","Backflip","Writhe","Cloak And Dagger","PiercingWail","Escape Plan","Acrobatics+1"],"special_seed":0,"relics":["White Beast Statue","Prayer Wheel","Ninja Scroll","Question Card","Shuriken","WarpedTongs","Philosopher\u0027s Stone","Frozen Egg 2","Pantograph"],"potions_floor_usage":[22,31],"damage_taken":[{"damage":25.0,"enemies":"Cultist","floor":1.0,"turns":7.0},{"damage":0.0,"enemies":"2 Louse","floor":2.0,"turns":2.0},{"damage":2.0,"enemies":"Jaw Worm","floor":3.0,"turns":4.0},{"damage":17.0,"enemies":"Lagavulin","floor":6.0,"turns":7.0},{"damage":0.0,"enemies":"3 Louse","floor":11.0,"turns":1.0},{"damage":0.0,"enemies":"Gremlin Nob","floor":13.0,"turns":2.0},{"damage":40.0,"enemies":"The Guardian","floor":16.0,"turns":10.0},{"damage":29.0,"enemies":"3 Byrds","floor":18.0,"turns":5.0},{"damage":3.0,"enemies":"Chosen","floor":19.0,"turns":3.0},{"damage":8,"enemies":"Shelled Parasite and Fungi","floor":22,"turns":6},{"damage":0,"enemies":"Snake Plant","floor":24,"turns":5},{"damage":7,"enemies":"Centurion and Healer","floor":31,"turns":5},{"damage":39,"enemies":"Champ","floor":33,"turns":11}],"seed_played":"7309257356097297579","potions_obtained":[{"floor":1.0,"key":"Weak Potion"},{"floor":2.0,"key":"Explosive Potion"},{"floor":3.0,"key":"Fire Potion"},{"floor":6.0,"key":"AttackPotion"},{"floor":11.0,"key":"FearPotion"},{"floor":13.0,"key":"Ancient Potion"},{"floor":16.0,"key":"SneckoOil"},{"floor":18.0,"key":"SteroidPotion"},{"floor":19.0,"key":"Energy Potion"},{"floor":22,"key":"Ancient Potion"},{"floor":24,"key":"AttackPotion"},{"floor":31,"key":"SteroidPotion"}],"is_trial":false,"path_per_floor":["M","M","M","?","?","E","R","T","T","R","M","$","E","?","R","B",null,"M","M","$","?","M","R","M","R","T","R","?","?","$","M","R","B"],"character_chosen":"THE_SILENT","items_purchased":["Backflip","Caltrops","Cloak And Dagger","PiercingWail"],"campfire_rested":2,"item_purchase_floors":[12,12,30,30],"current_hp_per_floor":[34,34,32,54,43,26,26,26,26,45,45,45,45,45,45,5,51,22,19,19,19,11,20,20,20,20,20,20,20,20,13,13,0],"gold":37,"neow_bonus":"BOSS_RELIC","is_prod":false,"is_daily":false,"chose_seed":false,"campfire_upgraded":5,"win_rate":0,"timestamp":1543197810,"path_taken":["M","M","?","?","?","E","R","?","T","R","M","$","E","?","R","BOSS","M","?","$","?","M","R","M","R","T","R","?","?","$","M","R","BOSS"],"build_version":"2018-11-15","purchased_purges":2,"victory":false,"max_hp_per_floor":[66,66,66,66,66,66,66,66,66,66,66,66,66,66,66,66,66,66,66,66,33,33,33,33,33,33,33,33,33,33,33,33,33],"card_choices":[{"not_picked":["Dodge and Roll","Crippling Poison"],"picked":"Masterful Stab","floor":1.0},{"not_picked":["Eviscerate","Bane"],"picked":"Endless Agony","floor":2.0},{"not_picked":["PiercingWail","Catalyst"],"picked":"Terror","floor":3.0},{"not_picked":["Masterful Stab","Prepared"],"picked":"Leg Sweep","floor":6.0},{"not_picked":["Expertise","Outmaneuver","Accuracy"],"picked":"Bouncing Flask","floor":11.0},{"not_picked":["Slice","Reflex","Terror"],"picked":"Flying Knee","floor":11.0},{"not_picked":["Backflip","Choke","Slice"],"picked":"Footwork","floor":13.0},{"not_picked":["Grand Finale","Wraith Form v2","Die Die Die"],"picked":"After Image","floor":16.0},{"not_picked":["Skewer","Slice","Heel Hook+1"],"picked":"Infinite Blades","floor":18.0},{"not_picked":["Setup","Bane","Deadly Poison"],"picked":"Deflect","floor":18.0},{"not_picked":["Prepared","Distraction","Accuracy"],"picked":"Backflip","floor":19.0},{"not_picked":["Outmaneuver","Dagger Spray","Prepared"],"picked":"Storm of Steel","floor":19.0},{"not_picked":["Dagger Throw+1","Accuracy","Bane"],"picked":"Dodge and Roll","floor":22},{"not_picked":["Slice","Masterful Stab","Flechettes"],"picked":"Dagger Throw","floor":22},{"not_picked":["Poisoned Stab","Distraction","Deflect"],"picked":"Cloak And Dagger","floor":24},{"not_picked":["Dagger Spray","Cloak And Dagger","Flechettes"],"picked":"Footwork","floor":24},{"not_picked":["PiercingWail","Caltrops+1","Deadly Poison"],"picked":"Escape Plan","floor":31},{"not_picked":["Reflex","Deadly Poison","Cloak And Dagger"],"picked":"Acrobatics","floor":31}],"player_experience":1684229,"relics_obtained":[{"floor":6.0,"key":"Prayer Wheel"},{"floor":8.0,"key":"Ninja Scroll"},{"floor":9.0,"key":"Question Card"},{"floor":13.0,"key":"Shuriken"},{"floor":26,"key":"Frozen Egg 2"}],"event_choices":[{"damage_healed":22.0,"max_hp_gain":0.0,"max_hp_loss":0.0,"gold_gain":0.0,"event_name":"Big Fish","player_choice":"Banana","floor":4.0,"gold_loss":0.0,"damage_taken":0.0},{"damage_healed":0.0,"max_hp_gain":0.0,"max_hp_loss":0.0,"gold_gain":75.0,"event_name":"World of Goop","player_choice":"Gather Gold","floor":5.0,"gold_loss":0.0,"damage_taken":11.0},{"damage_healed":0.0,"max_hp_gain":0.0,"max_hp_loss":0.0,"gold_gain":0.0,"event_name":"Accursed Blacksmith","player_choice":"Rummage","floor":14.0,"gold_loss":0.0,"damage_taken":0.0,"relics_obtained":["WarpedTongs"],"cards_obtained":["Pain"]},{"damage_healed":0.0,"max_hp_gain":0.0,"max_hp_loss":33.0,"gold_gain":0.0,"event_name":"Ghosts","player_choice":"Became a Ghost","floor":21.0,"gold_loss":0.0,"damage_taken":0.0,"cards_obtained":["Ghostly","Ghostly","Ghostly"]},{"damage_healed":0,"gold_gain":0,"player_choice":"Read","damage_taken":0,"max_hp_gain":0,"max_hp_loss":0,"event_name":"The Library","floor":28,"gold_loss":0,"cards_obtained":["Backflip"]},{"damage_healed":0,"gold_gain":0,"player_choice":"Opened","damage_taken":0,"relics_obtained":["Pantograph"],"max_hp_gain":0,"max_hp_loss":0,"event_name":"The Mausoleum","floor":29,"gold_loss":0,"cards_obtained":["Writhe"]}],"is_beta":true,"boss_relics":[{"not_picked":["Cursed Key","Calling Bell"],"picked":"Philosopher\u0027s Stone"}],"items_purged_floors":[12,20],"is_endless":false,"potions_floor_spawned":[1,2,3,6,11,13,16,18,19,22,24,31],"killed_by":"Champ","ascension_level":20}