{"gold_per_floor":[215,165,40,40,60,94,94,94,168,186,186,204,216,227,227,332,332,348,27,27,27,27,27,54,54,107,107,12,24,38,49,49,49],"floor_reached":33,"playtime":1426,"items_purged":["Strike_B"],"score":381,"play_id":"5553ac3c-03da-4ea7-bd3e-c0c4244f5a12","local_time":"20181017210003","is_ascension_mode":true,"campfire_choices":[{"floor":8,"key":"REST"},{"data":"Zap","floor":11,"key":"SMITH"},{"floor":15,"key":"REST"},{"data":"Redo","floor":23,"key":"SMITH"},{"floor":25,"key":"REST"},{"data":"Double Energy","floor":27,"key":"SMITH"},{"floor":32,"key":"REST"}],"neow_cost":"NONE","seed_source_timestamp":674888714533192,"circlet_count":0,"master_deck":["Strike_B","Strike_B","Defend_B","Defend_B","Defend_B","Zap+1","Dualcast+1","Double Energy+1","Scrape","Gash","Go for the Eyes","Go for the Eyes","Redo+1","Beam Cell","Go for the Eyes","All For One","Beam Cell","Metamorphosis","Glacier","Bandage Up","Beam Cell+1","Go for the Eyes+1"],"relics":["Cracked Core","Mercury Hourglass","Centennial Puzzle","Singing Bowl","Nuclear Battery","Molten Egg 2","Tiny Chest"],"potions_floor_usage":[6,16,16,31,33],"damage_taken":[{"damage":7,"enemies":"Jaw Worm","floor":1,"turns":3},{"damage":1,"enemies":"2 Louse","floor":5,"turns":3},{"damage":35,"enemies":"3 Sentries","floor":6,"turns":7},{"damage":0,"enemies":"Cultist","floor":10,"turns":2},{"damage":6,"enemies":"Looter","floor":12,"turns":2},{"damage":1,"enemies":"2 Fungi Beasts","floor":13,"turns":3},{"damage":8,"enemies":"Blue Slaver","floor":14,"turns":2},{"damage":34,"enemies":"Hexaghost","floor":16,"turns":8},{"damage":2,"enemies":"3 Byrds","floor":18,"turns":3},{"damage":19,"enemies":"Book of Stabbing","floor":24,"turns":4},{"damage":9,"enemies":"2 Thieves","floor":29,"turns":2},{"damage":19,"enemies":"Snake Plant","floor":30,"turns":4},{"damage":14,"enemies":"Shelled Parasite and Fungi","floor":31,"turns":2},{"damage":89,"enemies":"Champ","floor":33,"turns":11}],"seed_played":"-8929684125122476375","potions_obtained":[{"floor":5,"key":"SkillPotion"},{"floor":6,"key":"PowerPotion"},{"floor":12,"key":"SkillPotion"},{"floor":13,"key":"SpeedPotion"},{"floor":29,"key":"Explosive Potion"},{"floor":31,"key":"Block Potion"}],"is_trial":false,"path_per_floor":["M","?","$","?","M","E","?","R","T","M","R","M","M","M","R","B",null,"M","$","?","?","?","R","E","R","T","R","$","M","M","M","R"],"character_chosen":"DEFECT","items_purchased":["Scrape","Gash","Metamorphosis","Glacier","Bandage Up"],"campfire_rested":4,"item_purchase_floors":[3,3,19,19,28],"current_hp_per_floor":[68,68,68,73,72,37,30,54,54,56,56,50,49,41,65,31,69,67,67,67,67,51,51,34,60,60,60,60,51,36,28,55,0],"gold":49,"neow_bonus":"HUNDRED_GOLD","is_prod":false,"is_daily":false,"chose_seed":false,"campfire_upgraded":3,"win_rate":0,"timestamp":1539824403,"path_taken":["M","?","$","?","?","E","?","R","T","M","R","M","M","M","R","BOSS","M","$","?","?","?","R","E","R","T","R","$","M","M","M","R","BOSS"],"build_version":"2018-10-11","purchased_purges":1,"victory":false,"max_hp_per_floor":[75,75,75,80,80,80,80,80,80,82,82,82,82,82,82,82,82,82,82,82,82,87,87,89,89,89,89,89,89,89,91,91,91],"card_choices":[{"not_picked":["Leap","Barrage"],"picked":"Double Energy","floor":1},{"not_picked":["Sunder","Compile Driver"],"picked":"Go for the Eyes","floor":5},{"not_picked":["Reprogram","Coolheaded"],"picked":"Go for the Eyes","floor":6},{"not_picked":["Rebound","Sweeping Beam","Melter"],"picked":"Singing Bowl","floor":10},{"not_picked":["Ball Lightning","Lockon"],"picked":"Redo","floor":12},{"not_picked":["Auto Shields","Blizzard"],"picked":"Beam Cell","floor":13},{"not_picked":["BootSequence","Conserve Battery"],"picked":"Go for the Eyes","floor":14},{"not_picked":["Seek","Meteor Strike"],"picked":"All For One","floor":16},{"not_picked":["Hologram","Genetic Algorithm"],"picked":"Beam Cell","floor":18},{"not_picked":["Auto Shields","Consume","Genetic Algorithm+1"],"picked":"Singing Bowl","floor":24},{"not_picked":["Melter+1","Undo"],"picked":"Beam Cell+1","floor":29},{"not_picked":["Coolheaded","Ball Lightning+1"],"picked":"Go for the Eyes+1","floor":30},{"not_picked":["Ball Lightning+1","Reboot","Go for the Eyes+1"],"picked":"Singing Bowl","floor":31}],"player_experience":312664,"relics_obtained":[{"floor":6,"key":"Mercury Hourglass"},{"floor":9,"key":"Singing Bowl"},{"floor":24,"key":"Molten Egg 2"},{"floor":26,"key":"Tiny Chest"}],"event_choices":[{"event_name":"The Cleric","player_choice":"Card Removal","floor":2,"damage_taken":0},{"event_name":"Big Fish","player_choice":"Donut","floor":4,"damage_taken":0},{"event_name":"Scrap Ooze","player_choice":"success","floor":7,"damage_taken":7},{"event_name":"Upgrade Shrine","player_choice":"Upgraded","floor":20,"damage_taken":0},{"event_name":"Bonfire Elementals","player_choice":"BASIC","floor":21,"damage_taken":0},{"event_name":"Forgotten Altar","player_choice":"Shed Blood","floor":22,"damage_taken":0}],"is_beta":false,"boss_relics":[{"not_picked":["Velvet Choker","Coffee Dripper"],"picked":"Nuclear Battery"}],"items_purged_floors":[19],"is_endless":false,"potions_floor_spawned":[5,6,12,13,29,31],"killed_by":"Champ","ascension_level":5}