{"gold_per_floor":[117,117,117,144,158,158,168,188,269,330,349,366,366,381,381,480,480,420,360,376,392,491,491,511,511],"floor_reached":25,"playtime":929,"items_purged":["Defend_B"],"score":392,"play_id":"790e8634-62b8-4982-a237-f529542ad5ba","local_time":"20181211212028","is_ascension_mode":true,"campfire_choices":[{"data":"Zap","floor":6,"key":"SMITH"},{"data":"Defragment","floor":13,"key":"SMITH"},{"data":"Buffer","floor":15,"key":"SMITH"},{"floor":23,"key":"REST"}],"neow_cost":"NONE","seed_source_timestamp":1058558402743421,"circlet_count":0,"master_deck":["AscendersBane","Strike_B","Strike_B","Defend_B","Defend_B","Defend_B","Zap+1","Dualcast","Biased Cognition","Cold Snap","Core Surge","Consume","Defragment+1","Buffer+1","Echo Form","Defragment","Tempest+1","Cold Snap","Loop"],"relics":["Cracked Core","Question Card","Bag of Marbles","Gremlin Horn","The Courier","Empty Cage"],"potions_floor_usage":[],"damage_taken":[{"damage":1,"enemies":"2 Louse","floor":1,"turns":2},{"damage":2,"enemies":"Jaw Worm","floor":5,"turns":3},{"damage":0,"enemies":"Small Slimes","floor":7,"turns":2},{"damage":9,"enemies":"Looter","floor":8,"turns":2},{"damage":20,"enemies":"3 Sentries","floor":10,"turns":6},{"damage":8,"enemies":"Blue Slaver","floor":11,"turns":3},{"damage":0,"enemies":"2 Fungi Beasts","floor":12,"turns":2},{"damage":7,"enemies":"Red Slaver","floor":14,"turns":3},{"damage":0,"enemies":"Slime Boss","floor":16,"turns":6},{"damage":18,"enemies":"2 Thieves","floor":18,"turns":4},{"damage":0,"enemies":"Spheric Guardian","floor":20,"turns":4},{"damage":28,"enemies":"Centurion and Healer","floor":21,"turns":8},{"damage":0,"enemies":"Snecko","floor":24,"turns":4},{"damage":39,"enemies":"Book of Stabbing","floor":25,"turns":5}],"seed_played":"-5427226390271806498","potions_obtained":[{"floor":5,"key":"FearPotion"},{"floor":7,"key":"GamblersBrew"},{"floor":16,"key":"Regen Potion"}],"is_trial":false,"path_per_floor":["M","?","?","T","M","R","M","M","T","?","M","M","R","M","R","B",null,"M","$","M","M","?","R","M","E"],"character_chosen":"DEFECT","items_purchased":[],"campfire_rested":1,"item_purchase_floors":[],"current_hp_per_floor":[67,67,60,60,58,58,58,49,49,29,21,21,21,14,14,14,60,42,42,42,14,14,36,36,0],"gold":511,"neow_bonus":"ONE_RANDOM_RARE_CARD","is_prod":false,"is_daily":false,"chose_seed":false,"campfire_upgraded":3,"win_rate":0,"timestamp":1544530828,"path_taken":["M","?","?","?","M","R","M","M","T","?","M","M","R","M","R","BOSS","M","$","M","M","?","R","M","E"],"build_version":"2018-12-06","purchased_purges":1,"victory":false,"max_hp_per_floor":[75,75,75,75,75,75,75,75,75,75,75,75,75,75,75,75,75,75,75,75,75,75,75,75,75],"card_choices":[{"not_picked":["Chaos","Reprogram"],"picked":"Cold Snap","floor":1},{"not_picked":["Hologram","Steam Power","Barrage","Scrape"],"picked":"SKIP","floor":5},{"not_picked":["Hologram","Beam Cell","Turbo"],"picked":"Core Surge","floor":7},{"not_picked":["Turbo","Compile Driver","Rebound"],"picked":"Consume","floor":8},{"not_picked":["Leap","Storm","Compile Driver"],"picked":"Defragment","floor":10},{"not_picked":["Aggregate","Hologram","Recycle","Beam Cell"],"picked":"SKIP","floor":11},{"not_picked":["Tempest","Leap","Compile Driver","Redo"],"picked":"SKIP","floor":12},{"not_picked":["Hello World","Beam Cell","Force Field"],"picked":"Buffer","floor":14},{"not_picked":["Hyperbeam","Machine Learning","Biased Cognition"],"picked":"Echo Form","floor":16},{"not_picked":["Steam","Barrage","Coolheaded"],"picked":"Defragment","floor":18},{"not_picked":["Redo","Turbo","Genetic Algorithm"],"picked":"Tempest+1","floor":20},{"not_picked":["Rebound","Beam Cell","Hologram"],"picked":"Cold Snap","floor":21},{"not_picked":["Coolheaded+1","Turbo","Heatsinks+1"],"picked":"Loop","floor":24}],"player_experience":614161,"relics_obtained":[{"floor":4,"key":"Bag of Marbles"},{"floor":9,"key":"Gremlin Horn"},{"floor":10,"key":"The Courier"}],"event_choices":[{"damage_healed":0,"gold_gain":0,"player_choice":"Box","damage_taken":0,"relics_obtained":["Question Card"],"max_hp_gain":0,"max_hp_loss":0,"event_name":"Big Fish","floor":2,"gold_loss":0,"cards_obtained":["Regret"]},{"cards_removed":["Regret"],"damage_healed":0,"gold_gain":0,"player_choice":"Card Removal","damage_taken":7,"max_hp_gain":0,"max_hp_loss":0,"event_name":"Golden Wing","floor":3,"gold_loss":0},{"damage_healed":0,"gold_gain":0,"player_choice":"Searched \u00271\u0027 times","damage_taken":0,"max_hp_gain":0,"max_hp_loss":0,"event_name":"Dead Adventurer","floor":10,"gold_loss":0},{"damage_healed":0,"gold_gain":99,"player_choice":"Stole From Cult","damage_taken":0,"max_hp_gain":0,"max_hp_loss":0,"event_name":"Nest","floor":22,"gold_loss":0}],"is_beta":false,"boss_relics":[{"not_picked":["FrozenCore","Orrery"],"picked":"Empty Cage"}],"items_purged_floors":[19],"is_endless":false,"potions_floor_spawned":[5,7,8,16],"killed_by":"Book of Stabbing","ascension_level":12}