{"gold_per_floor":[117,131,131,148,168,9,9,42,42,67,67,78,111,122,122,196,196,214,231,231,260,98,98,98],"floor_reached":24,"playtime":1642,"items_purged":[],"score":457,"play_id":"d7f150a6-9bc9-49eb-bfc5-081fb9b57e1a","local_time":"20181216204621","is_ascension_mode":true,"campfire_choices":[{"floor":7.0,"key":"REST"},{"floor":11.0,"key":"REST"},{"data":"Footwork","floor":15.0,"key":"SMITH"},{"floor":23.0,"key":"REST"}],"neow_cost":"NONE","seed_source_timestamp":41720989601500,"circlet_count":0,"master_deck":["AscendersBane","Defend_G+1","Defend_G","Defend_G","Defend_G","Defend_G","Survivor","Neutralize+1","Cloak And Dagger","Sucker Punch","Deadly Poison","Poisoned Stab","Footwork+1","Terror","Adrenaline","Dagger Spray","After Image","Backflip","Night Terror","PiercingWail","Dash","Bite","Bite","Bite","Bite","Bite","Calculated Gamble"],"special_seed":0,"relics":["Runic Pyramid","Bronze Scales","Dodecahedron","Thread and Needle","Juzu Bracelet","White Beast Statue","Red Mask","Omamori"],"potions_floor_usage":[24],"damage_taken":[{"damage":4.0,"enemies":"Small Slimes","floor":1.0,"turns":4.0},{"damage":1.0,"enemies":"Jaw Worm","floor":2.0,"turns":4.0},{"damage":0.0,"enemies":"2 Louse","floor":4.0,"turns":3.0},{"damage":0.0,"enemies":"Blue Slaver","floor":5.0,"turns":4.0},{"damage":6.0,"enemies":"3 Sentries","floor":8.0,"turns":10.0},{"damage":19.0,"enemies":"Gremlin Nob","floor":10.0,"turns":4.0},{"damage":1.0,"enemies":"Gremlin Gang","floor":12.0,"turns":5.0},{"damage":4.0,"enemies":"3 Sentries","floor":13.0,"turns":9.0},{"damage":0.0,"enemies":"Red Slaver","floor":14.0,"turns":3.0},{"damage":2.0,"enemies":"Hexaghost","floor":16.0,"turns":10.0},{"damage":0.0,"enemies":"3 Byrds","floor":18.0,"turns":4.0},{"damage":0.0,"enemies":"Spheric Guardian","floor":19.0,"turns":6.0},{"damage":22.0,"enemies":"Masked Bandits","floor":21.0,"turns":6.0},{"damage":46,"enemies":"Gremlin Leader","floor":24,"turns":4}],"seed_played":"-2668013849270165105","potions_obtained":[{"floor":2.0,"key":"EssenceOfSteel"},{"floor":4.0,"key":"LiquidBronze"},{"floor":14.0,"key":"Explosive Potion"},{"floor":16.0,"key":"SteroidPotion"},{"floor":18.0,"key":"Weak Potion"},{"floor":21.0,"key":"FearPotion"}],"is_trial":false,"path_per_floor":["M","M","?","M","M","$","R","E","T","E","R","M","E","M","R","B",null,"M","M","?","?","$","R","E"],"character_chosen":"THE_SILENT","items_purchased":["Footwork","Terror","Omamori"],"campfire_rested":3,"item_purchase_floors":[6,6,22],"current_hp_per_floor":[55,54,34,34,34,34,53,47,47,28,47,46,42,42,42,40,60,60,60,46,28,28,41,0],"gold":98,"neow_bonus":"BOSS_RELIC","is_prod":false,"is_daily":false,"chose_seed":false,"campfire_upgraded":1,"win_rate":0,"timestamp":1545011181,"path_taken":["M","M","?","M","M","$","R","E","T","E","R","M","E","M","R","BOSS","M","M","?","?","$","R","E"],"build_version":"2018-11-15","purchased_purges":0,"victory":false,"max_hp_per_floor":[66,66,66,66,66,66,66,66,66,66,66,66,66,66,66,66,66,66,66,46,46,46,46,46],"card_choices":[{"not_picked":["Blade Dance","Prepared"],"picked":"Cloak And Dagger","floor":1.0},{"not_picked":["Prepared","Acrobatics"],"picked":"Sucker Punch","floor":2.0},{"not_picked":["Deflect","Acrobatics"],"picked":"Deadly Poison","floor":4.0},{"not_picked":["Dodge and Roll","Slice"],"picked":"Poisoned Stab","floor":5.0},{"not_picked":["Acrobatics","Masterful Stab","Infinite Blades"],"picked":"SKIP","floor":8.0},{"not_picked":["Bane","Well Laid Plans"],"picked":"Adrenaline","floor":10.0},{"not_picked":["Prepared","Sucker Punch"],"picked":"Dagger Spray","floor":12.0},{"not_picked":["Heel Hook","Choke"],"picked":"After Image","floor":13.0},{"not_picked":["Deadly Poison","Dagger Throw"],"picked":"Backflip","floor":14.0},{"not_picked":["A Thousand Cuts","Die Die Die"],"picked":"Night Terror","floor":16.0},{"not_picked":["Cloak And Dagger","Dagger Throw"],"picked":"PiercingWail","floor":18.0},{"not_picked":["Choke+1","Phantasmal Killer"],"picked":"Dash","floor":19.0},{"not_picked":["Heel Hook","Caltrops"],"picked":"Calculated Gamble","floor":21.0}],"player_experience":1838928,"relics_obtained":[{"floor":8.0,"key":"Bronze Scales"},{"floor":9.0,"key":"Dodecahedron"},{"floor":10.0,"key":"Thread and Needle"},{"floor":13.0,"key":"Juzu Bracelet"},{"floor":21.0,"key":"Red Mask"}],"event_choices":[{"damage_healed":0.0,"max_hp_gain":0.0,"max_hp_loss":0.0,"gold_gain":0.0,"event_name":"Shining Light","player_choice":"Entered Light","floor":3.0,"gold_loss":0.0,"damage_taken":20.0,"cards_upgraded":["Defend_G","Neutralize"]},{"damage_healed":0.0,"max_hp_gain":0.0,"max_hp_loss":20.0,"gold_gain":0.0,"event_name":"Vampires","player_choice":"Became a vampire","floor":20.0,"gold_loss":0.0,"damage_taken":0.0,"cards_obtained":["Bite","Bite","Bite","Bite","Bite"]},{"damage_healed":0.0,"max_hp_gain":0.0,"max_hp_loss":0.0,"gold_gain":0.0,"event_name":"Masked Bandits","player_choice":"Fought Bandits","floor":21.0,"gold_loss":0.0,"damage_taken":0.0}],"is_beta":true,"boss_relics":[{"not_picked":["Tiny House","Calling Bell"],"picked":"White Beast Statue"}],"items_purged_floors":[],"is_endless":false,"potions_floor_spawned":[2,4,14,16,18,19,21],"killed_by":"Gremlin Leader","ascension_level":20}