{"gold_per_floor":[119,138,63,77,87,120,120,120,120,130,150,150,167,167,167,262,262,277,288,213,225,68,68,88,100,100,100,129,148,161,195,195,195],"floor_reached":33,"playtime":1207,"items_purged":["Regret"],"score":318,"play_id":"085f4aef-5369-4622-a578-56f0eed53b10","local_time":"20190203230255","is_ascension_mode":false,"campfire_choices":[{"data":"Perfected Strike","floor":7.0,"key":"SMITH"},{"floor":15.0,"key":"REST"},{"data":"Perfected Strike","floor":23.0,"key":"SMITH"},{"data":"Immolate","floor":27.0,"key":"SMITH"},{"data":"Wild Strike","floor":32.0,"key":"SMITH"}],"neow_cost":"CURSE","seed_source_timestamp":2240666095559041,"circlet_count":0,"master_deck":["Strike_R","Strike_R","Strike_R","Strike_R","Strike_R","Defend_R","Defend_R","Defend_R","Defend_R","Cleave","Perfected Strike+1","Pommel Strike","Battle Trance","Twin Strike","Perfected Strike+1","Immolate+1","Wild Strike+1","Shrug It Off+1","Spot Weakness+1","Ghostly Armor"],"special_seed":0,"relics":["Burning Blood","Champion Belt","Smiling Mask","Question Card","Matryoshka","Busted Crown","PreservedInsect","Bag of Marbles","Bottled Lightning","Mummified Hand","Letter Opener"],"potions_floor_usage":[],"damage_taken":[{"damage":14.0,"enemies":"Jaw Worm","floor":1.0,"turns":4.0},{"damage":2.0,"enemies":"2 Louse","floor":2.0,"turns":3.0},{"damage":0.0,"enemies":"Small Slimes","floor":4.0,"turns":3.0},{"damage":15.0,"enemies":"Gremlin Gang","floor":5.0,"turns":4.0},{"damage":27.0,"enemies":"Gremlin Nob","floor":6.0,"turns":4.0},{"damage":16.0,"enemies":"Exordium Thugs","floor":10.0,"turns":3.0},{"damage":8.0,"enemies":"Red Slaver","floor":11.0,"turns":2.0},{"damage":0.0,"enemies":"2 Fungi Beasts","floor":13.0,"turns":1.0},{"damage":16.0,"enemies":"Slime Boss","floor":16.0,"turns":8.0},{"damage":0.0,"enemies":"Spheric Guardian","floor":18.0,"turns":3.0},{"damage":21.0,"enemies":"Shell Parasite","floor":19.0,"turns":5.0},{"damage":7.0,"enemies":"Centurion and Healer","floor":21.0,"turns":4.0},{"damage":0.0,"enemies":"Snecko","floor":24.0,"turns":3.0},{"damage":0.0,"enemies":"Snake Plant","floor":25.0,"turns":2.0},{"damage":5.0,"enemies":"Book of Stabbing","floor":28.0,"turns":3.0},{"damage":16.0,"enemies":"Shelled Parasite and Fungi","floor":29.0,"turns":4.0},{"damage":6.0,"enemies":"Centurion and Healer","floor":30.0,"turns":4.0},{"damage":0.0,"enemies":"Slavers","floor":31.0,"turns":1.0},{"damage":75,"enemies":"Automaton","floor":33,"turns":6}],"seed_played":"3678602156652727505","potions_obtained":[{"floor":2.0,"key":"Strength Potion"},{"floor":5.0,"key":"GamblersBrew"},{"floor":10.0,"key":"GamblersBrew"},{"floor":11.0,"key":"AttackPotion"},{"floor":21.0,"key":"EssenceOfSteel"},{"floor":31.0,"key":"Weak Potion"}],"is_trial":false,"path_per_floor":["M","M","$","M","M","E","R","?","T","M","M","?","M","?","R","B",null,"M","M","?","M","$","R","M","M","T","R","E","M","M","E","R","B"],"character_chosen":"IRONCLAD","items_purchased":["PreservedInsect"],"campfire_rested":1,"item_purchase_floors":[22],"current_hp_per_floor":[72,76,76,80,71,50,50,43,43,33,31,13,19,19,43,33,80,80,65,65,64,64,64,70,76,76,76,77,67,67,73,73,0],"gold":195,"neow_bonus":"ONE_RARE_RELIC","is_prod":false,"is_daily":false,"chose_seed":false,"campfire_upgraded":4,"win_rate":0.0,"timestamp":1549270975,"path_taken":["M","M","$","M","M","E","R","?","T","M","M","?","M","?","R","BOSS","M","M","?","M","$","R","M","M","T","R","E","M","M","E","R","BOSS"],"build_version":"2019-01-23","purchased_purges":1,"victory":false,"max_hp_per_floor":[80,80,80,80,80,80,80,80,80,80,80,80,80,80,80,80,80,80,80,80,80,80,80,80,80,80,80,80,80,80,80,80,80],"card_choices":[{"not_picked":["Havoc","True Grit"],"picked":"Dropkick","floor":1.0},{"not_picked":["Body Slam","Armaments"],"picked":"Cleave","floor":2.0},{"not_picked":["Combust","Warcry"],"picked":"Perfected Strike","floor":4.0},{"not_picked":["Battle Trance","Havoc"],"picked":"Pommel Strike","floor":5.0},{"not_picked":["Pommel Strike","Sword Boomerang"],"picked":"Battle Trance","floor":6.0},{"not_picked":["True Grit","Anger","Metallicize"],"picked":"Twin Strike","floor":10.0},{"not_picked":["Shockwave","Rupture","Clothesline"],"picked":"Perfected Strike","floor":11.0},{"not_picked":["Reckless Charge","True Grit","Clothesline","Berserk"],"picked":"SKIP","floor":13.0},{"not_picked":["Exhume","Juggernaut","Fiend Fire"],"picked":"Immolate","floor":16.0},{"not_picked":["Shrug It Off","Clash+1"],"picked":"SKIP","floor":18.0},{"not_picked":["Havoc"],"picked":"Wild Strike","floor":19.0},{"not_picked":["Warcry","Iron Wave"],"picked":"SKIP","floor":21.0},{"not_picked":["Intimidate"],"picked":"Shrug It Off+1","floor":24.0},{"not_picked":["Pommel Strike"],"picked":"Spot Weakness+1","floor":25.0},{"not_picked":["Iron Wave"],"picked":"Ghostly Armor","floor":28.0},{"not_picked":["Havoc+1","True Grit"],"picked":"SKIP","floor":29.0},{"not_picked":["Havoc","Headbutt"],"picked":"SKIP","floor":30.0},{"not_picked":["Fiend Fire","Warcry"],"picked":"SKIP","floor":31.0}],"player_experience":83112,"relics_obtained":[{"floor":6.0,"key":"Smiling Mask"},{"floor":9.0,"key":"Question Card"},{"floor":26.0,"key":"Bag of Marbles"},{"floor":26.0,"key":"Bottled Lightning"},{"floor":28.0,"key":"Mummified Hand"},{"floor":31.0,"key":"Letter Opener"}],"event_choices":[{"cards_removed":["Bash"],"damage_healed":0.0,"max_hp_gain":0.0,"max_hp_loss":0.0,"gold_gain":0.0,"event_name":"Golden Wing","player_choice":"Card Removal","floor":8.0,"gold_loss":0.0,"damage_taken":7.0},{"damage_healed":0.0,"max_hp_gain":0.0,"max_hp_loss":0.0,"gold_gain":0.0,"event_name":"Scrap Ooze","player_choice":"Success","floor":12.0,"gold_loss":0.0,"damage_taken":18.0,"relics_obtained":["Matryoshka"]},{"damage_healed":0.0,"max_hp_gain":0.0,"max_hp_loss":0.0,"gold_gain":0.0,"event_name":"Golden Idol","player_choice":"Ignored","floor":14.0,"gold_loss":0.0,"damage_taken":0.0},{"cards_removed":["Dropkick"],"damage_healed":0.0,"max_hp_gain":0.0,"max_hp_loss":0.0,"gold_gain":0.0,"event_name":"Beggar","player_choice":"Gave Gold","floor":20.0,"gold_loss":75.0,"damage_taken":0.0}],"is_beta":false,"boss_relics":[{"not_picked":["Coffee Dripper","Cursed Key"],"picked":"Busted Crown"}],"items_purged_floors":[3],"is_endless":false,"potions_floor_spawned":[2,5,10,11,21,24,31],"killed_by":"Automaton","ascension_level":0}