{"gold_per_floor":[15,33,33,47,66,66,97,115,141,155,155,170,190,190],"floor_reached":14,"playtime":739,"items_purged":[],"score":125,"play_id":"e1a5b256-fd83-4bf6-8a41-7ef1e9b9171a","local_time":"20190207002529","is_ascension_mode":true,"campfire_choices":[{"floor":6,"key":"REST"},{"floor":11,"key":"REST"}],"neow_cost":"NO_GOLD","seed_source_timestamp":161968760671048,"circlet_count":0,"master_deck":["Strike_R","Strike_R","Strike_R","Strike_R","Defend_R","Defend_R","Defend_R","Bash","Whirlwind","Berserk","Headbutt","Blood for Blood","Sever Soul","Blood for Blood","Impervious","Corruption","Cleave","Sentinel","Twin Strike"],"relics":["Burning Blood","Strawberry","Vajra"],"potions_floor_usage":[],"damage_taken":[{"damage":25,"enemies":"Small Slimes","floor":1,"turns":3},{"damage":11,"enemies":"Cultist","floor":2,"turns":4},{"damage":2,"enemies":"Jaw Worm","floor":4,"turns":3},{"damage":30,"enemies":"Large Slime","floor":5,"turns":7},{"damage":40,"enemies":"3 Sentries","floor":7,"turns":6},{"damage":12,"enemies":"Exordium Wildlife","floor":8,"turns":5},{"damage":6,"enemies":"Looter","floor":10,"turns":3},{"damage":30,"enemies":"Lots of Slimes","floor":12,"turns":4},{"damage":16,"enemies":"Blue Slaver","floor":13,"turns":4},{"damage":20,"enemies":"Lagavulin","floor":14,"turns":2}],"seed_played":"2245269190159159445","potions_obtained":[{"floor":2,"key":"AttackPotion"},{"floor":5,"key":"SteroidPotion"},{"floor":8,"key":"SpeedPotion"}],"is_trial":false,"path_per_floor":["M","M","?","M","M","R","E","M","T","M","R","M","M","E"],"character_chosen":"IRONCLAD","items_purchased":[],"campfire_rested":2,"item_purchase_floors":[],"current_hp_per_floor":[53,48,48,52,28,52,25,19,19,19,45,21,11,0],"gold":190,"neow_bonus":"TRANSFORM_TWO_CARDS","is_prod":false,"is_daily":false,"chose_seed":false,"campfire_upgraded":0,"win_rate":0,"timestamp":1549527929,"path_taken":["M","M","?","M","M","R","E","M","T","M","R","M","M","E"],"build_version":"2019-01-23","purchased_purges":0,"victory":false,"max_hp_per_floor":[80,80,80,80,80,80,87,87,87,87,87,87,87,87],"card_choices":[{"not_picked":["Whirlwind","Flex"],"picked":"Headbutt","floor":1},{"not_picked":["Perfected Strike","Pommel Strike"],"picked":"Blood for Blood","floor":2},{"not_picked":["Fire Breathing","Twin Strike"],"picked":"Sever Soul","floor":4},{"not_picked":["Heavy Blade","Rage"],"picked":"Blood for Blood","floor":5},{"not_picked":["Carnage","Rampage"],"picked":"Impervious","floor":7},{"not_picked":["Havoc","Twin Strike"],"picked":"Corruption","floor":8},{"not_picked":["Carnage","Body Slam"],"picked":"Cleave","floor":10},{"not_picked":["Twin Strike","Warcry"],"picked":"Sentinel","floor":12},{"not_picked":["Warcry","Heavy Blade"],"picked":"Twin Strike","floor":13}],"player_experience":469109,"relics_obtained":[{"floor":7,"key":"Strawberry"},{"floor":9,"key":"Vajra"}],"event_choices":[{"damage_healed":0,"gold_gain":0,"player_choice":"Ignored","damage_taken":0,"max_hp_gain":0,"max_hp_loss":0,"event_name":"Liars Game","floor":3,"gold_loss":0}],"is_beta":false,"boss_relics":[],"items_purged_floors":[],"is_endless":false,"potions_floor_spawned":[2,5,8,12,13],"killed_by":"Lagavulin","ascension_level":6}