{"gold_per_floor":[109,129,129,129,144,169,189,189,189,201],"floor_reached":10,"playtime":398,"items_purged":[],"score":82,"play_id":"47925f86-efc1-4dbd-83c2-addf6dbd5ab2","local_time":"20190124202808","is_ascension_mode":true,"campfire_choices":[{"floor":8,"key":"REST"}],"neow_cost":"NONE","seed_source_timestamp":591220591139067,"circlet_count":0,"master_deck":["Strike_B","Strike_B","Strike_B","Defend_B","Defend_B","Defend_B","Defend_B","Zap+1","Dualcast","Forethought","Leap+1","Go for the Eyes","Rebound","Consume","Genetic Algorithm"],"relics":["Cracked Core","Lantern","MawBank"],"potions_floor_usage":[6,10],"damage_taken":[{"damage":7,"enemies":"2 Louse","floor":1,"turns":3},{"damage":2,"enemies":"Jaw Worm","floor":2,"turns":3},{"damage":1,"enemies":"Cultist","floor":5,"turns":3},{"damage":47,"enemies":"Gremlin Nob","floor":6,"turns":6},{"damage":0,"enemies":"Exordium Wildlife","floor":7,"turns":3},{"damage":25,"enemies":"Gremlin Gang","floor":10,"turns":2}],"seed_played":"8848176360240515144","potions_obtained":[{"floor":2,"key":"SkillPotion"},{"floor":6,"key":"FocusPotion"}],"is_trial":false,"path_per_floor":["M","M","?","?","M","E","M","R","T","M"],"character_chosen":"DEFECT","items_purchased":[],"campfire_rested":1,"item_purchase_floors":[],"current_hp_per_floor":[68,66,51,51,50,3,3,25,25,0],"gold":201,"neow_bonus":"RANDOM_COLORLESS","is_prod":false,"is_daily":false,"chose_seed":false,"campfire_upgraded":0,"win_rate":0,"timestamp":1548390488,"path_taken":["M","M","?","?","M","E","M","R","T","?"],"build_version":"2019-01-23","purchased_purges":0,"victory":false,"max_hp_per_floor":[75,75,75,75,75,75,75,75,75,75],"card_choices":[{"not_picked":["Aggregate","Steam"],"picked":"Leap","floor":1},{"not_picked":["Coolheaded","Darkness"],"picked":"Go for the Eyes","floor":2},{"not_picked":["Barrage","BootSequence"],"picked":"Rebound","floor":5},{"not_picked":["FTL","Gash"],"picked":"Consume","floor":6},{"not_picked":["Tempest","Doom and Gloom"],"picked":"Genetic Algorithm","floor":7}],"player_experience":353096,"relics_obtained":[{"floor":6,"key":"Lantern"},{"floor":9,"key":"MawBank"}],"event_choices":[{"damage_healed":0,"gold_gain":0,"player_choice":"Entered Light","damage_taken":15,"max_hp_gain":0,"max_hp_loss":0,"event_name":"Shining Light","floor":3,"gold_loss":0,"cards_upgraded":["Zap","Leap"]},{"cards_removed":["Strike_B"],"damage_healed":0,"gold_gain":0,"player_choice":"Card Removal","damage_taken":0,"max_hp_gain":0,"max_hp_loss":0,"event_name":"Wheel of Change","floor":4,"gold_loss":0}],"is_beta":false,"boss_relics":[],"items_purged_floors":[],"is_endless":false,"potions_floor_spawned":[2,6],"killed_by":"Gremlin Gang","ascension_level":4}