{"gold_per_floor":[113,1,1,15,25,25,57,57,57,92,92,92,108,73,73,145,145,160,32,51,51,51,51,71,82,106,119,119,150,164,196,196,270,270,280,280,633,643,64,64,90,90,90,90,116,130,150,177,177,177,177],"floor_reached":51,"playtime":4212,"items_purged":["Strike_G"],"score":1691,"play_id":"6b4280bf-6bb2-4c1c-ad60-adfcbaea8330","local_time":"20181207015904","is_ascension_mode":true,"campfire_choices":[{"data":"Poisoned Stab","floor":6,"key":"SMITH"},{"floor":8,"key":"REST"},{"data":"Footwork","floor":11,"key":"SMITH"},{"floor":15,"key":"REST"},{"data":"Corpse Explosion","floor":23,"key":"SMITH"},{"floor":28,"key":"REST"},{"floor":32,"key":"REST"},{"floor":40,"key":"REST"},{"data":"Catalyst","floor":42,"key":"SMITH"},{"floor":44,"key":"REST"},{"floor":49,"key":"REST"}],"neow_cost":"NONE","seed_source_timestamp":419981669479700,"circlet_count":0,"master_deck":["AscendersBane","Defend_G","Defend_G","Defend_G","Defend_G","Defend_G","Strike_G","Strike_G","Strike_G","Strike_G","Survivor","Neutralize","Backflip","Cloak And Dagger","Footwork+1","Leg Sweep","Poisoned Stab+1","Corpse Explosion+1","Sucker Punch","Well Laid Plans","Malaise","Predator","Catalyst+1","Infinite Blades","Dodge and Roll","Choke","Crippling Poison","PiercingWail","Cloak And Dagger","Bullet Time","Dash","Night Terror","Catalyst","Dodge and Roll+1","Acrobatics+1","Bullet Time","Dash","After Image"],"relics":["WristBlade","Shuriken","Ornamental Fan","Boot","Snecko Eye","Snake Skull","Shovel","PreservedInsect","Cursed Key","Old Coin","DollysMirror","Dodecahedron","Bag of Marbles","Blood Vial"],"potions_floor_usage":[10,16,20,29,29,31,50,50],"damage_taken":[{"damage":1,"enemies":"Small Slimes","floor":1,"turns":5},{"damage":0,"enemies":"2 Louse","floor":4,"turns":3},{"damage":5,"enemies":"Cultist","floor":5,"turns":5},{"damage":30,"enemies":"3 Sentries","floor":7,"turns":13},{"damage":6,"enemies":"Lagavulin","floor":10,"turns":7},{"damage":4,"enemies":"Gremlin Gang","floor":13,"turns":9},{"damage":23,"enemies":"Slime Boss","floor":16,"turns":10},{"damage":5,"enemies":"Shell Parasite","floor":18,"turns":6},{"damage":13,"enemies":"Spheric Guardian","floor":20,"turns":6},{"damage":17,"enemies":"Shelled Parasite and Fungi","floor":24,"turns":4},{"damage":11,"enemies":"Snake Plant","floor":25,"turns":6},{"damage":0,"enemies":"3 Cultists","floor":27,"turns":3},{"damage":2,"enemies":"Book of Stabbing","floor":29,"turns":4},{"damage":10,"enemies":"Centurion and Healer","floor":30,"turns":3},{"damage":0,"enemies":"Gremlin Leader","floor":31,"turns":5},{"damage":2,"enemies":"Collector","floor":33,"turns":11},{"damage":0,"enemies":"3 Shapes","floor":35,"turns":4},{"damage":41,"enemies":"2 Orb Walkers","floor":37,"turns":4},{"damage":10,"enemies":"Orb Walker","floor":38,"turns":4},{"damage":0,"enemies":"Giant Head","floor":41,"turns":6},{"damage":6,"enemies":"Nemesis","floor":45,"turns":5},{"damage":0,"enemies":"Sphere and 2 Shapes","floor":46,"turns":5},{"damage":1,"enemies":"Jaw Worm Horde","floor":47,"turns":3},{"damage":0,"enemies":"Giant Head","floor":48,"turns":4},{"damage":57,"enemies":"Time Eater","floor":50,"turns":21},{"damage":16,"enemies":"Donu and Deca","floor":51,"turns":7}],"seed_played":"-5170460519694100448","potions_obtained":[{"floor":4,"key":"AttackPotion"},{"floor":7,"key":"Energy Potion"},{"floor":13,"key":"Block Potion"},{"floor":16,"key":"Energy Potion"},{"floor":24,"key":"FearPotion"},{"floor":29,"key":"Explosive Potion"},{"floor":35,"key":"PowerPotion"}],"is_trial":false,"path_per_floor":["M","$","?","M","M","R","E","R","T","E","R","?","M","?","R","B",null,"M","$","M","?","?","R","M","M","T","M","R","E","M","E","R","B",null,"M","?","?","M","$","R","E","R","T","R","E","M","M","E","R","B","B"],"character_chosen":"THE_SILENT","items_purchased":["Cloak And Dagger","Footwork","Catalyst","Infinite Blades","DollysMirror","Dash","SkillPotion","After Image"],"campfire_rested":7,"item_purchase_floors":[2,2,19,19,39,39,39,39],"current_hp_per_floor":[58,58,63,63,58,58,28,49,49,43,43,17,13,30,51,28,60,55,55,42,42,42,42,25,14,14,14,35,33,23,23,44,42,64,64,64,23,13,13,34,34,34,34,55,49,49,48,48,69,14,0],"gold":177,"neow_bonus":"BOSS_RELIC","is_prod":false,"is_daily":false,"chose_seed":false,"campfire_upgraded":4,"win_rate":0,"timestamp":1544165944,"path_taken":["M","$","?","M","M","R","E","R","T","E","R","?","M","?","R","BOSS","M","$","M","?","?","R","?","?","T","M","R","E","?","E","R","BOSS","M","?","?","M","$","R","E","R","T","R","E","M","M","E","R","BOSS","BOSS"],"build_version":"2018-11-15","purchased_purges":1,"victory":false,"max_hp_per_floor":[66,66,71,71,71,71,71,71,71,71,71,71,71,71,71,71,71,71,71,71,71,71,71,71,71,71,71,71,71,71,71,71,71,71,71,71,71,71,71,71,71,71,71,71,71,71,71,71,71,71,71],"card_choices":[{"not_picked":["Flying Knee","Blur"],"picked":"Backflip","floor":1},{"not_picked":["Deflect","Riddle With Holes"],"picked":"Leg Sweep","floor":4},{"not_picked":["Quick Slash","Cloak And Dagger"],"picked":"Poisoned Stab","floor":5},{"not_picked":["Sucker Punch","Accuracy"],"picked":"Corpse Explosion","floor":7},{"not_picked":["Acrobatics","Masterful Stab"],"picked":"Sucker Punch","floor":10},{"not_picked":["Poisoned Stab","Predator"],"picked":"Well Laid Plans","floor":13},{"not_picked":["Venomology","Storm of Steel"],"picked":"Malaise","floor":16},{"not_picked":["Dagger Throw","Distraction"],"picked":"Predator","floor":18},{"not_picked":["Escape Plan","Poisoned Stab"],"picked":"Dodge and Roll","floor":20},{"not_picked":["Dodge and Roll","Bane"],"picked":"Choke","floor":24},{"not_picked":["Calculated Gamble","Outmaneuver"],"picked":"Crippling Poison","floor":25},{"not_picked":["Slice","Deflect"],"picked":"PiercingWail","floor":27},{"not_picked":["PiercingWail","Prepared"],"picked":"Cloak And Dagger","floor":29},{"not_picked":["Skewer","Cloak And Dagger"],"picked":"Bullet Time","floor":30},{"not_picked":["Outmaneuver","Skewer+1"],"picked":"Dash","floor":31},{"not_picked":["Phantasmal Killer","Storm of Steel"],"picked":"Night Terror","floor":33},{"not_picked":["Dodge and Roll","Concentrate"],"picked":"Catalyst","floor":35},{"not_picked":["Escape Plan","Flying Knee"],"picked":"Dodge and Roll+1","floor":37},{"not_picked":["Skewer","Bane"],"picked":"Acrobatics+1","floor":38},{"not_picked":["Setup+1","Quick Slash","Terror"],"picked":"SKIP","floor":41},{"not_picked":["Concentrate","Reflex+1","Masterful Stab"],"picked":"SKIP","floor":45},{"not_picked":["Poisoned Stab+1","Dagger Spray","Unload"],"picked":"SKIP","floor":46},{"not_picked":["Tactician","Acrobatics","Heel Hook"],"picked":"SKIP","floor":47},{"not_picked":["Poisoned Stab","Envenom","Sucker Punch"],"picked":"SKIP","floor":48}],"player_experience":1763522,"relics_obtained":[{"floor":7,"key":"Shuriken"},{"floor":9,"key":"Ornamental Fan"},{"floor":10,"key":"Boot"},{"floor":26,"key":"Snake Skull"},{"floor":29,"key":"Shovel"},{"floor":31,"key":"PreservedInsect"},{"floor":37,"key":"Old Coin"},{"floor":41,"key":"Dodecahedron"},{"floor":45,"key":"Bag of Marbles"},{"floor":48,"key":"Blood Vial"}],"event_choices":[{"damage_healed":0,"gold_gain":0,"player_choice":"Donut","damage_taken":0,"max_hp_gain":5,"max_hp_loss":0,"event_name":"Big Fish","floor":3,"gold_loss":0},{"damage_healed":0,"gold_gain":0,"player_choice":"Fled","damage_taken":26,"max_hp_gain":0,"max_hp_loss":0,"event_name":"Scrap Ooze","floor":12,"gold_loss":0},{"damage_healed":17,"gold_gain":0,"player_choice":"Healed","damage_taken":0,"max_hp_gain":0,"max_hp_loss":0,"event_name":"The Cleric","floor":14,"gold_loss":35},{"damage_healed":0,"gold_gain":0,"player_choice":"Ignored","damage_taken":0,"max_hp_gain":0,"max_hp_loss":0,"event_name":"Beggar","floor":21,"gold_loss":0},{"damage_healed":0,"gold_gain":0,"player_choice":"Leave","damage_taken":0,"max_hp_gain":0,"max_hp_loss":0,"event_name":"FaceTrader","floor":22,"gold_loss":0},{"damage_healed":0,"gold_gain":0,"player_choice":"Ignored","damage_taken":0,"max_hp_gain":0,"max_hp_loss":0,"event_name":"Tomb of Lord Red Mask","floor":36,"gold_loss":0},{"damage_healed":0,"gold_gain":0,"player_choice":"Fight","damage_taken":0,"max_hp_gain":0,"max_hp_loss":0,"event_name":"Mysterious Sphere","floor":37,"gold_loss":0}],"is_beta":true,"boss_relics":[{"not_picked":["Busted Crown","Fusion Hammer"],"picked":"Snecko Eye"},{"not_picked":["Runic Pyramid","Empty Cage"],"picked":"Cursed Key"}],"items_purged_floors":[39],"is_endless":false,"potions_floor_spawned":[4,7,13,16,24,25,29,35,41,45],"killed_by":"Donu and Deca","ascension_level":20}