{"gold_per_floor":[110,110,120,130,130,162,162,196,196,206,24,24,24],"floor_reached":13,"playtime":254,"items_purged":[],"score":140,"play_id":"a9a8643d-0b12-4bde-b7a9-c35c17a95ac0","local_time":"20181217202122","is_ascension_mode":true,"campfire_choices":[{"data":"Glacier","floor":7,"key":"SMITH"}],"neow_cost":"NONE","seed_source_timestamp":278654439754650,"circlet_count":0,"master_deck":["AscendersBane","Strike_B","Strike_B","Strike_B","Strike_B","Defend_B","Defend_B","Defend_B","Defend_B","Zap","Dualcast","Redo","BootSequence","Glacier+1","Seek","HandOfGreed"],"relics":["Cracked Core","NeowsBlessing","Boot","Letter Opener","WingedGreaves","Happy Flower"],"potions_floor_usage":[6,8],"damage_taken":[{"damage":0,"enemies":"Small Slimes","floor":1,"turns":1},{"damage":0,"enemies":"Cultist","floor":3,"turns":1},{"damage":0,"enemies":"Jaw Worm","floor":4,"turns":1},{"damage":35,"enemies":"3 Sentries","floor":6,"turns":6},{"damage":32,"enemies":"Gremlin Nob","floor":8,"turns":5},{"damage":0,"enemies":"Lots of Slimes","floor":10,"turns":3},{"damage":0,"enemies":"3 Sentries","floor":13,"turns":1}],"seed_played":"4659148004464295393","potions_obtained":[{"floor":2,"key":"SteroidPotion"},{"floor":2,"key":"GamblersBrew"},{"floor":2,"key":"GamblersBrew"},{"floor":3,"key":"AttackPotion"}],"is_trial":false,"path_per_floor":["M","?","M","M","?","E","R","E","T","M","$","?","E"],"character_chosen":"DEFECT","items_purchased":["HandOfGreed"],"campfire_rested":0,"item_purchase_floors":[11],"current_hp_per_floor":[68,68,68,68,68,33,33,1,1,1,1,26,26],"gold":24,"neow_bonus":"THREE_ENEMY_KILL","is_prod":false,"is_daily":false,"chose_seed":false,"campfire_upgraded":1,"win_rate":0,"timestamp":1545096082,"path_taken":["M","?","?","M","?","E","R","E","T","?","?","?","E"],"build_version":"2018-12-13","purchased_purges":0,"victory":false,"max_hp_per_floor":[75,75,75,75,75,75,75,75,75,75,75,75,75],"card_choices":[{"not_picked":["Compile Driver","Leap"],"picked":"Blizzard","floor":1},{"not_picked":["Doom and Gloom","Reprogram"],"picked":"Redo","floor":3},{"not_picked":["Reinforced Body","Beam Cell"],"picked":"BootSequence","floor":4},{"not_picked":["Compile Driver","Thunder Strike"],"picked":"Glacier","floor":6},{"not_picked":["Rebound","Loop"],"picked":"Seek","floor":8},{"not_picked":["Stack","Hologram","Beam Cell"],"picked":"SKIP","floor":10}],"player_experience":366447,"relics_obtained":[{"floor":6,"key":"Letter Opener"},{"floor":8,"key":"WingedGreaves"},{"floor":9,"key":"Happy Flower"}],"event_choices":[{"damage_healed":0,"gold_gain":0,"player_choice":"Got Potions","damage_taken":0,"max_hp_gain":0,"max_hp_loss":0,"event_name":"Lab","floor":2,"gold_loss":0},{"cards_removed":["Blizzard"],"damage_healed":0,"gold_gain":0,"player_choice":"Gave Card","damage_taken":0,"relics_obtained":["Boot"],"max_hp_gain":0,"max_hp_loss":0,"event_name":"WeMeetAgain","floor":5,"gold_loss":0},{"damage_healed":25,"gold_gain":0,"player_choice":"Banana","damage_taken":0,"max_hp_gain":0,"max_hp_loss":0,"event_name":"Big Fish","floor":12,"gold_loss":0}],"is_beta":false,"boss_relics":[],"items_purged_floors":[],"is_endless":false,"potions_floor_spawned":[3,4],"killed_by":"3 Sentries","ascension_level":10}