{"gold_per_floor":[361,361,213,232,242,242,257,257,309,309],"floor_reached":10,"playtime":239,"items_purged":[],"score":113,"play_id":"aa6eb609-d48f-41c8-ad4e-a5fe8be7c0b8","local_time":"20190111210346","is_ascension_mode":true,"campfire_choices":[{"data":"Zap","floor":6,"key":"SMITH"},{"data":"Dualcast","floor":8,"key":"SMITH"}],"neow_cost":"TEN_PERCENT_HP_LOSS","seed_source_timestamp":2174812965900471,"circlet_count":0,"master_deck":["AscendersBane","Strike_B","Strike_B","Strike_B","Strike_B","Defend_B","Defend_B","Defend_B","Defend_B","Zap+1","Dualcast+1","Coolheaded"],"relics":["Cracked Core","Bag of Marbles","Pen Nib","Art of War"],"potions_floor_usage":[],"damage_taken":[{"damage":2,"enemies":"2 Louse","floor":1,"turns":2},{"damage":1,"enemies":"Cultist","floor":4,"turns":3},{"damage":4,"enemies":"Jaw Worm","floor":5,"turns":4},{"damage":6,"enemies":"Blue Slaver","floor":7,"turns":4},{"damage":29,"enemies":"Exordium Wildlife","floor":10,"turns":3}],"seed_played":"-224789311783175049","potions_obtained":[],"is_trial":false,"path_per_floor":["M","?","?","M","M","R","M","R","T","M"],"character_chosen":"DEFECT","items_purchased":[],"campfire_rested":0,"item_purchase_floors":[],"current_hp_per_floor":[62,27,27,26,22,22,16,16,16,0],"gold":309,"neow_bonus":"TWO_FIFTY_GOLD","is_prod":false,"is_daily":false,"chose_seed":false,"campfire_upgraded":2,"win_rate":0,"timestamp":1547208226,"path_taken":["M","?","?","M","M","R","M","R","T","?"],"build_version":"2019-01-10","purchased_purges":0,"victory":false,"max_hp_per_floor":[64,64,64,64,64,64,64,64,64,64],"card_choices":[{"not_picked":["Stack","Turbo","Compile Driver"],"picked":"SKIP","floor":1},{"not_picked":["Rip and Tear","Skim","Stack"],"picked":"SKIP","floor":4},{"not_picked":["Fusion","Lockon","Aggregate"],"picked":"SKIP","floor":5},{"not_picked":["Steam","Scrape"],"picked":"Coolheaded","floor":7}],"player_experience":826244,"relics_obtained":[{"floor":9,"key":"Art of War"}],"event_choices":[{"damage_healed":0,"gold_gain":0,"player_choice":"Success","damage_taken":35,"relics_obtained":["Bag of Marbles"],"max_hp_gain":0,"max_hp_loss":0,"event_name":"Scrap Ooze","floor":2,"gold_loss":0},{"damage_healed":0,"gold_gain":0,"player_choice":"Paid Gold","damage_taken":0,"relics_obtained":["Pen Nib"],"max_hp_gain":0,"max_hp_loss":0,"event_name":"WeMeetAgain","floor":3,"gold_loss":148}],"is_beta":false,"boss_relics":[],"items_purged_floors":[],"is_endless":false,"potions_floor_spawned":[],"killed_by":"Exordium Wildlife","ascension_level":19}