{"gold_per_floor":[118,135,310,310,325,358,358,385,385,385,400,500,500,513,513,608,608,623,15,29,40,51,51,63,97,97,97],"floor_reached":27,"playtime":2922,"items_purged":[],"score":282,"play_id":"df35c9fc-8d5a-4e51-8be3-a7fd42a77fc5","local_time":"20190121212209","is_ascension_mode":true,"campfire_choices":[{"floor":7,"key":"REST"},{"data":"1","floor":10,"key":"LIFT"},{"floor":13,"key":"REST"},{"data":"2","floor":15,"key":"LIFT"},{"floor":23,"key":"REST"}],"neow_cost":"NONE","seed_source_timestamp":680526385531758,"circlet_count":0,"master_deck":["Survivor","Neutralize","Backflip","Infinite Blades","Dodge and Roll","Dash","Dash","Caltrops","Dagger Spray","Night Terror","Burst","Bouncing Flask","Heel Hook","Leg Sweep","Noxious Fumes","Bouncing Flask","Heel Hook","Bullet Time","Glass Knife","Bouncing Flask","Backflip","Well Laid Plans","Backflip","Dash","Backflip","Cloak And Dagger","Tools of the Trade"],"relics":["Ring of the Snake","Bottled Lightning","Tough Bandages","Girya","Pandora\u0027s Box","Bottled Tornado","Frozen Eye","Blood Vial","Tingsha"],"potions_floor_usage":[6,6,8,8,16,21,22],"damage_taken":[{"damage":0,"enemies":"Cultist","floor":1,"turns":5},{"damage":0,"enemies":"Small Slimes","floor":2,"turns":3},{"damage":0,"enemies":"2 Louse","floor":5,"turns":2},{"damage":19,"enemies":"Gremlin Nob","floor":6,"turns":4},{"damage":29,"enemies":"Lagavulin","floor":8,"turns":11},{"damage":2,"enemies":"Looter","floor":11,"turns":3},{"damage":3,"enemies":"Red Slaver","floor":14,"turns":5},{"damage":26,"enemies":"Slime Boss","floor":16,"turns":9},{"damage":27,"enemies":"2 Thieves","floor":18,"turns":4},{"damage":7,"enemies":"Shell Parasite","floor":20,"turns":5},{"damage":19,"enemies":"3 Cultists","floor":21,"turns":5},{"damage":0,"enemies":"Chosen and Byrds","floor":22,"turns":5},{"damage":8,"enemies":"Centurion and Healer","floor":24,"turns":8},{"damage":24,"enemies":"Book of Stabbing","floor":25,"turns":7},{"damage":12,"enemies":"Slavers","floor":27,"turns":1}],"seed_played":"-8407849149680875720","potions_obtained":[{"floor":0,"key":"LiquidBronze"},{"floor":0,"key":"Poison Potion"},{"floor":0,"key":"Strength Potion"},{"floor":5,"key":"AttackPotion"},{"floor":6,"key":"GhostInAJar"},{"floor":14,"key":"Poison Potion"},{"floor":18,"key":"SkillPotion"},{"floor":20,"key":"AttackPotion"},{"floor":21,"key":"Weak Potion"}],"is_trial":false,"path_per_floor":["M","M","?","?","M","E","R","E","T","R","M","?","R","M","R","B",null,"M","$","M","M","M","R","M","E","T","E"],"character_chosen":"THE_SILENT","items_purchased":["Well Laid Plans","Bottled Tornado","Backflip","Dash","Frozen Eye"],"campfire_rested":3,"item_purchase_floors":[19,19,19,19,19],"current_hp_per_floor":[70,70,70,63,63,44,65,36,36,36,34,34,55,52,52,26,70,43,43,36,17,17,38,30,6,6,0],"gold":97,"neow_bonus":"THREE_SMALL_POTIONS","is_prod":false,"is_daily":false,"chose_seed":false,"campfire_upgraded":0,"win_rate":0,"timestamp":1548123729,"path_taken":["M","?","?","?","M","E","R","E","T","R","M","?","R","?","R","BOSS","M","$","M","M","M","R","?","E","T","E"],"build_version":"2019-01-17v2","purchased_purges":0,"victory":false,"max_hp_per_floor":[70,70,70,70,70,70,70,70,70,70,70,70,70,70,70,70,70,70,70,70,70,70,70,70,70,70,70],"card_choices":[{"not_picked":["Expertise","Deadly Poison"],"picked":"Backflip","floor":1},{"not_picked":["Eviscerate","Catalyst"],"picked":"Infinite Blades","floor":2},{"not_picked":["Flying Knee","All Out Attack"],"picked":"Dodge and Roll","floor":5},{"not_picked":["Backflip","Phantasmal Killer"],"picked":"Dash","floor":6},{"not_picked":["Quick Slash","All Out Attack"],"picked":"Dash","floor":8},{"not_picked":["Blade Dance","Slice"],"picked":"Caltrops","floor":11},{"not_picked":["Setup","Quick Slash"],"picked":"Dagger Spray","floor":14},{"not_picked":["Bullet Time","Phantasmal Killer"],"picked":"Night Terror","floor":16},{"not_picked":["Blade Dance","Sucker Punch"],"picked":"Backflip","floor":18},{"not_picked":["Deadly Poison+1","Slice"],"picked":"Backflip","floor":20},{"not_picked":["Prepared","Acrobatics"],"picked":"Cloak And Dagger","floor":21},{"not_picked":["Acrobatics+1","Deadly Poison"],"picked":"Tools of the Trade","floor":22},{"not_picked":["Flechettes","Acrobatics","Distraction"],"picked":"SKIP","floor":24},{"not_picked":["Poisoned Stab","Bane+1","Backflip"],"picked":"SKIP","floor":25}],"player_experience":126665,"relics_obtained":[{"floor":6,"key":"Bottled Lightning"},{"floor":8,"key":"Tough Bandages"},{"floor":9,"key":"Girya"},{"floor":25,"key":"Blood Vial"},{"floor":26,"key":"Tingsha"}],"event_choices":[{"damage_healed":0,"gold_gain":175,"player_choice":"AGREE","damage_taken":0,"max_hp_gain":0,"max_hp_loss":0,"event_name":"Liars Game","floor":3,"gold_loss":0,"cards_obtained":["Doubt"]},{"cards_removed":["Doubt"],"damage_healed":0,"gold_gain":0,"player_choice":"Card Removal","damage_taken":7,"max_hp_gain":0,"max_hp_loss":0,"event_name":"Golden Wing","floor":4,"gold_loss":0},{"damage_healed":0,"gold_gain":100,"player_choice":"Gold","damage_taken":0,"max_hp_gain":0,"max_hp_loss":0,"event_name":"Wheel of Change","floor":12,"gold_loss":0}],"is_beta":false,"boss_relics":[{"not_picked":["HoveringKite","Astrolabe"],"picked":"Pandora\u0027s Box"}],"items_purged_floors":[],"is_endless":false,"potions_floor_spawned":[1,5,6,14,18,20,21],"killed_by":"Slavers","ascension_level":1}