{"gold_per_floor":[113,113,131,406,425,451,451,467,491,491],"floor_reached":10,"playtime":710,"items_purged":[],"score":68,"play_id":"21a4e275-a68c-48de-ace4-975eb6f81864","local_time":"20180817224633","is_ascension_mode":false,"campfire_choices":[{"data":"Zap","floor":7,"key":"SMITH"}],"neow_cost":"TEN_PERCENT_HP_LOSS","seed_source_timestamp":92934459141934,"circlet_count":0,"master_deck":["Strike_B","Strike_B","Strike_B","Strike_B","Defend_B","Defend_B","Defend_B","Defend_B","Zap+1","Dualcast","Coolheaded","Seek","Regret","Double Energy","Beam Cell","Rip and Tear"],"relics":["Cracked Core","Girya","Blood Vial","Omamori","Oddly Smooth Stone"],"potions_floor_usage":[],"damage_taken":[{"damage":3,"enemies":"2 Louse","floor":1,"turns":2},{"damage":6,"enemies":"Jaw Worm","floor":3,"turns":3},{"damage":2,"enemies":"Cultist","floor":5,"turns":5},{"damage":37,"enemies":"Gremlin Nob","floor":6,"turns":4},{"damage":6,"enemies":"Looter","floor":8,"turns":4},{"damage":16,"enemies":"3 Sentries","floor":10,"turns":4}],"seed_played":"7044574776268296275","potions_obtained":[{"floor":1,"key":"SteroidPotion"},{"floor":6,"key":"Weak Potion"}],"is_trial":false,"path_per_floor":["M","?","M","?","M","E","R","M","T"],"character_chosen":"DEFECT","items_purchased":[],"campfire_rested":0,"item_purchase_floors":[],"current_hp_per_floor":[65,53,49,49,49,14,14,10,10,0],"gold":491,"neow_bonus":"ONE_RARE_RELIC","is_prod":false,"is_daily":false,"chose_seed":false,"campfire_upgraded":1,"win_rate":0,"timestamp":1534513593,"path_taken":["M","?","?","?","M","E","R","M","T","E"],"build_version":"2018-08-16","purchased_purges":0,"victory":false,"max_hp_per_floor":[68,68,68,68,68,68,68,68,68,68],"card_choices":[{"not_picked":["Doom and Gloom","Stack"],"picked":"Coolheaded","floor":1},{"not_picked":["Rebound","Beam Cell"],"picked":"Seek","floor":3},{"not_picked":["Coolheaded","Undo"],"picked":"Double Energy","floor":5},{"not_picked":["Sweeping Beam","Streamline"],"picked":"Beam Cell","floor":6},{"not_picked":["Rebound","Stack"],"picked":"Rip and Tear","floor":8}],"player_experience":341097,"relics_obtained":[{"floor":6,"key":"Omamori"},{"floor":9,"key":"Oddly Smooth Stone"}],"event_choices":[{"event_name":"Scrap Ooze","player_choice":"success","floor":2,"damage_taken":12},{"event_name":"Golden Shrine","player_choice":"Desecrate","floor":4,"damage_taken":0}],"is_beta":true,"boss_relics":[],"items_purged_floors":[],"is_endless":false,"potions_floor_spawned":[1,6],"killed_by":"3 Sentries","ascension_level":0}