{"gold_per_floor":[110,110,120,11,29,29,61,61,61,86,86,101,130,146,146,224,224,244,244,244,20,32,32,57,57,57,71,89,101,62,78,78,155,155,168,183,183,201,214,214,11,11,11,11,25,39,39,72,72,72,72],"floor_reached":52,"playtime":3410,"items_purged":["Decay","Strike_G"],"score":1798,"play_id":"67790103-75dc-481a-958b-769120d14fd0","local_time":"20181107014538","is_ascension_mode":true,"campfire_choices":[{"data":"Deadly Poison","floor":6.0,"key":"SMITH"},{"floor":8.0,"key":"REST"},{"data":"Dagger Spray","floor":11.0,"key":"SMITH"},{"floor":15.0,"key":"REST"},{"data":"Wraith Form v2","floor":23,"key":"SMITH"},{"floor":25,"key":"REST"},{"floor":32,"key":"REST"},{"data":"Corpse Explosion","floor":40,"key":"SMITH"},{"data":"Noxious Fumes","floor":42,"key":"SMITH"},{"data":"Malaise","floor":44,"key":"SMITH"},{"data":"Night Terror","floor":47,"key":"SMITH"},{"floor":49,"key":"REST"}],"neow_cost":"NONE","seed_source_timestamp":70123584940500,"circlet_count":0,"master_deck":["AscendersBane","Defend_G","Defend_G","Defend_G","Defend_G","Defend_G","Strike_G","Survivor","Neutralize","Dash","Quick Slash","Backflip","Dagger Spray+1","Deadly Poison+1","Backflip","Flying Knee","Corpse Explosion+1","Backflip","Bouncing Flask","Wraith Form v2+1","Dash+1","Malaise+1","Backstab+1","Leg Sweep","Noxious Fumes+1","PiercingWail","Night Terror+1","Calculated Gamble","Blur","Dark Shackles","Backflip"],"special_seed":0,"relics":["Empty Cage","Gremlin Horn","Orichalcum","Oddly Smooth Stone","Bronze Scales","Cursed Key","Calipers","Runic Pyramid","Bottled Flame"],"potions_floor_usage":[],"damage_taken":[{"damage":8.0,"enemies":"Cultist","floor":1.0,"turns":6.0},{"damage":1.0,"enemies":"Small Slimes","floor":3.0,"turns":4.0},{"damage":4.0,"enemies":"Jaw Worm","floor":5.0,"turns":4.0},{"damage":22.0,"enemies":"3 Sentries","floor":7.0,"turns":7.0},{"damage":21.0,"enemies":"Lagavulin","floor":10.0,"turns":7.0},{"damage":0.0,"enemies":"Exordium Thugs","floor":12.0,"turns":3.0},{"damage":21.0,"enemies":"Gremlin Nob","floor":13.0,"turns":6.0},{"damage":0.0,"enemies":"Exordium Wildlife","floor":14.0,"turns":2.0},{"damage":6,"enemies":"Hexaghost","floor":16,"turns":9},{"damage":0,"enemies":"Spheric Guardian","floor":18,"turns":4},{"damage":0,"enemies":"3 Byrds","floor":22,"turns":2},{"damage":28,"enemies":"Slavers","floor":24,"turns":3},{"damage":4,"enemies":"Cultist and Chosen","floor":27,"turns":4},{"damage":0,"enemies":"Sentry and Sphere","floor":28,"turns":4},{"damage":0,"enemies":"3 Cultists","floor":29,"turns":3},{"damage":5,"enemies":"Chosen and Byrds","floor":31,"turns":6},{"damage":48,"enemies":"Champ","floor":33,"turns":16},{"damage":4,"enemies":"Orb Walker","floor":35,"turns":4},{"damage":0,"enemies":"3 Darklings","floor":36,"turns":3},{"damage":5,"enemies":"Jaw Worm Horde","floor":38,"turns":3},{"damage":0,"enemies":"4 Shapes","floor":39,"turns":5},{"damage":2,"enemies":"Sphere and 2 Shapes","floor":45,"turns":7},{"damage":0,"enemies":"3 Darklings","floor":46,"turns":3},{"damage":3,"enemies":"Reptomancer","floor":48,"turns":7},{"damage":23,"enemies":"Awakened One","floor":50,"turns":25},{"damage":23,"enemies":"Time Eater","floor":51,"turns":17}],"seed_played":"-6479330192039138492","potions_obtained":[{"floor":1.0,"key":"GhostInAJar"},{"floor":3.0,"key":"Strength Potion"},{"floor":10.0,"key":"SpeedPotion"},{"floor":13.0,"key":"SmokeBomb"},{"floor":18,"key":"SpeedPotion"},{"floor":48,"key":"Explosive Potion"}],"is_trial":false,"path_per_floor":["M","?","M","$","M","R","E","R","T","E","R","M","E","M","R","B",null,"M","?","T","$","M","R","E","R","T","M","M","M","$","M","R","B",null,"M","M","?","M","M","R","$","R","T","R","M","M","R","E","R","B","B",null],"character_chosen":"THE_SILENT","items_purchased":["Backflip","Dagger Spray","Malaise","Noxious Fumes","Dark Shackles"],"campfire_rested":5,"item_purchase_floors":[4,4,21,30,41],"current_hp_per_floor":[51,51,50,50,46,46,24,43,43,22,22,22,1,1,20,14,53,53,53,53,53,53,53,25,44,44,40,40,40,40,35,54,6,51,47,47,47,42,42,42,42,42,42,42,40,40,40,37,56,33,10],"gold":72,"neow_bonus":"BOSS_RELIC","is_prod":false,"is_daily":false,"chose_seed":false,"campfire_upgraded":7,"win_rate":0,"timestamp":1541573138,"path_taken":["M","?","?","$","M","R","E","R","T","E","R","M","E","?","R","BOSS","M","?","?","$","M","R","E","R","T","?","M","M","$","M","R","BOSS","M","M","?","M","?","R","$","R","T","R","?","?","R","E","R","BOSS","BOSS"],"build_version":"2018-11-01","purchased_purges":2,"victory":true,"max_hp_per_floor":[66,66,66,66,66,66,66,66,66,66,66,66,66,66,66,66,66,66,66,66,66,66,66,66,66,66,66,66,66,66,66,66,66,66,66,66,66,66,66,66,66,66,66,66,66,66,66,66,66,66,66],"card_choices":[{"not_picked":["Footwork","Choke"],"picked":"Dash","floor":1.0},{"not_picked":["Riddle With Holes","Expertise"],"picked":"Quick Slash","floor":3.0},{"not_picked":["Well Laid Plans","PiercingWail"],"picked":"Deadly Poison","floor":5.0},{"not_picked":["Underhanded Strike","Envenom"],"picked":"Backflip","floor":7.0},{"not_picked":["Bane","Slice"],"picked":"Flying Knee","floor":10.0},{"not_picked":["Caltrops","Leg Sweep"],"picked":"Corpse Explosion","floor":12.0},{"not_picked":["Deadly Poison","Dodge and Roll"],"picked":"Backflip","floor":13.0},{"not_picked":["Flying Knee","Masterful Stab"],"picked":"Bouncing Flask","floor":14.0},{"not_picked":["Tools of the Trade","Corpse Explosion"],"picked":"Wraith Form v2","floor":16},{"not_picked":["Deadly Poison","Calculated Gamble"],"picked":"Dash+1","floor":18},{"not_picked":["Prepared","Riddle With Holes"],"picked":"Backstab+1","floor":22},{"not_picked":["Corpse Explosion","Blade Dance","Skewer"],"picked":"SKIP","floor":24},{"not_picked":["Reflex+1","Blade Dance","Choke"],"picked":"SKIP","floor":27},{"not_picked":["Eviscerate","Quick Slash"],"picked":"Leg Sweep","floor":28},{"not_picked":["Concentrate","Dagger Spray","Expertise"],"picked":"SKIP","floor":29},{"not_picked":["Dodge and Roll","Cloak And Dagger"],"picked":"PiercingWail","floor":31},{"not_picked":["Grand Finale","Doppelganger"],"picked":"Night Terror","floor":33},{"not_picked":["Endless Agony","Underhanded Strike+1"],"picked":"Calculated Gamble","floor":35},{"not_picked":["Escape Plan","Well Laid Plans"],"picked":"Blur","floor":36},{"not_picked":["Dodge and Roll","Deflect","Quick Slash+1"],"picked":"SKIP","floor":38},{"not_picked":["Underhanded Strike","Deadly Poison","Flying Knee+1"],"picked":"SKIP","floor":39},{"not_picked":["Predator","Finisher","Bane"],"picked":"SKIP","floor":45},{"not_picked":["Bane+1","Heel Hook","Flying Knee"],"picked":"SKIP","floor":46},{"not_picked":["Poisoned Stab","Bane"],"picked":"Backflip","floor":48}],"player_experience":1642454,"relics_obtained":[{"floor":7.0,"key":"Gremlin Horn"},{"floor":9.0,"key":"Orichalcum"},{"floor":10.0,"key":"Oddly Smooth Stone"},{"floor":13.0,"key":"Bronze Scales"},{"floor":24,"key":"Calipers"},{"floor":48,"key":"Bottled Flame"}],"event_choices":[{"damage_healed":0.0,"max_hp_gain":0.0,"max_hp_loss":0.0,"gold_gain":0.0,"event_name":"Match and Keep!","player_choice":"0 cards matched","floor":2.0,"gold_loss":0.0,"damage_taken":0.0,"cards_obtained":[]},{"damage_healed":0,"gold_gain":0,"player_choice":"Smashed Altar","damage_taken":0,"max_hp_gain":0,"max_hp_loss":0,"event_name":"Forgotten Altar","floor":19,"gold_loss":0,"cards_obtained":["Decay"]},{"cards_removed":["Strike_G"],"damage_healed":0,"gold_gain":0,"player_choice":"Purged","damage_taken":0,"max_hp_gain":0,"max_hp_loss":0,"event_name":"Purifier","floor":37,"gold_loss":0}],"is_beta":true,"boss_relics":[{"not_picked":["Tiny House","HoveringKite"],"picked":"Cursed Key"},{"not_picked":["Pandora\u0027s Box","WristBlade"],"picked":"Runic Pyramid"}],"items_purged_floors":[21,41],"is_endless":false,"potions_floor_spawned":[1,3,10,13,18,28,31,36,39,45,48],"ascension_level":20}