{"gold_per_floor":[119,30,40,40,59,59,209,228,228,228,303,303,27,54,54,130,130,130,26,26,39,52,52,52,67,91,91,91],"floor_reached":28,"playtime":936,"items_purged":["Doubt"],"score":412,"play_id":"48cd536d-d155-45e6-a8ef-54dad6b2284d","local_time":"20190121223425","is_ascension_mode":true,"campfire_choices":[{"data":"Neutralize","floor":6,"key":"SMITH"},{"data":"Sucker Punch","floor":10,"key":"SMITH"},{"data":"Apotheosis","floor":15,"key":"SMITH"},{"data":"A Thousand Cuts","floor":23,"key":"SMITH"},{"data":"Expertise","floor":27,"key":"SMITH"}],"neow_cost":"NONE","seed_source_timestamp":110434004614500,"circlet_count":0,"master_deck":["AscendersBane","Defend_G","Defend_G","Defend_G","Defend_G","Defend_G","Strike_G","Strike_G","Strike_G+1","Strike_G","Strike_G+1","Survivor","Neutralize+1","Quick Slash","Dash","Sucker Punch+1","Cloak And Dagger","Backflip","Apotheosis+1","Bouncing Flask","A Thousand Cuts+1","Dodge and Roll","Writhe","Expertise+1","Cloak And Dagger","PiercingWail"],"relics":["Coffee Dripper","Blood Vial","Mercury Hourglass","Bag of Marbles","White Beast Statue","Centennial Puzzle","Whetstone"],"potions_floor_usage":[18,18,25,28,28],"damage_taken":[{"damage":4,"enemies":"Small Slimes","floor":1,"turns":6},{"damage":0,"enemies":"2 Louse","floor":3,"turns":2},{"damage":0,"enemies":"Jaw Worm","floor":5,"turns":2},{"damage":10,"enemies":"Large Slime","floor":8,"turns":7},{"damage":18,"enemies":"Hexaghost","floor":16,"turns":10},{"damage":4,"enemies":"3 Byrds","floor":18,"turns":3},{"damage":11,"enemies":"2 Thieves","floor":21,"turns":5},{"damage":10,"enemies":"Shelled Parasite and Fungi","floor":22,"turns":7},{"damage":0,"enemies":"Centurion and Healer","floor":25,"turns":6},{"damage":43,"enemies":"3 Cultists","floor":28,"turns":5}],"seed_played":"-2283687198529050055","potions_obtained":[{"floor":3,"key":"Energy Potion"},{"floor":8,"key":"Dexterity Potion"},{"floor":16,"key":"SmokeBomb"},{"floor":21,"key":"SteroidPotion"},{"floor":22,"key":"Dexterity Potion"},{"floor":25,"key":"Swift Potion"}],"is_trial":false,"path_per_floor":["M","$","M","?","M","R","?","M","T","R","?","?","$","T","R","B",null,"M","$","?","M","M","R","$","M","T","R","M"],"character_chosen":"THE_SILENT","items_purchased":["Dash","Apotheosis","Bouncing Flask","Dodge and Roll"],"campfire_rested":0,"item_purchase_floors":[2,13,13,19],"current_hp_per_floor":[55,55,55,60,60,60,60,50,50,50,39,34,34,34,34,18,58,56,56,56,47,39,39,39,41,41,41,0],"gold":91,"neow_bonus":"BOSS_RELIC","is_prod":false,"is_daily":false,"chose_seed":false,"campfire_upgraded":5,"win_rate":0,"timestamp":1548128065,"path_taken":["M","$","M","?","M","R","?","M","T","R","?","?","$","?","R","BOSS","M","$","?","M","M","R","$","M","T","R","M"],"build_version":"2019-01-16","purchased_purges":1,"victory":false,"max_hp_per_floor":[66,66,66,71,71,71,71,71,71,71,71,71,71,71,71,71,71,71,71,71,71,71,71,71,71,71,71,71],"card_choices":[{"not_picked":["Endless Agony","Expertise"],"picked":"Quick Slash","floor":1},{"not_picked":["Slice","Backstab"],"picked":"Sucker Punch","floor":3},{"not_picked":["Underhanded Strike","Poisoned Stab"],"picked":"Cloak And Dagger","floor":5},{"not_picked":["Dagger Spray","Outmaneuver"],"picked":"Backflip","floor":8},{"not_picked":["Storm of Steel","Unload"],"picked":"A Thousand Cuts","floor":16},{"not_picked":["Deadly Poison","Dagger Throw"],"picked":"Expertise","floor":21},{"not_picked":["Sucker Punch+1","Bane"],"picked":"Cloak And Dagger","floor":22},{"not_picked":["Prepared","Bane"],"picked":"PiercingWail","floor":25}],"player_experience":1921306,"relics_obtained":[{"floor":9,"key":"Blood Vial"},{"floor":14,"key":"Bag of Marbles"},{"floor":26,"key":"Whetstone"}],"event_choices":[{"damage_healed":0,"gold_gain":0,"player_choice":"Donut","damage_taken":0,"max_hp_gain":5,"max_hp_loss":0,"event_name":"Big Fish","floor":4,"gold_loss":0},{"damage_healed":0,"gold_gain":150,"player_choice":"AGREE","damage_taken":0,"max_hp_gain":0,"max_hp_loss":0,"event_name":"Liars Game","floor":7,"gold_loss":0,"cards_obtained":["Doubt"]},{"damage_healed":0,"gold_gain":75,"player_choice":"Gather Gold","damage_taken":11,"max_hp_gain":0,"max_hp_loss":0,"event_name":"World of Goop","floor":11,"gold_loss":0},{"damage_healed":0,"gold_gain":0,"player_choice":"Success","damage_taken":5,"relics_obtained":["Mercury Hourglass"],"max_hp_gain":0,"max_hp_loss":0,"event_name":"Scrap Ooze","floor":12,"gold_loss":0},{"damage_healed":0,"gold_gain":0,"player_choice":"Opened","damage_taken":0,"relics_obtained":["Centennial Puzzle"],"max_hp_gain":0,"max_hp_loss":0,"event_name":"The Mausoleum","floor":20,"gold_loss":0,"cards_obtained":["Writhe"]}],"is_beta":true,"boss_relics":[{"not_picked":["Lizard Tail","Empty Cage"],"picked":"White Beast Statue"}],"items_purged_floors":[19],"is_endless":false,"potions_floor_spawned":[3,8,16,18,21,22,25],"killed_by":"3 Cultists","ascension_level":20}