{"gold_per_floor":[111,111,111,131,142,173,187,187,266,279,292,148,113,144,144,249,299,309,319,190,190,190],"floor_reached":22,"playtime":912,"items_purged":[],"score":270,"play_id":"2595f29d-edff-4b30-a503-e6d269a2d841","local_time":"20190122002032","is_ascension_mode":true,"campfire_choices":[{"floor":8,"key":"REST"},{"floor":15,"key":"REST"}],"neow_cost":"NONE","seed_source_timestamp":1079671528033181,"circlet_count":0,"master_deck":["Strike_R","Strike_R","Strike_R","Strike_R","Strike_R","Defend_R","Defend_R","Defend_R","Defend_R","Bash","Carnage","Body Slam","Rage","Shrug It Off+1","Inflame","Double Tap","Feed","Feed","True Grit","Pommel Strike","Body Slam+1","Inflame","Flex","Carnage"],"relics":["Burning Blood","Matryoshka","Strawberry","Tiny Chest","Oddly Smooth Stone","WingedGreaves","Tiny House"],"potions_floor_usage":[7,7,16,18,19],"damage_taken":[{"damage":10,"enemies":"2 Louse","floor":1,"turns":4},{"damage":10,"enemies":"Small Slimes","floor":4,"turns":3},{"damage":12,"enemies":"Jaw Worm","floor":5,"turns":2},{"damage":32,"enemies":"Gremlin Nob","floor":6,"turns":4},{"damage":24,"enemies":"Gremlin Gang","floor":7,"turns":4},{"damage":5,"enemies":"Looter","floor":10,"turns":2},{"damage":8,"enemies":"3 Louse","floor":11,"turns":3},{"damage":33,"enemies":"3 Sentries","floor":14,"turns":9},{"damage":78,"enemies":"The Guardian","floor":16,"turns":12},{"damage":53,"enemies":"Spheric Guardian","floor":18,"turns":8},{"damage":21,"enemies":"3 Byrds","floor":19,"turns":3},{"damage":48,"enemies":"Shelled Parasite and Fungi","floor":22,"turns":3}],"seed_played":"-1264953670299515010","potions_obtained":[{"floor":4,"key":"SpeedPotion"},{"floor":6,"key":"AttackPotion"},{"floor":14,"key":"Fire Potion"},{"floor":17,"key":"Regen Potion"},{"floor":18,"key":"LiquidBronze"}],"is_trial":false,"path_per_floor":["M","?","?","M","M","E","M","R","T","M","M","$","?","E","R","B",null,"M","M","$","?","M"],"character_chosen":"IRONCLAD","items_purchased":["Inflame","Double Tap","Inflame","Flex"],"campfire_rested":2,"item_purchase_floors":[12,12,20,20],"current_hp_per_floor":[84,89,71,67,61,42,24,54,54,55,53,53,78,51,81,9,82,50,35,35,35,0],"gold":190,"neow_bonus":"TEN_PERCENT_HP_BONUS","is_prod":false,"is_daily":false,"chose_seed":false,"campfire_upgraded":0,"win_rate":0,"timestamp":1548138032,"path_taken":["M","?","?","?","M","E","M","R","T","M","?","$","?","E","R","BOSS","M","M","$","?","?"],"build_version":"2019-01-17v2","purchased_purges":0,"victory":false,"max_hp_per_floor":[88,93,93,93,93,100,100,100,100,100,100,100,100,100,100,100,105,105,105,105,105,105],"card_choices":[{"not_picked":["Shrug It Off","Intimidate"],"picked":"Carnage","floor":1},{"not_picked":["Perfected Strike","Clash"],"picked":"Body Slam","floor":4},{"not_picked":["Havoc","Second Wind","Heavy Blade"],"picked":"SKIP","floor":5},{"not_picked":["Bloodletting","Twin Strike"],"picked":"Rage","floor":6},{"not_picked":["Armaments","Dual Wield"],"picked":"True Grit","floor":7},{"not_picked":["True Grit","Body Slam","Sentinel"],"picked":"SKIP","floor":10},{"not_picked":["Iron Wave","Thunderclap"],"picked":"Shrug It Off","floor":11},{"not_picked":["Combust","Heavy Blade"],"picked":"Feed","floor":14},{"not_picked":["Reaper","Exhume"],"picked":"Feed","floor":16},{"not_picked":["Armaments","Whirlwind"],"picked":"True Grit","floor":17},{"not_picked":["Havoc","Warcry"],"picked":"Pommel Strike","floor":18},{"not_picked":["Armaments","Reckless Charge"],"picked":"Body Slam+1","floor":19}],"player_experience":295400,"relics_obtained":[{"floor":6,"key":"Strawberry"},{"floor":9,"key":"Tiny Chest"},{"floor":9,"key":"Oddly Smooth Stone"},{"floor":14,"key":"WingedGreaves"}],"event_choices":[{"damage_healed":0,"gold_gain":0,"player_choice":"Donut","damage_taken":0,"max_hp_gain":5,"max_hp_loss":0,"event_name":"Big Fish","floor":2,"gold_loss":0},{"damage_healed":0,"gold_gain":0,"player_choice":"Success","damage_taken":18,"relics_obtained":["Matryoshka"],"max_hp_gain":0,"max_hp_loss":0,"event_name":"Scrap Ooze","floor":3,"gold_loss":0},{"damage_healed":25,"gold_gain":0,"player_choice":"Healed","damage_taken":0,"max_hp_gain":0,"max_hp_loss":0,"event_name":"The Cleric","floor":13,"gold_loss":35},{"damage_healed":0,"gold_gain":0,"cards_transformed":["True Grit"],"player_choice":"Transformed","damage_taken":0,"max_hp_gain":0,"max_hp_loss":0,"event_name":"Transmorgrifier","floor":21,"gold_loss":0,"cards_obtained":["Carnage"]}],"is_beta":false,"boss_relics":[{"not_picked":["Empty Cage","Pandora\u0027s Box"],"picked":"Tiny House"}],"items_purged_floors":[],"is_endless":false,"potions_floor_spawned":[4,6,14,18],"killed_by":"Shelled Parasite and Fungi","ascension_level":5}