{"gold_per_floor":[211,211,236,249,269,308,308,389,389,123,123],"floor_reached":11,"playtime":346,"items_purged":[],"score":73,"play_id":"e6297395-418e-4900-9697-da2ba78ddcc5","local_time":"20190127153440","is_ascension_mode":false,"campfire_choices":[],"neow_cost":"NONE","seed_source_timestamp":83522489592924,"circlet_count":0,"master_deck":["Strike_B","Strike_B","Strike_B+1","Strike_B","Defend_B","Defend_B","Defend_B","Defend_B","Zap","Dualcast+1","Melter","Defragment","Ball Lightning","Genetic Algorithm","Ball Lightning"],"relics":["Cracked Core","Golden Idol","Mummified Hand","Ornamental Fan","Shuriken"],"potions_floor_usage":[],"damage_taken":[{"damage":1,"enemies":"Jaw Worm","floor":1,"turns":4},{"damage":0,"enemies":"Small Slimes","floor":3,"turns":2},{"damage":1,"enemies":"Cultist","floor":4,"turns":3},{"damage":2,"enemies":"3 Louse","floor":5,"turns":4},{"damage":18,"enemies":"Gremlin Nob","floor":6,"turns":4},{"damage":19,"enemies":"Gremlin Nob","floor":8,"turns":4},{"damage":16,"enemies":"Large Slime","floor":11,"turns":1}],"seed_played":"6510845827172992153","potions_obtained":[{"floor":3,"key":"SpeedPotion"},{"floor":8,"key":"FocusPotion"}],"is_trial":false,"path_per_floor":["M","?","M","M","M","E","?","?","T","$","M"],"character_chosen":"DEFECT","items_purchased":["Ball Lightning","Shuriken"],"campfire_rested":0,"item_purchase_floors":[10,10],"current_hp_per_floor":[74,56,56,55,53,35,20,1,1,1,0],"gold":123,"neow_bonus":"HUNDRED_GOLD","is_prod":false,"is_daily":false,"chose_seed":false,"campfire_upgraded":0,"win_rate":0,"timestamp":1548621280,"path_taken":["M","?","M","M","M","E","?","?","T","?","M"],"build_version":"2019-01-23","purchased_purges":0,"victory":false,"max_hp_per_floor":[75,75,75,75,75,75,75,75,75,75,75],"card_choices":[{"not_picked":["Sweeping Beam","Scrape","Rebound"],"picked":"SKIP","floor":1},{"not_picked":["Steam","Scrape","Double Energy"],"picked":"SKIP","floor":3},{"not_picked":["Cold Snap","Fusion"],"picked":"Melter","floor":4},{"not_picked":["Redo","Darkness"],"picked":"Defragment","floor":5},{"not_picked":["Hologram","Steam"],"picked":"Ball Lightning","floor":6},{"not_picked":["Sweeping Beam","Turbo"],"picked":"Genetic Algorithm","floor":8}],"player_experience":126080,"relics_obtained":[{"floor":6,"key":"Mummified Hand"},{"floor":8,"key":"Ornamental Fan"}],"event_choices":[{"damage_healed":0,"gold_gain":0,"player_choice":"Take Damage","damage_taken":18,"relics_obtained":["Golden Idol"],"max_hp_gain":0,"max_hp_loss":0,"event_name":"Golden Idol","floor":2,"gold_loss":0},{"damage_healed":0,"gold_gain":0,"player_choice":"Entered Light","damage_taken":15,"max_hp_gain":0,"max_hp_loss":0,"event_name":"Shining Light","floor":7,"gold_loss":0,"cards_upgraded":["Strike_B","Dualcast"]},{"damage_healed":0,"gold_gain":0,"player_choice":"Searched \u00271\u0027 times","damage_taken":0,"max_hp_gain":0,"max_hp_loss":0,"event_name":"Dead Adventurer","floor":8,"gold_loss":0}],"is_beta":false,"boss_relics":[],"items_purged_floors":[],"is_endless":false,"potions_floor_spawned":[3,8],"killed_by":"Large Slime","ascension_level":0}