{"gold_per_floor":[119,294,294,304,322,352,366,392,392,403,200,200,200,88,88,191,191,191,191,191,191,191,191,118,118,118,118,118,118,118,118,118,118,118,118,118,118,118,56,56,56,56,56,56,56,56,56,56,56,56,56,56,28,28],"floor_reached":54,"playtime":3074,"items_purged":["Strike_B"],"score":788,"play_id":"46449b86-60b2-449c-b419-e7ad6a2a2781","local_time":"20181130220959","is_ascension_mode":true,"campfire_choices":[{"floor":13,"key":"REST"},{"data":"Defragment","floor":15,"key":"SMITH"},{"floor":23,"key":"REST"},{"floor":29,"key":"REST"},{"floor":32,"key":"REST"},{"data":"Loop","floor":40,"key":"SMITH"},{"data":"Coolheaded","floor":47,"key":"SMITH"},{"floor":49,"key":"RECALL"},{"floor":52,"key":"REST"}],"neow_cost":"NONE","seed_source_timestamp":1568579930481,"circlet_count":0,"master_deck":["Strike_B+1","Strike_B+1","Strike_B+1","Defend_B+1","Defend_B+1","Defend_B+1","Defend_B+1","Zap+1","Dualcast+1","Ball Lightning+1","Doubt","Zap+1","Hologram+1","Cold Snap+1","Capacitor+1","Biased Cognition+1","Lockon+1","Darkness+1","Compile Driver+1","Ball Lightning+1","Defragment+1","Rainbow+1","Leap+1","Redo+1","Defragment+1","Coolheaded+1","Echo Form+1","Barrage+1","Loop+1","Coolheaded+1","Undo+1","Melter+1","Reinforced Body"],"relics":["Cracked Core","NeowsBlessing","Vajra","Happy Flower","DataDisk","PreservedInsect","GremlinMask","Ectoplasm","The Courier","Regal Pillow","Red Mask","Busted Crown","Mark of the Bloom","Blood Vial","Orichalcum","Strawberry","Centennial Puzzle"],"potions_floor_usage":[10,27,28,28,30,33,42,50],"damage_taken":[{"damage":0,"enemies":"Small Slimes","floor":1,"turns":1},{"damage":0,"enemies":"2 Louse","floor":4,"turns":1},{"damage":0,"enemies":"Cultist","floor":5,"turns":1},{"damage":32,"enemies":"Lagavulin","floor":6,"turns":6},{"damage":12,"enemies":"Looter","floor":7,"turns":3},{"damage":19,"enemies":"3 Sentries","floor":8,"turns":7},{"damage":0,"enemies":"Exordium Thugs","floor":10,"turns":3},{"damage":11,"enemies":"Hexaghost","floor":16,"turns":6},{"damage":23,"enemies":"Shell Parasite","floor":18,"turns":4},{"damage":22,"enemies":"3 Byrds","floor":20,"turns":3},{"damage":7,"enemies":"Book of Stabbing","floor":25,"turns":5},{"damage":13,"enemies":"Gremlin Leader","floor":27,"turns":5},{"damage":3,"enemies":"Cultist and Chosen","floor":28,"turns":5},{"damage":15,"enemies":"Masked Bandits","floor":30,"turns":3},{"damage":6,"enemies":"Centurion and Healer","floor":31,"turns":5},{"damage":59,"enemies":"Collector","floor":33,"turns":8},{"damage":14,"enemies":"3 Shapes","floor":35,"turns":3},{"damage":0,"enemies":"Orb Walker","floor":41,"turns":2},{"damage":23,"enemies":"Reptomancer","floor":42,"turns":5},{"damage":6,"enemies":"Nemesis","floor":44,"turns":5},{"damage":0,"enemies":"4 Shapes","floor":46,"turns":5},{"damage":3,"enemies":"Maw","floor":48,"turns":5},{"damage":30,"enemies":"Time Eater","floor":50,"turns":6},{"damage":13,"enemies":"Shield and Spear","floor":54,"turns":1}],"seed_played":"-4426812168953444108","potions_obtained":[{"floor":4,"key":"FocusPotion"},{"floor":6,"key":"Dexterity Potion"},{"floor":7,"key":"Block Potion"},{"floor":16,"key":"FocusPotion"},{"floor":20,"key":"SpeedPotion"},{"floor":28,"key":"FocusPotion"},{"floor":31,"key":"EssenceOfSteel"},{"floor":33,"key":"SteroidPotion"},{"floor":35,"key":"AttackPotion"},{"floor":42,"key":"SpeedPotion"},{"floor":48,"key":"Fire Potion"}],"is_trial":false,"path_per_floor":["M","?","?","M","M","E","M","E","T","M","$","?","R","$","R","B",null,"M","?","M","?","?","R","$","E","T","E","M","R","?","M","R","B",null,"M","?","?","?","$","R","M","E","T","E","T","M","R","M","R","B",null,"R","$","E"],"character_chosen":"DEFECT","items_purchased":["Ball Lightning","PreservedInsect","Defragment","Defragment","Loop","Reinforced Body"],"campfire_rested":5,"item_purchase_floors":[11,11,14,24,39,53],"current_hp_per_floor":[75,75,75,75,75,43,31,12,12,12,12,12,34,34,34,23,75,52,52,30,16,7,31,31,24,24,11,8,47,32,26,65,6,80,66,66,66,66,66,66,66,43,43,37,37,37,37,34,34,4,4,4,4,0],"gold":28,"neow_bonus":"THREE_ENEMY_KILL","is_prod":false,"is_daily":false,"chose_seed":false,"campfire_upgraded":3,"win_rate":0,"timestamp":1543633799,"path_taken":["M","?","?","?","M","E","M","E","T","M","$","?","R","?","R","BOSS","M","?","M","?","?","R","$","E","T","E","M","R","?","M","R","BOSS","M","?","?","?","$","R","M","E","T","E","?","M","R","M","R","BOSS","R","$","E"],"build_version":"2018-11-15","purchased_purges":1,"victory":false,"max_hp_per_floor":[75,75,75,75,75,75,75,75,75,75,75,75,75,75,75,75,75,75,75,75,80,80,80,80,80,80,80,80,80,80,80,80,80,80,80,80,76,76,76,76,76,76,76,83,83,83,83,83,83,83,83,83,83,83],"card_choices":[{"not_picked":["Hologram","Compile Driver"],"picked":"Ball Lightning","floor":1},{"not_picked":["Consume","Gash"],"picked":"Cold Snap","floor":4},{"not_picked":["Double Energy","Redo"],"picked":"Capacitor","floor":5},{"not_picked":["Lockon","Capacitor"],"picked":"Biased Cognition","floor":6},{"not_picked":["Force Field","Leap"],"picked":"Lockon","floor":7},{"not_picked":["Reinforced Body","Rebound"],"picked":"Darkness","floor":8},{"not_picked":["Streamline","White Noise"],"picked":"Compile Driver","floor":10},{"not_picked":["Amplify","Creative AI"],"picked":"Rainbow","floor":16},{"not_picked":["Conserve Battery","Rebound+1"],"picked":"Leap+1","floor":18},{"not_picked":["Rebound","Compile Driver+1"],"picked":"Redo+1","floor":20},{"not_picked":["Reprogram+1","Leap"],"picked":"Coolheaded+1","floor":25},{"not_picked":["Fusion","Core Surge"],"picked":"Echo Form","floor":27},{"not_picked":["Blizzard","Redo","Chill"],"picked":"SKIP","floor":28},{"not_picked":["Steam Power","Skim"],"picked":"Barrage","floor":30},{"not_picked":["Ball Lightning","Cold Snap","Consume"],"picked":"SKIP","floor":31},{"not_picked":["Rebound"],"picked":"SKIP","floor":35},{"not_picked":[],"picked":"Coolheaded","floor":41},{"not_picked":["Machine Learning"],"picked":"SKIP","floor":42},{"not_picked":["Leap"],"picked":"SKIP","floor":44},{"not_picked":[],"picked":"Undo+1","floor":46},{"not_picked":[],"picked":"Melter+1","floor":48}],"player_experience":194053,"relics_obtained":[{"floor":6,"key":"Vajra"},{"floor":8,"key":"Happy Flower"},{"floor":9,"key":"DataDisk"},{"floor":25,"key":"The Courier"},{"floor":27,"key":"Regal Pillow"},{"floor":30,"key":"Red Mask"},{"floor":42,"key":"Blood Vial"},{"floor":43,"key":"Orichalcum"},{"floor":44,"key":"Strawberry"},{"floor":45,"key":"Centennial Puzzle"}],"event_choices":[{"damage_healed":0,"gold_gain":175,"player_choice":"AGREE","damage_taken":0,"max_hp_gain":0,"max_hp_loss":0,"event_name":"Liars Game","floor":2,"gold_loss":0,"cards_obtained":["Doubt"]},{"damage_healed":0,"gold_gain":0,"player_choice":"2 cards matched","damage_taken":0,"max_hp_gain":0,"max_hp_loss":0,"event_name":"Match and Keep!","floor":3,"gold_loss":0,"cards_obtained":["Zap","Hologram"]},{"damage_healed":0,"gold_gain":0,"player_choice":"Trade","damage_taken":0,"relics_obtained":["GremlinMask"],"max_hp_gain":0,"max_hp_loss":0,"event_name":"FaceTrader","floor":12,"gold_loss":0},{"damage_healed":0,"gold_gain":0,"player_choice":"Ignored","damage_taken":0,"max_hp_gain":0,"max_hp_loss":0,"event_name":"Beggar","floor":19,"gold_loss":0},{"damage_healed":0,"gold_gain":0,"player_choice":"Shed Blood","damage_taken":19,"max_hp_gain":5,"max_hp_loss":0,"event_name":"Forgotten Altar","floor":21,"gold_loss":0},{"damage_healed":0,"gold_gain":0,"player_choice":"Stopped","damage_taken":9,"max_hp_gain":0,"max_hp_loss":0,"event_name":"Cursed Tome","floor":22,"gold_loss":0},{"damage_healed":0,"gold_gain":0,"player_choice":"Fought Bandits","damage_taken":0,"max_hp_gain":0,"max_hp_loss":0,"event_name":"Masked Bandits","floor":30,"gold_loss":0},{"damage_healed":0,"gold_gain":0,"player_choice":"Upgrade","damage_taken":0,"relics_obtained":["Mark of the Bloom"],"max_hp_gain":0,"max_hp_loss":0,"event_name":"MindBloom","floor":36,"gold_loss":0,"cards_upgraded":["Strike_B","Strike_B","Strike_B","Defend_B","Defend_B","Defend_B","Defend_B","Zap","Dualcast","Ball Lightning","Zap","Hologram","Cold Snap","Capacitor","Biased Cognition","Lockon","Darkness","Compile Driver","Ball Lightning","Rainbow","Defragment","Echo Form","Barrage"]},{"damage_healed":0,"gold_gain":0,"player_choice":"Max HP","damage_taken":0,"max_hp_gain":0,"max_hp_loss":4,"event_name":"Winding Halls","floor":37,"gold_loss":0},{"damage_healed":0,"gold_gain":0,"player_choice":"Memory 1","damage_taken":0,"max_hp_gain":0,"max_hp_loss":0,"event_name":"SensoryStone","floor":38,"gold_loss":0}],"is_beta":false,"boss_relics":[{"not_picked":["Astrolabe","Lizard Tail"],"picked":"Ectoplasm"},{"not_picked":["Pandora\u0027s Box","Velvet Choker"],"picked":"Busted Crown"}],"items_purged_floors":[14],"is_endless":false,"potions_floor_spawned":[4,6,7,16,20,28,31,33,35,42,48],"killed_by":"Shield and Spear","ascension_level":2}