{"gold_per_floor":[114,114,114,39,114,143,233,264,290,325,345,378,398,398,398,500,500,511,521,538,550,563,590,590,618,618,650,650,678,694,726,726,831,831,847,867,967,1014,1028,1061,1061,1094,1175,1175,1202,362,373,399,399,399],"floor_reached":51,"playtime":4894,"items_purged":[],"score":1164,"play_id":"439d244f-6036-4e9f-ab0b-4557808be395","local_time":"20190104132140","daily_mods":["SealedDeck","Heirloom","Elite Swarm"],"is_ascension_mode":true,"campfire_choices":[{"data":"After Image","floor":15,"key":"SMITH"},{"data":"Doppelganger","floor":24,"key":"SMITH"},{"floor":28,"key":"REST"},{"data":"A Thousand Cuts","floor":32,"key":"SMITH"},{"data":"Burst","floor":41,"key":"SMITH"},{"data":"Adrenaline","floor":44,"key":"SMITH"},{"data":"Adrenaline","floor":49,"key":"SMITH"}],"neow_cost":"","seed_source_timestamp":0,"circlet_count":0,"master_deck":["Caltrops","PiercingWail","Bouncing Flask+1","Dagger Spray","Expertise","Dagger Spray+1","Cloak And Dagger","Crippling Poison","Escape Plan","Footwork","Cloak And Dagger","Dash","After Image+1","Dagger Spray","Adrenaline+1","Malaise","Leg Sweep","Burst+1","Footwork","A Thousand Cuts+1","Malaise","PiercingWail+1","Cloak And Dagger","Doppelganger+1","Adrenaline+1","Bullet Time","After Image","Well Laid Plans+1","After Image","Doppelganger","Storm of Steel","Bullet Time","A Thousand Cuts+1","Bullet Time+1","Master of Strategy+1","Well Laid Plans+1","Well Laid Plans+1","After Image+1"],"relics":["Ring of the Serpent","Shovel","Dodecahedron","Tiny Chest","Turnip","Art of War","Blue Candle","Pantograph","Incense Burner","Bronze Scales","Singing Bowl","Meat on the Bone","Happy Flower","Anchor","Black Star","Tough Bandages","Dream Catcher","Ancient Tea Set","Vajra","Frozen Egg 2","Ornamental Fan","Toxic Egg 2","Prayer Wheel","Lantern","Strawberry","Gremlin Horn","Strange Spoon","Paper Crane","Blood Vial"],"potions_floor_usage":[13,29,37,50,50],"damage_taken":[{"damage":6,"enemies":"Cultist","floor":1,"turns":3},{"damage":12,"enemies":"Gremlin Nob","floor":6,"turns":5},{"damage":7,"enemies":"3 Sentries","floor":7,"turns":5},{"damage":17,"enemies":"3 Sentries","floor":8,"turns":6},{"damage":0,"enemies":"Lagavulin","floor":10,"turns":5},{"damage":0,"enemies":"2 Louse","floor":11,"turns":1},{"damage":0,"enemies":"3 Sentries","floor":12,"turns":5},{"damage":5,"enemies":"Small Slimes","floor":13,"turns":3},{"damage":7,"enemies":"The Guardian","floor":16,"turns":10},{"damage":1,"enemies":"Shell Parasite","floor":18,"turns":9},{"damage":0,"enemies":"3 Byrds","floor":19,"turns":4},{"damage":18,"enemies":"Cultist and Chosen","floor":20,"turns":11},{"damage":6,"enemies":"Snake Plant","floor":21,"turns":5},{"damage":0,"enemies":"3 Cultists","floor":22,"turns":4},{"damage":0,"enemies":"Book of Stabbing","floor":23,"turns":8},{"damage":42,"enemies":"Slavers","floor":25,"turns":9},{"damage":1,"enemies":"Gremlin Leader","floor":27,"turns":9},{"damage":1,"enemies":"Slavers","floor":29,"turns":5},{"damage":3,"enemies":"Cultist and Chosen","floor":30,"turns":6},{"damage":12,"enemies":"Gremlin Leader","floor":31,"turns":8},{"damage":0,"enemies":"Collector","floor":33,"turns":10},{"damage":0,"enemies":"Orb Walker","floor":35,"turns":4},{"damage":0,"enemies":"3 Darklings","floor":36,"turns":5},{"damage":0,"enemies":"Mind Bloom Boss Battle","floor":37,"turns":7},{"damage":0,"enemies":"Transient","floor":39,"turns":5},{"damage":13,"enemies":"Nemesis","floor":40,"turns":9},{"damage":25,"enemies":"Giant Head","floor":42,"turns":13},{"damage":16,"enemies":"Reptomancer","floor":45,"turns":7},{"damage":17,"enemies":"4 Shapes","floor":47,"turns":3},{"damage":1,"enemies":"Giant Head","floor":48,"turns":11},{"damage":18,"enemies":"Donu and Deca","floor":50,"turns":9}],"seed_played":"3264708684210489862","potions_obtained":[{"floor":8,"key":"PowerPotion"},{"floor":10,"key":"FearPotion"},{"floor":12,"key":"Regen Potion"},{"floor":16,"key":"Energy Potion"},{"floor":27,"key":"GhostInAJar"},{"floor":30,"key":"EssenceOfSteel"},{"floor":35,"key":"PowerPotion"},{"floor":42,"key":"GamblersBrew"}],"is_trial":true,"path_per_floor":["M","?","?","$","?","E","?","E","T","E","M","E","M","?","R","B",null,"M","M","M","M","M","E","R","E","T","E","R","E","M","E","R","B",null,"M","M","?","T","M","E","R","E","T","R","E","$","M","E","R","B",null],"character_chosen":"THE_SILENT","items_purchased":["Dash","Master of Strategy+1","Well Laid Plans+1","Strawberry","Gremlin Horn","Strange Spoon"],"campfire_rested":1,"item_purchase_floors":[4,46,46,46,46,46],"current_hp_per_floor":[64,50,50,50,39,27,20,3,3,3,3,3,3,3,3,21,70,69,69,51,45,45,45,45,3,3,2,23,34,43,43,43,68,70,72,74,74,74,76,63,63,50,50,50,46,53,50,49,49,58],"gold":399,"neow_bonus":"","is_prod":false,"is_daily":false,"chose_seed":false,"campfire_upgraded":6,"win_rate":0,"timestamp":1546575700,"path_taken":["M","?","?","$","?","E","?","E","T","E","?","E","M","?","R","BOSS","M","M","?","?","M","E","R","E","T","E","R","E","M","E","R","BOSS","M","?","?","?","?","E","R","E","T","R","E","$","?","E","R","BOSS"],"build_version":"2018-12-20","purchased_purges":0,"victory":true,"max_hp_per_floor":[70,70,70,70,70,70,70,70,70,70,70,70,70,70,70,70,70,70,70,70,70,70,70,70,70,70,70,70,70,70,70,70,70,70,72,74,74,74,76,76,76,76,76,76,76,83,85,85,85,85],"card_choices":[{"not_picked":["Dodge and Roll","Underhanded Strike"],"picked":"Cloak And Dagger","floor":1},{"not_picked":["Phantasmal Killer","Venomology"],"picked":"After Image","floor":6},{"not_picked":["Poisoned Stab","Slice"],"picked":"Dagger Spray","floor":7},{"not_picked":["Phantasmal Killer","Glass Knife"],"picked":"Adrenaline","floor":8},{"not_picked":["Die Die Die","Wraith Form v2"],"picked":"Malaise","floor":10},{"not_picked":["Choke","Setup"],"picked":"Leg Sweep","floor":11},{"not_picked":["Die Die Die","Night Terror"],"picked":"Burst","floor":12},{"not_picked":["Concentrate","Terror"],"picked":"Footwork","floor":13},{"not_picked":["A Thousand Cuts","Adrenaline"],"picked":"Malaise","floor":16},{"not_picked":["Underhanded Strike+1","Deadly Poison"],"picked":"PiercingWail+1","floor":18},{"not_picked":["Sucker Punch+1","Deflect","Expertise"],"picked":"SKIP","floor":19},{"not_picked":["All Out Attack","Poisoned Stab","Flechettes"],"picked":"SKIP","floor":20},{"not_picked":["Flechettes","Quick Slash+1","Unload"],"picked":"SKIP","floor":21},{"not_picked":["Caltrops","Bouncing Flask"],"picked":"Cloak And Dagger","floor":22},{"not_picked":["Envenom","Burst"],"picked":"Doppelganger","floor":23},{"not_picked":["Burst","Storm of Steel"],"picked":"Adrenaline","floor":25},{"not_picked":["Malaise","Glass Knife"],"picked":"Bullet Time","floor":27},{"not_picked":["Doppelganger","A Thousand Cuts"],"picked":"After Image","floor":29},{"not_picked":["Dagger Spray","Outmaneuver+1"],"picked":"Well Laid Plans+1","floor":30},{"not_picked":["Die Die Die","Glass Knife"],"picked":"After Image","floor":31},{"not_picked":["Phantasmal Killer","Glass Knife"],"picked":"Doppelganger","floor":33},{"not_picked":["Crippling Poison","Sucker Punch+1","Deflect"],"picked":"Singing Bowl","floor":35},{"not_picked":["Dagger Throw+1","Prepared+1","Backflip+1"],"picked":"Singing Bowl","floor":36},{"not_picked":["Cloak And Dagger","Skewer"],"picked":"Storm of Steel","floor":37},{"not_picked":["Deadly Poison+1","Tactician+1","Dagger Spray"],"picked":"Singing Bowl","floor":39},{"not_picked":["Unload","Phantasmal Killer"],"picked":"Bullet Time","floor":40},{"not_picked":["Glass Knife","Burst"],"picked":"A Thousand Cuts","floor":42},{"not_picked":["Glass Knife","Unload"],"picked":"Bullet Time+1","floor":45},{"not_picked":["Prepared+1","Terror+1","PiercingWail+1"],"picked":"Singing Bowl","floor":47},{"not_picked":["Dagger Throw+1","Sucker Punch"],"picked":"Well Laid Plans+1","floor":47},{"not_picked":["Wraith Form v2+1","Corpse Explosion+1"],"picked":"After Image+1","floor":48}],"player_experience":732720,"relics_obtained":[{"floor":6,"key":"Dodecahedron"},{"floor":7,"key":"Tiny Chest"},{"floor":8,"key":"Turnip"},{"floor":9,"key":"Art of War"},{"floor":10,"key":"Blue Candle"},{"floor":12,"key":"Pantograph"},{"floor":23,"key":"Incense Burner"},{"floor":25,"key":"Bronze Scales"},{"floor":26,"key":"Singing Bowl"},{"floor":27,"key":"Meat on the Bone"},{"floor":29,"key":"Happy Flower"},{"floor":31,"key":"Anchor"},{"floor":37,"key":"Tough Bandages"},{"floor":38,"key":"Dream Catcher"},{"floor":40,"key":"Ancient Tea Set"},{"floor":40,"key":"Vajra"},{"floor":42,"key":"Frozen Egg 2"},{"floor":42,"key":"Ornamental Fan"},{"floor":43,"key":"Toxic Egg 2"},{"floor":45,"key":"Prayer Wheel"},{"floor":45,"key":"Lantern"},{"floor":48,"key":"Paper Crane"},{"floor":48,"key":"Blood Vial"}],"event_choices":[{"damage_healed":0,"gold_gain":0,"player_choice":"Entered Light","damage_taken":14,"max_hp_gain":0,"max_hp_loss":0,"event_name":"Shining Light","floor":2,"gold_loss":0,"cards_upgraded":["Dagger Spray","Bouncing Flask"]},{"damage_healed":0,"gold_gain":0,"player_choice":"Leave","damage_taken":0,"max_hp_gain":0,"max_hp_loss":0,"event_name":"The Cleric","floor":3,"gold_loss":0},{"damage_healed":0,"gold_gain":75,"player_choice":"Gather Gold","damage_taken":11,"max_hp_gain":0,"max_hp_loss":0,"event_name":"World of Goop","floor":5,"gold_loss":0},{"damage_healed":0,"gold_gain":0,"player_choice":"Searched \u00271\u0027 times","damage_taken":0,"max_hp_gain":0,"max_hp_loss":0,"event_name":"Dead Adventurer","floor":7,"gold_loss":0},{"damage_healed":0,"gold_gain":0,"player_choice":"1 cards matched","damage_taken":0,"max_hp_gain":0,"max_hp_loss":0,"event_name":"Match and Keep!","floor":14,"gold_loss":0,"cards_obtained":["A Thousand Cuts"]},{"damage_healed":0,"gold_gain":0,"player_choice":"Fight","damage_taken":0,"max_hp_gain":0,"max_hp_loss":0,"event_name":"MindBloom","floor":37,"gold_loss":0}],"is_beta":false,"boss_relics":[{"not_picked":["Snecko Eye","Runic Dome"],"picked":"Ring of the Serpent"},{"not_picked":["Busted Crown","Eternal Feather"],"picked":"Black Star"}],"items_purged_floors":[],"is_endless":false,"potions_floor_spawned":[8,10,12,16,19,22,27,30,35,36,42,45],"ascension_level":1}