{"gold_per_floor":[115,115,40,55,30,56,68,68,138,154,170,183,183,200,200,301,301,313,313,67,67,84,84,84,98,121,131,151,26,42,56,56,153,153,164,0,10,20,38,38,51,51,74,74,74,74,94,107,107,107],"floor_reached":51,"playtime":955,"items_purged":["Defend_R","Defend_R","Defend_R"],"score":707,"play_id":"2b0683f6-dd0c-4fa0-9ef1-ae7aaadaf47c","local_time":"20190205133836","is_ascension_mode":false,"campfire_choices":[{"data":"Bash","floor":8,"key":"SMITH"},{"data":"Inflame","floor":13,"key":"SMITH"},{"data":"Uppercut","floor":15,"key":"SMITH"},{"data":"Heavy Blade","floor":23,"key":"SMITH"},{"data":"Limit Break","floor":32,"key":"SMITH"},{"floor":40,"key":"REST"},{"floor":42,"key":"REST"},{"data":"Metallicize","floor":45,"key":"SMITH"},{"floor":49,"key":"REST"}],"neow_cost":"NONE","seed_source_timestamp":47897952039565,"circlet_count":0,"master_deck":["Strike_R","Strike_R","Strike_R","Strike_R","Strike_R","Bash+1","Sword Boomerang","Uppercut+1","Flex","Pommel Strike","Anger","Inflame+1","Anger","Cleave","Metallicize+1","Limit Break+1","Heavy Blade+1","Thunderclap+1","Spot Weakness+1","Limit Break","Havoc+1","Offering","Clash"],"relics":["Burning Blood","NeowsBlessing","Pen Nib","Vajra","Question Card","Sozu","Bronze Scales","Bottled Flame","Lantern","Mark of Pain","Red Mask","Blood Vial"],"potions_floor_usage":[16,16,37],"damage_taken":[{"damage":0,"enemies":"Small Slimes","floor":1,"turns":1},{"damage":0,"enemies":"Cultist","floor":4,"turns":1},{"damage":0,"enemies":"3 Sentries","floor":6,"turns":1},{"damage":11,"enemies":"Jaw Worm","floor":7,"turns":2},{"damage":9,"enemies":"Blue Slaver","floor":10,"turns":2},{"damage":6,"enemies":"Exordium Thugs","floor":11,"turns":3},{"damage":7,"enemies":"Large Slime","floor":12,"turns":3},{"damage":18,"enemies":"Lots of Slimes","floor":14,"turns":3},{"damage":24,"enemies":"Hexaghost","floor":16,"turns":6},{"damage":7,"enemies":"Spheric Guardian","floor":18,"turns":3},{"damage":5,"enemies":"Chosen","floor":22,"turns":3},{"damage":15,"enemies":"3 Cultists","floor":25,"turns":4},{"damage":7,"enemies":"Chosen and Byrds","floor":27,"turns":3},{"damage":19,"enemies":"Centurion and Healer","floor":28,"turns":3},{"damage":0,"enemies":"Snake Plant","floor":30,"turns":2},{"damage":10,"enemies":"Chosen and Byrds","floor":31,"turns":2},{"damage":24,"enemies":"Collector","floor":33,"turns":3},{"damage":13,"enemies":"Orb Walker","floor":35,"turns":2},{"damage":36,"enemies":"3 Shapes","floor":37,"turns":3},{"damage":7,"enemies":"Jaw Worm Horde","floor":38,"turns":3},{"damage":27,"enemies":"Maw","floor":39,"turns":5},{"damage":20,"enemies":"Sphere and 2 Shapes","floor":41,"turns":3},{"damage":17,"enemies":"Jaw Worm Horde","floor":47,"turns":3},{"damage":6,"enemies":"Transient","floor":48,"turns":5},{"damage":53,"enemies":"Time Eater","floor":50,"turns":4}],"seed_played":"-2629210417843473651","potions_obtained":[{"floor":4,"key":"BloodPotion"},{"floor":6,"key":"Poison Potion"},{"floor":11,"key":"Poison Potion"}],"is_trial":false,"path_per_floor":["M","?","$","M","$","E","M","R","T","M","M","M","R","M","R","B",null,"M","?","$","?","M","R","T","M","T","M","M","$","M","M","R","B",null,"M","?","M","M","M","R","M","R","T","$","R","?","M","M","R","B",null],"character_chosen":"IRONCLAD","items_purchased":["Flex","Bronze Scales"],"campfire_rested":3,"item_purchase_floors":[5,20],"current_hp_per_floor":[80,77,77,80,80,80,75,75,75,72,72,71,71,59,59,41,80,79,79,79,79,80,80,80,71,71,70,57,57,63,59,59,41,80,73,73,51,50,29,53,39,63,63,63,63,63,54,56,80,33],"gold":107,"neow_bonus":"THREE_ENEMY_KILL","is_prod":false,"is_daily":false,"chose_seed":false,"campfire_upgraded":6,"win_rate":0,"timestamp":1549391916,"path_taken":["M","?","$","M","$","E","M","R","T","M","M","M","R","M","R","BOSS","M","?","?","?","M","R","?","M","T","M","M","$","?","M","R","BOSS","M","?","M","M","M","R","M","R","T","$","R","?","?","M","R","BOSS"],"build_version":"2019-01-23","purchased_purges":3,"victory":true,"max_hp_per_floor":[80,80,80,80,80,80,80,80,80,80,80,80,80,80,80,80,80,80,80,80,80,80,80,80,80,80,80,80,80,80,80,80,80,80,80,80,80,80,80,80,80,80,80,80,80,80,80,80,80,80],"card_choices":[{"not_picked":["Armaments","True Grit"],"picked":"Sword Boomerang","floor":1},{"not_picked":["Wild Strike","Infernal Blade"],"picked":"Uppercut","floor":4},{"not_picked":["Brutality","Disarm"],"picked":"Pommel Strike","floor":6},{"not_picked":["Armaments","Warcry"],"picked":"Anger","floor":7},{"not_picked":["Cleave","Twin Strike","Sword Boomerang"],"picked":"Inflame","floor":10},{"not_picked":["Thunderclap","Clothesline","Fire Breathing"],"picked":"Anger","floor":11},{"not_picked":["Armaments","Havoc","Exhume"],"picked":"Cleave","floor":12},{"not_picked":["Pommel Strike","Body Slam","Sever Soul"],"picked":"Metallicize","floor":14},{"not_picked":["Immolate","Impervious","Barricade"],"picked":"Limit Break","floor":16},{"not_picked":["Wild Strike+1","Shrug It Off+1","Iron Wave","Twin Strike"],"picked":"SKIP","floor":18},{"not_picked":["Rampage","Perfected Strike","Power Through+1","Blood for Blood"],"picked":"SKIP","floor":22},{"not_picked":["Rage","Clothesline","Feel No Pain"],"picked":"Thunderclap+1","floor":25},{"not_picked":["Body Slam","Sever Soul","Twin Strike","Shrug It Off"],"picked":"SKIP","floor":27},{"not_picked":["Ghostly Armor+1","Sentinel","Wild Strike+1"],"picked":"Spot Weakness+1","floor":28},{"not_picked":["Sword Boomerang","Entrench","Iron Wave"],"picked":"Limit Break","floor":30},{"not_picked":["True Grit","Sever Soul","Heavy Blade"],"picked":"Havoc+1","floor":31},{"not_picked":["Brutality","Immolate","Limit Break"],"picked":"Offering","floor":33},{"not_picked":["Pommel Strike+1","Warcry+1","Flex","Twin Strike"],"picked":"SKIP","floor":35},{"not_picked":["Sword Boomerang","Power Through","Ghostly Armor+1"],"picked":"Clash","floor":37},{"not_picked":["Armaments+1","Headbutt+1","Hemokinesis","Flex"],"picked":"SKIP","floor":38},{"not_picked":["Dropkick+1","Twin Strike+1","Armaments","Anger"],"picked":"SKIP","floor":39},{"not_picked":["Second Wind+1","Disarm+1","Cleave","Battle Trance+1"],"picked":"SKIP","floor":41},{"not_picked":["Anger","True Grit","Ghostly Armor+1","Heavy Blade"],"picked":"SKIP","floor":47},{"not_picked":["Disarm+1","Cleave","Feed","Twin Strike+1"],"picked":"SKIP","floor":48}],"player_experience":455092,"relics_obtained":[{"floor":6,"key":"Vajra"},{"floor":9,"key":"Question Card"},{"floor":24,"key":"Bottled Flame"},{"floor":26,"key":"Lantern"},{"floor":43,"key":"Blood Vial"}],"event_choices":[{"damage_healed":0,"gold_gain":0,"player_choice":"Success","damage_taken":3,"relics_obtained":["Pen Nib"],"max_hp_gain":0,"max_hp_loss":0,"event_name":"Scrap Ooze","floor":2,"gold_loss":0},{"damage_healed":0,"gold_gain":0,"cards_transformed":["Defend_R"],"player_choice":"Transformed","damage_taken":0,"max_hp_gain":0,"max_hp_loss":0,"event_name":"Transmorgrifier","floor":19,"gold_loss":0,"cards_obtained":["Heavy Blade"]},{"damage_healed":0,"gold_gain":0,"player_choice":"Ignored","damage_taken":0,"max_hp_gain":0,"max_hp_loss":0,"event_name":"Beggar","floor":21,"gold_loss":0},{"damage_healed":0,"gold_gain":0,"player_choice":"Paid","damage_taken":0,"relics_obtained":["Red Mask"],"max_hp_gain":0,"max_hp_loss":0,"event_name":"Tomb of Lord Red Mask","floor":36,"gold_loss":164},{"damage_healed":0,"gold_gain":0,"player_choice":"Got Potions","damage_taken":0,"max_hp_gain":0,"max_hp_loss":0,"event_name":"Lab","floor":46,"gold_loss":0}],"is_beta":false,"boss_relics":[{"not_picked":["Black Star","Coffee Dripper"],"picked":"Sozu"},{"not_picked":["Snecko Eye","Busted Crown"],"picked":"Mark of Pain"}],"items_purged_floors":[3,20,29],"is_endless":false,"potions_floor_spawned":[4,6,11,12,14,18,22,28,31,38,47],"ascension_level":0}