{"gold_per_floor":[210,15,35,49,224,251,251,266,266,266,286,301,316,316],"floor_reached":14,"playtime":1346,"items_purged":[],"score":94,"play_id":"ae0d1f4e-5c8d-4629-a4d1-8277c3241464","local_time":"20180923164025","is_ascension_mode":false,"campfire_choices":[{"floor":7,"key":"REST"},{"floor":10,"key":"REST"}],"neow_cost":"NONE","seed_source_timestamp":836080111353196,"circlet_count":0,"master_deck":["Strike_B","Strike_B","Strike_B","Strike_B","Defend_B","Defend_B","Defend_B","Defend_B","Zap","Dualcast","Streamline","Secret Technique","Barrage","Fusion","Doubt","Doom and Gloom","Consume","Sweeping Beam+1","Sweeping Beam+1","Go for the Eyes+1"],"relics":["Cracked Core","Bronze Scales","Molten Egg 2"],"potions_floor_usage":[13],"damage_taken":[{"damage":10,"enemies":"Small Slimes","floor":1,"turns":3},{"damage":0,"enemies":"2 Louse","floor":3,"turns":2},{"damage":0,"enemies":"Cultist","floor":4,"turns":2},{"damage":61,"enemies":"3 Sentries","floor":6,"turns":9},{"damage":23,"enemies":"Lots of Slimes","floor":8,"turns":3},{"damage":4,"enemies":"2 Fungi Beasts","floor":11,"turns":4},{"damage":10,"enemies":"Looter","floor":12,"turns":2},{"damage":0,"enemies":"3 Louse","floor":13,"turns":1},{"damage":12,"enemies":"Blue Slaver","floor":14,"turns":1}],"seed_played":"-7913759002125035204","potions_obtained":[{"floor":1,"key":"Dexterity Potion"},{"floor":4,"key":"Strength Potion"},{"floor":8,"key":"Poison Potion"},{"floor":13,"key":"PowerPotion"}],"is_trial":false,"path_per_floor":["M","$","M","M","?","E","R","M","T","R","M","M","M"],"character_chosen":"DEFECT","items_purchased":["Secret Technique"],"campfire_rested":2,"item_purchase_floors":[2],"current_hp_per_floor":[65,65,65,65,65,4,26,3,3,25,21,11,11,0],"gold":316,"neow_bonus":"HUNDRED_GOLD","is_prod":false,"is_daily":false,"chose_seed":false,"campfire_upgraded":0,"win_rate":0.0,"timestamp":1537735225,"path_taken":["M","$","M","M","?","E","R","M","T","R","?","M","M","M"],"build_version":"2018-09-20","purchased_purges":0,"victory":false,"max_hp_per_floor":[75,75,75,75,75,75,75,75,75,75,75,75,75,75],"card_choices":[{"not_picked":["Doom and Gloom","Chill"],"picked":"Streamline","floor":1},{"not_picked":["Tempest","Reprogram"],"picked":"Barrage","floor":3},{"not_picked":["Steam Power","Compile Driver"],"picked":"Fusion","floor":4},{"not_picked":["Streamline","Coolheaded"],"picked":"Doom and Gloom","floor":6},{"not_picked":["Melter","Beam Cell"],"picked":"Consume","floor":8},{"not_picked":["Genetic Algorithm","Compile Driver+1"],"picked":"Sweeping Beam+1","floor":11},{"not_picked":["Barrage+1","Streamline+1"],"picked":"Sweeping Beam+1","floor":12},{"not_picked":["Compile Driver+1","Hello World"],"picked":"Go for the Eyes+1","floor":13}],"player_experience":27334,"relics_obtained":[{"floor":6,"key":"Bronze Scales"},{"floor":9,"key":"Molten Egg 2"}],"event_choices":[{"event_name":"Liars Game","player_choice":"agreed","floor":5,"damage_taken":0}],"is_beta":false,"boss_relics":[],"items_purged_floors":[],"is_endless":false,"potions_floor_spawned":[1,4,8,12,13],"killed_by":"Blue Slaver","ascension_level":0}