{"gold_per_floor":[109,109,125,77,91,91,116,129,129,142,167,167,197,228,228,330,330,352,50,149,182,182,182],"floor_reached":23,"playtime":874,"items_purged":[],"score":331,"play_id":"a79900f6-2ecb-4295-be2a-10e8720240b5","local_time":"20181227175840","is_ascension_mode":true,"campfire_choices":[{"data":"Electrodynamics","floor":6,"key":"SMITH"},{"floor":12,"key":"REST"},{"data":"Reboot","floor":15,"key":"SMITH"}],"neow_cost":"TEN_PERCENT_HP_LOSS","seed_source_timestamp":453283834301,"circlet_count":0,"master_deck":["AscendersBane","Strike_B","Strike_B","Strike_B","Defend_B","Defend_B","Defend_B","Zap","Dualcast","Hyperbeam","Cold Snap","Glacier","Electrodynamics+1","Hologram","Auto Shields","Self Repair","Barrage","Reboot+1","Ball Lightning+1","Coolheaded","Doom and Gloom+1","Fission","Clumsy","Pain","Normality","Compile Driver+1","Chill","Turbo+1"],"relics":["Cracked Core","Cables","Molten Egg 2","Letter Opener","Odd Mushroom","Strawberry","Calling Bell","MawBank","Gremlin Horn","Gambling Chip","Membership Card","Happy Flower","Red Mask","NlothsMask"],"potions_floor_usage":[7,16,21],"damage_taken":[{"damage":2,"enemies":"Jaw Worm","floor":1,"turns":3},{"damage":6,"enemies":"Cultist","floor":3,"turns":3},{"damage":3,"enemies":"Small Slimes","floor":5,"turns":2},{"damage":34,"enemies":"Gremlin Nob","floor":7,"turns":5},{"damage":6,"enemies":"Looter","floor":8,"turns":3},{"damage":0,"enemies":"Exordium Thugs","floor":10,"turns":5},{"damage":22,"enemies":"Lagavulin","floor":11,"turns":9},{"damage":16,"enemies":"The Mushroom Lair","floor":13,"turns":3},{"damage":17,"enemies":"3 Sentries","floor":14,"turns":3},{"damage":21,"enemies":"Slime Boss","floor":16,"turns":7},{"damage":28,"enemies":"2 Thieves","floor":18,"turns":4},{"damage":22,"enemies":"Masked Bandits","floor":21,"turns":3},{"damage":19,"enemies":"Slavers","floor":23,"turns":3}],"seed_played":"2131257993921311903","potions_obtained":[{"floor":1,"key":"Explosive Potion"},{"floor":7,"key":"Swift Potion"},{"floor":8,"key":"PowerPotion"},{"floor":16,"key":"Poison Potion"}],"is_trial":false,"path_per_floor":["M","?","M","$","M","R","E","M","T","M","E","R","?","E","R","B",null,"M","$","?","?","?","E"],"character_chosen":"DEFECT","items_purchased":["Fire Potion","Membership Card","Happy Flower","Chill"],"campfire_rested":1,"item_purchase_floors":[4,19,19,19],"current_hp_per_floor":[66,66,60,60,57,57,30,31,31,38,23,43,27,24,24,3,57,36,36,36,21,21,2],"gold":182,"neow_bonus":"TRANSFORM_TWO_CARDS","is_prod":false,"is_daily":false,"chose_seed":false,"campfire_upgraded":2,"win_rate":0,"timestamp":1545951520,"path_taken":["M","?","M","?","M","R","E","M","T","?","E","R","?","E","R","BOSS","M","$","?","?","?","E"],"build_version":"2018-12-20","purchased_purges":0,"victory":false,"max_hp_per_floor":[68,68,68,68,68,68,68,68,68,68,68,68,68,75,75,75,75,75,75,75,75,75,75],"card_choices":[{"not_picked":["FTL","Barrage"],"picked":"Glacier","floor":1},{"not_picked":["Sweeping Beam","Turbo"],"picked":"Auto Shields","floor":3},{"not_picked":["Barrage","Beam Cell"],"picked":"Self Repair","floor":5},{"not_picked":["Stack","Heatsinks","Sweeping Beam"],"picked":"SKIP","floor":7},{"not_picked":["Coolheaded","Stack"],"picked":"Barrage","floor":8},{"not_picked":["Barrage+1","Leap"],"picked":"Reboot","floor":10},{"not_picked":["Darkness","Aggregate"],"picked":"Ball Lightning+1","floor":11},{"not_picked":["Beam Cell+1","Steam"],"picked":"Coolheaded","floor":13},{"not_picked":["Aggregate","Scrape+1"],"picked":"Doom and Gloom+1","floor":14},{"not_picked":["Meteor Strike+1","Seek"],"picked":"Fission","floor":16},{"not_picked":["Fusion","Melter+1"],"picked":"Compile Driver+1","floor":18},{"not_picked":["Rebound+1","Recycle"],"picked":"Turbo+1","floor":21}],"player_experience":410680,"relics_obtained":[{"floor":7,"key":"Cables"},{"floor":9,"key":"Molten Egg 2"},{"floor":11,"key":"Letter Opener"},{"floor":13,"key":"Odd Mushroom"},{"floor":14,"key":"Strawberry"},{"floor":17,"key":"MawBank"},{"floor":17,"key":"Gremlin Horn"},{"floor":17,"key":"Gambling Chip"},{"floor":21,"key":"Red Mask"}],"event_choices":[{"damage_healed":0,"gold_gain":0,"player_choice":"2 cards matched","damage_taken":0,"max_hp_gain":0,"max_hp_loss":0,"event_name":"Match and Keep!","floor":2,"gold_loss":0,"cards_obtained":["Electrodynamics","Hologram"]},{"damage_healed":0,"gold_gain":0,"player_choice":"Fought Mushrooms","damage_taken":0,"max_hp_gain":0,"max_hp_loss":0,"event_name":"Mushrooms","floor":13,"gold_loss":0},{"damage_healed":0,"gold_gain":99,"player_choice":"Stole From Cult","damage_taken":0,"max_hp_gain":0,"max_hp_loss":0,"event_name":"Nest","floor":20,"gold_loss":0},{"damage_healed":0,"gold_gain":0,"player_choice":"Fought Bandits","damage_taken":0,"max_hp_gain":0,"max_hp_loss":0,"event_name":"Masked Bandits","floor":21,"gold_loss":0},{"damage_healed":0,"gold_gain":0,"player_choice":"Trade","damage_taken":0,"relics_obtained":["NlothsMask"],"max_hp_gain":0,"max_hp_loss":0,"event_name":"FaceTrader","floor":22,"gold_loss":0}],"is_beta":false,"boss_relics":[{"not_picked":["Eternal Feather","Black Star"],"picked":"Calling Bell"}],"items_purged_floors":[],"is_endless":false,"potions_floor_spawned":[1,5,7,8,16],"killed_by":"Slavers","ascension_level":12}