{"gold_per_floor":[113,113,123,12,29,29,40,72,72,72,72,85,85,55,55,127,127,145,161,173,98,20,51,51,70,124,142,42,42,62,81,81,81],"floor_reached":33,"playtime":1517,"items_purged":["Pain","Strike_G"],"score":588,"play_id":"6dd0b2b0-f169-4612-98b7-19cbc7185fbe","local_time":"20190202174407","is_ascension_mode":true,"campfire_choices":[{"data":"Neutralize","floor":6,"key":"SMITH"},{"data":"Wraith Form v2","floor":11,"key":"SMITH"},{"data":"Well Laid Plans","floor":13,"key":"SMITH"},{"floor":15,"key":"REST"},{"data":"Dash","floor":24,"key":"SMITH"},{"floor":29,"key":"REST"},{"floor":32,"key":"REST"}],"neow_cost":"NONE","seed_source_timestamp":90008447449800,"circlet_count":0,"master_deck":["AscendersBane","Defend_G","Defend_G","Defend_G","Defend_G","Defend_G","Strike_G+1","Survivor","Neutralize+1","Deadly Poison","Bouncing Flask+1","Caltrops","Sucker Punch+1","Catalyst+1","Wraith Form v2+1","Well Laid Plans+1","Night Terror","Cloak And Dagger","Dash+1","Dagger Spray+1","Escape Plan+1","Backflip","PiercingWail"],"special_seed":0,"relics":["Runic Dome","WarpedTongs","Whetstone","Bronze Scales","Empty Cage","Bottled Flame","War Paint"],"potions_floor_usage":[7,7,27,30],"damage_taken":[{"damage":4.0,"enemies":"Small Slimes","floor":1.0,"turns":5.0},{"damage":5,"enemies":"Cultist","floor":3,"turns":4},{"damage":6,"enemies":"2 Louse","floor":5,"turns":2},{"damage":15,"enemies":"Gremlin Gang","floor":7,"turns":5},{"damage":2,"enemies":"Gremlin Nob","floor":8,"turns":3},{"damage":20,"enemies":"Exordium Wildlife","floor":12,"turns":4},{"damage":15,"enemies":"Hexaghost","floor":16,"turns":7},{"damage":0,"enemies":"Spheric Guardian","floor":18,"turns":3},{"damage":1,"enemies":"Chosen","floor":19,"turns":3},{"damage":13,"enemies":"Centurion and Healer","floor":20,"turns":7},{"damage":2,"enemies":"Gremlin Leader","floor":23,"turns":5},{"damage":15,"enemies":"Snake Plant","floor":25,"turns":3},{"damage":14,"enemies":"3 Cultists","floor":27,"turns":5},{"damage":13,"enemies":"Cultist and Chosen","floor":30,"turns":5},{"damage":12,"enemies":"Snake Plant","floor":31,"turns":4},{"damage":27,"enemies":"Automaton","floor":33,"turns":4}],"seed_played":"-1652802158159110287","potions_obtained":[{"floor":1.0,"key":"EssenceOfSteel"},{"floor":3,"key":"Poison Potion"},{"floor":5,"key":"Regen Potion"},{"floor":14,"key":"Ancient Potion"},{"floor":14,"key":"SpeedPotion"}],"is_trial":false,"path_per_floor":["M","?","M","$","M","R","M","E","T","?","R","M","R","?","R","B",null,"M","M","M","?","$","E","R","M","T","M","$","R","M","M","R","B"],"character_chosen":"THE_SILENT","items_purchased":["Caltrops","Dash"],"campfire_rested":3,"item_purchase_floors":[4,22],"current_hp_per_floor":[55,55,50,50,44,44,43,41,41,41,41,21,21,21,40,25,56,56,55,42,42,42,40,40,25,25,11,11,30,17,5,24,0],"gold":81,"neow_bonus":"BOSS_RELIC","is_prod":false,"is_daily":false,"chose_seed":false,"campfire_upgraded":4,"win_rate":0,"timestamp":1549147447,"path_taken":["M","?","M","$","?","R","M","E","T","?","R","M","R","?","R","BOSS","M","M","?","?","?","E","R","M","T","M","$","R","M","M","R","BOSS"],"build_version":"2019-01-23","purchased_purges":2,"victory":false,"max_hp_per_floor":[66,66,66,66,66,66,66,66,66,66,66,66,66,66,66,66,66,66,66,66,66,66,66,66,66,66,66,66,66,66,66,66,66],"card_choices":[{"not_picked":["Backstab","Eviscerate"],"picked":"Deadly Poison","floor":1.0},{"not_picked":["PiercingWail","Blade Dance"],"picked":"Bouncing Flask","floor":3},{"not_picked":["Infinite Blades","Prepared"],"picked":"Sucker Punch","floor":5},{"not_picked":["Outmaneuver","Eviscerate"],"picked":"Catalyst","floor":7},{"not_picked":["Setup","Quick Slash"],"picked":"Wraith Form v2","floor":8},{"not_picked":["PiercingWail","Quick Slash"],"picked":"Well Laid Plans","floor":12},{"not_picked":["Storm of Steel","Adrenaline"],"picked":"Night Terror","floor":16},{"not_picked":["Choke","Quick Slash"],"picked":"Cloak And Dagger","floor":18},{"not_picked":["Quick Slash","Slice","Well Laid Plans"],"picked":"SKIP","floor":19},{"not_picked":["Sucker Punch","Outmaneuver","Flechettes"],"picked":"SKIP","floor":20},{"not_picked":["Prepared","Bouncing Flask"],"picked":"Dagger Spray+1","floor":23},{"not_picked":["Concentrate+1","Flying Knee"],"picked":"Escape Plan","floor":25},{"not_picked":["Skewer","Dagger Throw"],"picked":"Backflip","floor":27},{"not_picked":["Concentrate","Dagger Throw"],"picked":"PiercingWail","floor":30},{"not_picked":["Caltrops","Infinite Blades+1","A Thousand Cuts"],"picked":"SKIP","floor":31}],"player_experience":1996107,"relics_obtained":[{"floor":8,"key":"Whetstone"},{"floor":9,"key":"Bronze Scales"},{"floor":23,"key":"Bottled Flame"},{"floor":26,"key":"War Paint"}],"event_choices":[{"damage_healed":0.0,"max_hp_gain":0.0,"max_hp_loss":0.0,"gold_gain":0.0,"event_name":"Accursed Blacksmith","player_choice":"Rummage","floor":2.0,"gold_loss":0.0,"damage_taken":0.0,"relics_obtained":["WarpedTongs"],"cards_obtained":["Pain"]},{"damage_healed":0,"gold_gain":0,"player_choice":"Grow","damage_taken":0,"max_hp_gain":0,"max_hp_loss":0,"event_name":"Living Wall","floor":10,"gold_loss":0,"cards_upgraded":["Catalyst"]},{"damage_healed":0,"gold_gain":0,"player_choice":"Bought 2 Potions","damage_taken":0,"max_hp_gain":0,"max_hp_loss":0,"event_name":"The Woman in Blue","floor":14,"gold_loss":0},{"cards_removed":["Strike_G"],"damage_healed":0,"gold_gain":0,"player_choice":"Gave Gold","damage_taken":0,"max_hp_gain":0,"max_hp_loss":0,"event_name":"Beggar","floor":21,"gold_loss":75}],"is_beta":true,"boss_relics":[{"not_picked":["White Beast Statue","HoveringKite"],"picked":"Empty Cage"}],"items_purged_floors":[4,28],"is_endless":false,"potions_floor_spawned":[1,3,5,19,20,23,25],"killed_by":"Automaton","ascension_level":20}