{"gold_per_floor":[111,126,126,146,162,162,193,205,205,224,243,16,31,49,49,152,152,184,182,194,217,17,17,29,29,52,3,29,29,40,40,40,141,141,156,456,473,483,483,514,514,514],"floor_reached":42,"playtime":4361,"items_purged":["Blizzard"],"score":479,"play_id":"8dc381fc-c956-42a5-b089-169a87403b42","local_time":"20180923234221","is_ascension_mode":false,"campfire_choices":[{"floor":6,"key":"REST"},{"floor":15,"key":"REST"},{"floor":23,"key":"REST"},{"data":"Rainbow","floor":25,"key":"SMITH"},{"floor":32,"key":"REST"},{"floor":41,"key":"REST"}],"neow_cost":"NONE","seed_source_timestamp":858376783757998,"circlet_count":0,"master_deck":["Strike_B+1","Strike_B+1","Strike_B+1","Strike_B+1","Defend_B+1","Defend_B+1","Defend_B+1","Defend_B+1","Zap","Dualcast","Redo","Chill","BootSequence","Loop","Static Discharge","Capacitor","Ball Lightning","Defragment","Rainbow+1","Injury","Injury","Clumsy","Sweeping Beam","Ball Lightning","Conserve Battery","Defragment","Melter+1","Ball Lightning","Sweeping Beam","Coolheaded","Machine Learning","Heatsinks+1","Chaos+1","Finesse","Streamline+1"],"relics":["FrozenCore","Vajra","Pantograph","Juzu Bracelet","Bronze Scales","Oddly Smooth Stone","Calling Bell","MawBank","Pear","Torii","PreservedInsect","Happy Flower","Sundial","Bottled Tornado","MutagenicStrength","Old Coin","Omamori"],"potions_floor_usage":[16,16,28,35,40,40,40,40],"damage_taken":[{"damage":5,"enemies":"Small Slimes","floor":1,"turns":2},{"damage":6,"enemies":"Cultist","floor":2,"turns":3},{"damage":12,"enemies":"2 Louse","floor":4,"turns":2},{"damage":6,"enemies":"Red Slaver","floor":5,"turns":4},{"damage":29,"enemies":"Gremlin Nob","floor":7,"turns":5},{"damage":2,"enemies":"2 Fungi Beasts","floor":8,"turns":3},{"damage":0,"enemies":"Blue Slaver","floor":10,"turns":3},{"damage":4,"enemies":"3 Louse","floor":11,"turns":2},{"damage":13,"enemies":"Exordium Wildlife","floor":13,"turns":3},{"damage":8,"enemies":"Large Slime","floor":14,"turns":4},{"damage":29,"enemies":"The Guardian","floor":16,"turns":7},{"damage":2,"enemies":"Chosen","floor":18,"turns":5},{"damage":30,"enemies":"2 Thieves","floor":19,"turns":4},{"damage":16,"enemies":"Snecko","floor":21,"turns":7},{"damage":2,"enemies":"Centurion and Healer","floor":24,"turns":7},{"damage":9,"enemies":"Slavers","floor":28,"turns":5},{"damage":22,"enemies":"Snake Plant","floor":30,"turns":3},{"damage":45,"enemies":"Champ","floor":33,"turns":12},{"damage":11,"enemies":"3 Darklings","floor":35,"turns":6},{"damage":26,"enemies":"Mind Bloom Boss Battle","floor":36,"turns":7},{"damage":2,"enemies":"3 Shapes","floor":37,"turns":5},{"damage":37,"enemies":"Maw","floor":38,"turns":8},{"damage":7,"enemies":"Nemesis","floor":40,"turns":5},{"damage":38,"enemies":"Transient","floor":42,"turns":5}],"seed_played":"8793434845707589191","potions_obtained":[{"floor":4,"key":"SteroidPotion"},{"floor":5,"key":"LiquidBronze"},{"floor":8,"key":"Explosive Potion"},{"floor":10,"key":"Block Potion"},{"floor":11,"key":"FocusPotion"},{"floor":16,"key":"EntropicBrew"},{"floor":18,"key":"Block Potion"},{"floor":30,"key":"SkillPotion"},{"floor":35,"key":"Strength Potion"},{"floor":40,"key":"Energy Potion"}],"is_trial":false,"path_per_floor":["M","M","?","M","M","R","E","M","T","M","M","$","M","M","R","B",null,"M","M","?","M","$","R","M","R","T","$","E","T","M","?","R","B",null,"M","?","M","M","?","E","R"],"character_chosen":"DEFECT","items_purchased":["Oddly Smooth Stone","PreservedInsect","Defragment","Ball Lightning"],"campfire_rested":5,"item_purchase_floors":[12,22,22,27],"current_hp_per_floor":[70,64,64,52,46,68,39,37,37,37,33,33,20,12,34,30,85,83,53,53,37,37,62,60,60,60,60,51,51,29,29,54,34,85,74,59,57,20,20,13,38,0],"gold":514,"neow_bonus":"RANDOM_COMMON_RELIC","is_prod":false,"is_daily":false,"chose_seed":false,"campfire_upgraded":1,"win_rate":0.0,"timestamp":1537760541,"path_taken":["M","M","?","M","?","R","E","M","T","M","M","?","M","M","R","BOSS","M","M","?","M","$","R","M","R","T","$","E","?","M","?","R","BOSS","M","?","M","M","?","E","R","M"],"build_version":"2018-09-20","purchased_purges":1,"victory":false,"max_hp_per_floor":[75,75,75,75,75,75,75,75,75,75,75,75,75,75,75,75,85,85,85,85,85,85,85,85,85,85,85,85,85,85,85,85,85,85,85,85,85,85,85,85,85,85],"card_choices":[{"not_picked":["Steam","Reprogram"],"picked":"Redo","floor":1},{"not_picked":["Streamline","Leap"],"picked":"Conserve Battery","floor":2},{"not_picked":["Steam Power","Sweeping Beam"],"picked":"Chill","floor":4},{"not_picked":["Chaos","Redo"],"picked":"BootSequence","floor":5},{"not_picked":["Hologram","Gash"],"picked":"Loop","floor":7},{"not_picked":["Conserve Battery","Leap"],"picked":"Blizzard","floor":8},{"not_picked":["Compile Driver","Glacier"],"picked":"Static Discharge","floor":10},{"not_picked":["Fusion","Barrage"],"picked":"Capacitor","floor":11},{"not_picked":["BootSequence","Rip and Tear"],"picked":"Ball Lightning","floor":13},{"not_picked":["Gash","Capacitor"],"picked":"Defragment","floor":14},{"not_picked":["Seek","Amplify"],"picked":"Rainbow","floor":16},{"not_picked":["Undo","Rip and Tear"],"picked":"Sweeping Beam","floor":18},{"not_picked":["Darkness","Stack+1"],"picked":"Ball Lightning","floor":19},{"not_picked":["Beam Cell","Darkness+1"],"picked":"Conserve Battery","floor":21},{"not_picked":["Go for the Eyes","Streamline"],"picked":"Melter+1","floor":24},{"not_picked":["Barrage","Auto Shields"],"picked":"Sweeping Beam","floor":28},{"not_picked":["Melter","Undo"],"picked":"Coolheaded","floor":30},{"not_picked":["All For One","Seek"],"picked":"Machine Learning","floor":33},{"not_picked":["Coolheaded","Leap"],"picked":"Heatsinks+1","floor":35},{"not_picked":["Scrape","Sweeping Beam"],"picked":"Chaos+1","floor":36},{"not_picked":["Melter+1","Redo","Sweeping Beam"],"picked":"SKIP","floor":37},{"not_picked":["Barrage","Rebound","Redo"],"picked":"SKIP","floor":38},{"not_picked":["Purity","Madness"],"picked":"Finesse","floor":39},{"not_picked":["Compile Driver+1","Biased Cognition"],"picked":"Streamline+1","floor":40}],"player_experience":38549,"relics_obtained":[{"floor":7,"key":"Juzu Bracelet"},{"floor":9,"key":"Bronze Scales"},{"floor":17,"key":"MawBank"},{"floor":17,"key":"Pear"},{"floor":17,"key":"Torii"},{"floor":26,"key":"Happy Flower"},{"floor":28,"key":"Sundial"},{"floor":29,"key":"Bottled Tornado"},{"floor":36,"key":"Old Coin"},{"floor":40,"key":"Omamori"}],"event_choices":[{"event_name":"WeMeetAgain","player_choice":"Card","floor":3,"damage_taken":0},{"event_name":"Back to Basics","player_choice":"Simplicity","floor":20,"damage_taken":0},{"event_name":"Drug Dealer","player_choice":"Inject Mutagens","floor":31,"damage_taken":0},{"event_name":"MindBloom","player_choice":"Fight","floor":36,"damage_taken":0},{"event_name":"SensoryStone","player_choice":"Memory 1","floor":39,"damage_taken":0}],"is_beta":false,"boss_relics":[{"not_picked":["Runic Dome","Sozu"],"picked":"Calling Bell"},{"not_picked":["Fusion Hammer","Tiny House"],"picked":"FrozenCore"}],"items_purged_floors":[12],"is_endless":false,"potions_floor_spawned":[4,5,8,10,11,16,18,21,30,35,36,40],"killed_by":"Transient","ascension_level":0}