{"gold_per_floor":[113,125,125,139,63,107,107,148,175,195,195,195,220,254,254,352,352,368,308,308,15,30,30,66,84,84,109,109,133,149,13,13,108,108,124,124,138,162,162,162,177,177,177,177,193,193,212,212,212,212,212,212,9,9],"floor_reached":54,"playtime":2730,"items_purged":["Strike_B","Defend_B"],"score":1079,"play_id":"b4c5eeba-5e82-460b-9b01-9160184763f9","local_time":"20181228232200","is_ascension_mode":true,"campfire_choices":[{"data":"Defragment","floor":7,"key":"SMITH"},{"floor":11,"key":"REST"},{"data":"Defragment","floor":15,"key":"SMITH"},{"data":"Storm","floor":23,"key":"SMITH"},{"floor":32,"key":"REST"},{"data":"Fission","floor":40,"key":"SMITH"},{"data":"Self Repair","floor":42,"key":"SMITH"},{"data":"Amplify","floor":44,"key":"SMITH"},{"floor":49,"key":"RECALL"},{"data":"Blizzard","floor":52,"key":"SMITH"}],"neow_cost":"TEN_PERCENT_HP_LOSS","seed_source_timestamp":104395125074770,"circlet_count":0,"master_deck":["AscendersBane","Defend_B","Defend_B","Zap","Dualcast","Defragment+1","Sweeping Beam","Auto Shields","Defragment+1","Capacitor","Glacier","Cold Snap","Force Field","Blizzard+1","Amplify+1","Conserve Battery","Coolheaded","Consume","Storm+1","Cold Snap","Fission+1","Self Repair+1","Skim","Capacitor","Electrodynamics","Loop","Cold Snap","Parasite","Force Field+1","Glacier","Chill+1"],"relics":["Cracked Core","Pocketwatch","Golden Idol","Lantern","Orichalcum","Anchor","Happy Flower","Darkstone Periapt","Empty Cage","Question Card","Membership Card","Centennial Puzzle","Bottled Lightning","Potion Belt","Coffee Dripper","Calipers"],"potions_floor_usage":[8,13,25,25,27,30,41,41,45,50,54],"damage_taken":[{"damage":0,"enemies":"Small Slimes","floor":1,"turns":3},{"damage":12,"enemies":"Jaw Worm","floor":2,"turns":2},{"damage":1,"enemies":"Cultist","floor":4,"turns":3},{"damage":14,"enemies":"Lagavulin","floor":6,"turns":6},{"damage":18,"enemies":"Gremlin Nob","floor":8,"turns":4},{"damage":0,"enemies":"Looter","floor":10,"turns":3},{"damage":0,"enemies":"Lots of Slimes","floor":13,"turns":1},{"damage":3,"enemies":"Lagavulin","floor":14,"turns":7},{"damage":5,"enemies":"Hexaghost","floor":16,"turns":12},{"damage":0,"enemies":"Spheric Guardian","floor":18,"turns":5},{"damage":3,"enemies":"2 Thieves","floor":19,"turns":4},{"damage":17,"enemies":"3 Cultists","floor":22,"turns":5},{"damage":18,"enemies":"Book of Stabbing","floor":24,"turns":5},{"damage":6,"enemies":"Snecko","floor":25,"turns":4},{"damage":10,"enemies":"Cultist and Chosen","floor":27,"turns":8},{"damage":0,"enemies":"Chosen and Byrds","floor":29,"turns":6},{"damage":7,"enemies":"Snecko","floor":30,"turns":6},{"damage":1,"enemies":"Automaton","floor":33,"turns":11},{"damage":20,"enemies":"3 Darklings","floor":35,"turns":3},{"damage":0,"enemies":"Orb Walker","floor":37,"turns":3},{"damage":0,"enemies":"Jaw Worm Horde","floor":38,"turns":3},{"damage":25,"enemies":"3 Darklings","floor":41,"turns":4},{"damage":0,"enemies":"Writhing Mass","floor":45,"turns":5},{"damage":1,"enemies":"Transient","floor":47,"turns":5},{"damage":47,"enemies":"Time Eater","floor":50,"turns":16},{"damage":63,"enemies":"Shield and Spear","floor":54,"turns":5}],"seed_played":"6113584934628966057","potions_obtained":[{"floor":1,"key":"Fire Potion"},{"floor":2,"key":"Explosive Potion"},{"floor":8,"key":"Dexterity Potion"},{"floor":14,"key":"Energy Potion"},{"floor":22,"key":"AttackPotion"},{"floor":24,"key":"SkillPotion"},{"floor":25,"key":"EssenceOfSteel"},{"floor":27,"key":"Poison Potion"},{"floor":29,"key":"Fire Potion"},{"floor":33,"key":"Block Potion"},{"floor":38,"key":"PowerPotion"},{"floor":41,"key":"SpeedPotion"}],"is_trial":false,"path_per_floor":["M","M","?","M","$","E","R","E","T","M","R","T","M","E","R","B",null,"M","M","?","$","M","R","E","M","T","M","?","M","M","$","R","B",null,"M","?","M","M","?","R","M","R","T","R","M","?","M","?","R","B",null,"R","$","E"],"character_chosen":"DEFECT","items_purchased":["Defragment","Membership Card","Consume","Storm","Potion Belt","Weak Potion","Capacitor","Calipers"],"campfire_rested":2,"item_purchase_floors":[5,21,21,21,31,31,31,53],"current_hp_per_floor":[68,56,56,55,55,41,41,23,23,23,41,41,41,38,38,33,56,56,53,53,53,36,36,18,12,12,2,2,16,23,23,41,54,61,41,41,48,55,55,55,37,37,37,37,53,53,62,62,62,25,58,58,58,0],"gold":9,"neow_bonus":"ONE_RARE_RELIC","is_prod":false,"is_daily":false,"chose_seed":false,"campfire_upgraded":7,"win_rate":0,"timestamp":1546057320,"path_taken":["M","M","?","M","$","E","R","E","T","M","R","?","M","E","R","BOSS","M","M","?","$","M","R","E","?","T","M","?","M","?","$","R","BOSS","M","?","M","M","?","R","M","R","T","R","M","?","?","?","R","BOSS","R","$","E"],"build_version":"2018-12-20","purchased_purges":2,"victory":false,"max_hp_per_floor":[68,68,63,63,63,63,63,63,63,63,63,63,63,63,63,63,63,63,63,63,63,63,63,63,63,63,63,63,63,63,63,63,63,63,63,63,63,63,63,63,63,63,63,63,69,69,69,69,69,69,69,69,69,69],"card_choices":[{"not_picked":["Hologram","Double Energy"],"picked":"Defragment","floor":1},{"not_picked":["Reprogram","Leap"],"picked":"Sweeping Beam","floor":2},{"not_picked":["Streamline","Gash"],"picked":"Auto Shields","floor":4},{"not_picked":["All For One","Steam Power"],"picked":"Capacitor","floor":6},{"not_picked":["Beam Cell","Go for the Eyes"],"picked":"Glacier","floor":8},{"not_picked":["Beam Cell","Rebound"],"picked":"Cold Snap","floor":10},{"not_picked":["Stack","Melter"],"picked":"Force Field","floor":13},{"not_picked":["Beam Cell","Capacitor"],"picked":"Blizzard","floor":14},{"not_picked":["All For One","Machine Learning"],"picked":"Amplify","floor":16},{"not_picked":["Melter","Streamline"],"picked":"Conserve Battery","floor":18},{"not_picked":["Redo","Capacitor"],"picked":"Coolheaded","floor":19},{"not_picked":["Beam Cell","Blizzard","Turbo"],"picked":"Cold Snap","floor":22},{"not_picked":["Streamline","Doom and Gloom","Melter","Redo"],"picked":"SKIP","floor":24},{"not_picked":["Melter","Leap","Compile Driver"],"picked":"Fission","floor":25},{"not_picked":["Blizzard","Skim","Ball Lightning"],"picked":"Self Repair","floor":27},{"not_picked":["Turbo","Reinforced Body+1","Sunder"],"picked":"Skim","floor":29},{"not_picked":["Rebound","Turbo","FTL","Fission"],"picked":"SKIP","floor":30},{"not_picked":["Rainbow","Seek","Biased Cognition"],"picked":"Electrodynamics","floor":33},{"not_picked":["Static Discharge","Ball Lightning+1","Loop","Skim"],"picked":"SKIP","floor":35},{"not_picked":["Rebound","Rip and Tear","Redo+1"],"picked":"Loop","floor":37},{"not_picked":["Hologram","Sunder","Compile Driver","Leap+1"],"picked":"SKIP","floor":38},{"not_picked":["Rebound","Ball Lightning","Conserve Battery"],"picked":"Cold Snap","floor":41},{"not_picked":["Tempest","Stack","Gash+1"],"picked":"Force Field+1","floor":45},{"not_picked":["Turbo","Conserve Battery","Rebound"],"picked":"Chill+1","floor":47}],"player_experience":425508,"relics_obtained":[{"floor":6,"key":"Lantern"},{"floor":8,"key":"Orichalcum"},{"floor":9,"key":"Anchor"},{"floor":12,"key":"Happy Flower"},{"floor":14,"key":"Darkstone Periapt"},{"floor":24,"key":"Centennial Puzzle"},{"floor":26,"key":"Bottled Lightning"}],"event_choices":[{"damage_healed":0,"gold_gain":0,"player_choice":"Lose Max HP","damage_taken":0,"relics_obtained":["Golden Idol"],"max_hp_gain":0,"max_hp_loss":5,"event_name":"Golden Idol","floor":3,"gold_loss":0},{"damage_healed":0,"gold_gain":0,"player_choice":"Gave Potion","damage_taken":0,"relics_obtained":["Question Card"],"max_hp_gain":0,"max_hp_loss":0,"event_name":"WeMeetAgain","floor":20,"gold_loss":0},{"cards_removed":["Strike_B"],"damage_healed":0,"gold_gain":0,"player_choice":"Purged","damage_taken":0,"max_hp_gain":0,"max_hp_loss":0,"event_name":"Purifier","floor":28,"gold_loss":0},{"cards_removed":["Defend_B"],"damage_healed":0,"gold_gain":0,"player_choice":"Removed Skill","damage_taken":0,"max_hp_gain":0,"max_hp_loss":0,"event_name":"Falling","floor":36,"gold_loss":0},{"damage_healed":0,"gold_gain":0,"player_choice":"Memory 1","damage_taken":0,"max_hp_gain":0,"max_hp_loss":0,"event_name":"SensoryStone","floor":39,"gold_loss":0},{"damage_healed":0,"gold_gain":0,"player_choice":"Copied","damage_taken":0,"max_hp_gain":0,"max_hp_loss":0,"event_name":"Duplicator","floor":46,"gold_loss":0,"cards_obtained":["Glacier"]},{"damage_healed":0,"gold_gain":0,"player_choice":"Ignored","damage_taken":0,"max_hp_gain":0,"max_hp_loss":0,"event_name":"Tomb of Lord Red Mask","floor":48,"gold_loss":0}],"is_beta":false,"boss_relics":[{"not_picked":["Fusion Hammer","White Beast Statue"],"picked":"Empty Cage"},{"not_picked":["Black Star","Nuclear Battery"],"picked":"Coffee Dripper"}],"items_purged_floors":[21,53],"is_endless":false,"potions_floor_spawned":[1,2,4,8,14,22,24,25,27,29,33,38,41],"killed_by":"Shield and Spear","ascension_level":13}