{"gold_per_floor":[114,114,114,128,147,179,179,200,227,262,281,281],"floor_reached":12,"playtime":395,"items_purged":[],"score":106,"play_id":"8bdf2567-4148-49c5-b695-df6a7be2e3ba","local_time":"20190202142654","is_ascension_mode":true,"campfire_choices":[{"floor":7.0,"key":"REST"}],"neow_cost":"NONE","seed_source_timestamp":2538797646046456,"circlet_count":0,"master_deck":["Strike_B","Strike_B","Strike_B","Strike_B","Defend_B","Defend_B","Defend_B","Defend_B","Zap","Dualcast","Forethought","White Noise","Double Energy","White Noise","Machine Learning","Conserve Battery","FTL"],"special_seed":0,"relics":["Cracked Core","Blood Vial","Dead Branch","Odd Mushroom","Omamori","Frozen Egg 2"],"potions_floor_usage":[10],"damage_taken":[{"damage":7.0,"enemies":"Jaw Worm","floor":1.0,"turns":3.0},{"damage":4.0,"enemies":"Small Slimes","floor":4.0,"turns":4.0},{"damage":1.0,"enemies":"Cultist","floor":5.0,"turns":3.0},{"damage":54.0,"enemies":"Lagavulin","floor":6.0,"turns":7.0},{"damage":0.0,"enemies":"The Mushroom Lair","floor":8.0,"turns":1.0},{"damage":30,"enemies":"Gremlin Nob","floor":10,"turns":4},{"damage":0,"enemies":"2 Fungi Beasts","floor":11,"turns":1}],"seed_played":"3550495712435557451","potions_obtained":[{"floor":1.0,"key":"Swift Potion"},{"floor":5.0,"key":"FearPotion"},{"floor":6.0,"key":"Explosive Potion"},{"floor":10,"key":"Dexterity Potion"},{"floor":11,"key":"Block Potion"}],"is_trial":false,"path_per_floor":["M","?","?","M","M","E","R","?","T","E","M","?"],"character_chosen":"DEFECT","items_purchased":[],"campfire_rested":1,"item_purchase_floors":[],"current_hp_per_floor":[68,73,66,64,65,13,37,39,39,11,13,0],"gold":281,"neow_bonus":"RANDOM_COLORLESS","is_prod":false,"is_daily":false,"chose_seed":false,"campfire_upgraded":0,"win_rate":0,"timestamp":1549114014,"path_taken":["M","?","?","M","M","E","R","?","T","E","M","?"],"build_version":"2019-01-23","purchased_purges":0,"victory":false,"max_hp_per_floor":[75,80,80,80,80,80,80,80,80,80,80,80],"card_choices":[{"not_picked":["Go for the Eyes","Cold Snap"],"picked":"White Noise","floor":1.0},{"not_picked":["Genetic Algorithm","Reprogram"],"picked":"Double Energy","floor":4.0},{"not_picked":["Double Energy","Auto Shields"],"picked":"White Noise","floor":5.0},{"not_picked":["Conserve Battery","Force Field"],"picked":"Machine Learning","floor":6.0},{"not_picked":["Compile Driver","Beam Cell"],"picked":"Conserve Battery","floor":8.0},{"not_picked":["Streamline","Conserve Battery","Lockon"],"picked":"SKIP","floor":10},{"not_picked":["Conserve Battery","Go for the Eyes"],"picked":"FTL","floor":11}],"player_experience":287539,"relics_obtained":[{"floor":6.0,"key":"Dead Branch"},{"floor":8.0,"key":"Odd Mushroom"},{"floor":9.0,"key":"Omamori"},{"floor":10,"key":"Frozen Egg 2"}],"event_choices":[{"damage_healed":0.0,"max_hp_gain":5.0,"max_hp_loss":0.0,"gold_gain":0.0,"event_name":"Big Fish","player_choice":"Donut","floor":2.0,"gold_loss":0.0,"damage_taken":0.0},{"damage_healed":0.0,"max_hp_gain":0.0,"max_hp_loss":0.0,"gold_gain":0.0,"event_name":"Scrap Ooze","player_choice":"Success","floor":3.0,"gold_loss":0.0,"damage_taken":7.0,"relics_obtained":["Blood Vial"]},{"damage_healed":0.0,"max_hp_gain":0.0,"max_hp_loss":0.0,"gold_gain":0.0,"event_name":"Mushrooms","player_choice":"Fought Mushrooms","floor":8.0,"gold_loss":0.0,"damage_taken":0.0}],"is_beta":false,"boss_relics":[],"items_purged_floors":[],"is_endless":false,"potions_floor_spawned":[1,5,6,10,11],"ascension_level":4}