{"gold_per_floor":[13,28,28,48,63,90,90,101,101,127,140,140,140],"floor_reached":13,"playtime":590,"items_purged":[],"score":107,"play_id":"ed72a91c-6626-430e-b3fa-037175e8e270","local_time":"20181118141531","is_ascension_mode":true,"campfire_choices":[{"data":"Beam Cell","floor":7,"key":"SMITH"}],"neow_cost":"NO_GOLD","seed_source_timestamp":338869587200277,"circlet_count":0,"master_deck":["Strike_B","Strike_B","Strike_B","Strike_B","Defend_B","Defend_B","Defend_B","Defend_B","Zap","Dualcast","Thunder Strike","Beam Cell+1","Gash","Leap","Go for the Eyes","Gash"],"relics":["Cracked Core","Singing Bowl","Mercury Hourglass","Bottled Lightning"],"potions_floor_usage":[13],"damage_taken":[{"damage":2,"enemies":"Jaw Worm","floor":1,"turns":3},{"damage":1,"enemies":"2 Louse","floor":2,"turns":2},{"damage":6,"enemies":"Cultist","floor":4,"turns":3},{"damage":0,"enemies":"3 Louse","floor":5,"turns":3},{"damage":23,"enemies":"Gremlin Nob","floor":6,"turns":5},{"damage":8,"enemies":"Exordium Wildlife","floor":8,"turns":4},{"damage":21,"enemies":"3 Sentries","floor":10,"turns":5},{"damage":6,"enemies":"2 Fungi Beasts","floor":11,"turns":3},{"damage":15,"enemies":"The Mushroom Lair","floor":13,"turns":2}],"seed_played":"8180653208941982178","potions_obtained":[{"floor":4,"key":"GamblersBrew"},{"floor":8,"key":"Swift Potion"},{"floor":11,"key":"Fire Potion"}],"is_trial":false,"path_per_floor":["M","M","$","M","M","E","R","M","T","E","M","?","?"],"character_chosen":"DEFECT","items_purchased":[],"campfire_rested":0,"item_purchase_floors":[],"current_hp_per_floor":[73,72,72,66,66,45,45,39,39,18,12,12,0],"gold":140,"neow_bonus":"THREE_RARE_CARDS","is_prod":false,"is_daily":false,"chose_seed":false,"campfire_upgraded":1,"win_rate":0,"timestamp":1542568531,"path_taken":["M","M","$","M","M","E","R","M","T","E","M","?","?"],"build_version":"2018-11-15","purchased_purges":0,"victory":false,"max_hp_per_floor":[75,75,75,75,75,77,77,79,79,79,79,79,79],"card_choices":[{"not_picked":["Meteor Strike","Machine Learning"],"picked":"Thunder Strike","floor":0},{"not_picked":["Conserve Battery","Cold Snap"],"picked":"Beam Cell","floor":1},{"not_picked":["FTL","Undo"],"picked":"Gash","floor":2},{"not_picked":["Coolheaded","Heatsinks"],"picked":"Leap","floor":4},{"not_picked":["Coolheaded","Melter"],"picked":"Go for the Eyes","floor":5},{"not_picked":["Heatsinks","Capacitor","Turbo"],"picked":"Singing Bowl","floor":6},{"not_picked":["Double Energy","Storm","Chaos"],"picked":"Singing Bowl","floor":8},{"not_picked":["Beam Cell","Buffer","Heatsinks"],"picked":"SKIP","floor":10},{"not_picked":["Go for the Eyes","Barrage"],"picked":"Gash","floor":11}],"player_experience":156858,"relics_obtained":[{"floor":6,"key":"Singing Bowl"},{"floor":9,"key":"Mercury Hourglass"},{"floor":10,"key":"Bottled Lightning"}],"event_choices":[{"damage_healed":0,"gold_gain":0,"player_choice":"Ignored","damage_taken":0,"max_hp_gain":0,"max_hp_loss":0,"event_name":"Shining Light","floor":12,"gold_loss":0},{"damage_healed":0,"gold_gain":0,"player_choice":"Fought Mushrooms","damage_taken":0,"max_hp_gain":0,"max_hp_loss":0,"event_name":"Mushrooms","floor":13,"gold_loss":0}],"is_beta":false,"boss_relics":[],"items_purged_floors":[],"is_endless":false,"potions_floor_spawned":[4,8,11],"killed_by":"The Mushroom Lair","ascension_level":2}