{"gold_per_floor":[117,133,133,133,149,180,180,195,195,219,234,249,280,301,301,421,421,445,445,469,469,8,52,52,152,152,152],"floor_reached":27,"playtime":2649,"items_purged":[],"score":270,"play_id":"5bee262e-73d5-4eac-ace3-17aad6fbad8f","local_time":"20190106185141","is_ascension_mode":false,"campfire_choices":[{"floor":7,"key":"REST"},{"floor":15,"key":"REST"},{"data":"Echo Form","floor":24,"key":"SMITH"}],"neow_cost":"NONE","seed_source_timestamp":1333515049191543,"circlet_count":0,"master_deck":["Defend_B","Defend_B","Defend_B","Defend_B","Zap","Dualcast","Lockon+1","Conserve Battery","Genetic Algorithm","Conserve Battery","Machine Learning","Conserve Battery","Beam Cell+1","Streamline","Ball Lightning","Fusion","BootSequence","Machine Learning","Go for the Eyes","Hello World","Echo Form+1","Bite","Bite","Bite","Bite","Bite","Static Discharge","Hologram","Beam Cell","Chill"],"relics":["Cracked Core","Golden Idol","Letter Opener","Meat on the Bone","Whetstone","Velvet Choker","Ice Cream","Bag of Preparation","Girya"],"potions_floor_usage":[5,13,16],"damage_taken":[{"damage":0,"enemies":"Small Slimes","floor":1,"turns":4},{"damage":8,"enemies":"Jaw Worm","floor":2,"turns":4},{"damage":6,"enemies":"2 Louse","floor":5,"turns":3},{"damage":43,"enemies":"3 Sentries","floor":6,"turns":8},{"damage":6,"enemies":"Exordium Wildlife","floor":8,"turns":4},{"damage":5,"enemies":"Looter","floor":10,"turns":4},{"damage":7,"enemies":"Lots of Slimes","floor":11,"turns":3},{"damage":3,"enemies":"2 Fungi Beasts","floor":12,"turns":3},{"damage":3,"enemies":"Gremlin Nob","floor":13,"turns":3},{"damage":0,"enemies":"Gremlin Gang","floor":14,"turns":4},{"damage":22,"enemies":"Slime Boss","floor":16,"turns":8},{"damage":5,"enemies":"3 Byrds","floor":18,"turns":4},{"damage":0,"enemies":"Chosen","floor":20,"turns":4},{"damage":24,"enemies":"Book of Stabbing","floor":23,"turns":5},{"damage":48,"enemies":"Gremlin Leader","floor":27,"turns":5}],"seed_played":"-5914093311590364034","potions_obtained":[{"floor":1,"key":"Fruit Juice"},{"floor":6,"key":"Swift Potion"},{"floor":10,"key":"Fire Potion"},{"floor":14,"key":"AttackPotion"},{"floor":16,"key":"Weak Potion"}],"is_trial":false,"path_per_floor":["M","M","?","?","M","E","R","M","T","M","M","M","E","M","R","B",null,"M","?","M","?","$","E","R","?","T","E"],"character_chosen":"DEFECT","items_purchased":["Ice Cream","Static Discharge","Hologram","Beam Cell"],"campfire_rested":2,"item_purchase_floors":[22,22,22,22],"current_hp_per_floor":[75,67,72,52,51,8,33,27,27,34,39,48,45,45,70,48,85,80,80,80,59,59,39,39,39,39,0],"gold":152,"neow_bonus":"THREE_CARDS","is_prod":false,"is_daily":false,"chose_seed":false,"campfire_upgraded":1,"win_rate":0.0,"timestamp":1546818701,"path_taken":["M","M","?","?","M","E","R","M","T","M","M","M","E","M","R","BOSS","M","?","M","?","?","E","R","?","T","E"],"build_version":"2019-01-03v4","purchased_purges":0,"victory":false,"max_hp_per_floor":[75,75,80,80,85,85,85,85,85,85,85,85,85,85,85,85,85,85,85,85,59,59,59,59,59,59,59],"card_choices":[{"not_picked":["Compile Driver","Gash"],"picked":"Lockon","floor":0},{"not_picked":["Sweeping Beam","Aggregate"],"picked":"Conserve Battery","floor":1},{"not_picked":["Sweeping Beam","Redo"],"picked":"Genetic Algorithm","floor":2},{"not_picked":["Steam","Storm"],"picked":"Conserve Battery","floor":5},{"not_picked":["Stack","Conserve Battery"],"picked":"Machine Learning","floor":6},{"not_picked":["Sweeping Beam","Stack"],"picked":"Conserve Battery","floor":8},{"not_picked":["Heatsinks","Barrage"],"picked":"Beam Cell","floor":10},{"not_picked":["Stack","Reinforced Body"],"picked":"Streamline","floor":11},{"not_picked":["Compile Driver","Rebound"],"picked":"Ball Lightning","floor":12},{"not_picked":["Genetic Algorithm","Leap"],"picked":"Fusion","floor":13},{"not_picked":["Melter","Lockon"],"picked":"BootSequence","floor":14},{"not_picked":["Amplify","Electrodynamics"],"picked":"Machine Learning","floor":16},{"not_picked":["Compile Driver+1","Steam Power"],"picked":"Go for the Eyes","floor":18},{"not_picked":["Heatsinks","Compile Driver","Steam"],"picked":"SKIP","floor":20},{"not_picked":["Conserve Battery","Scrape"],"picked":"Chill","floor":23}],"player_experience":38121,"relics_obtained":[{"floor":6,"key":"Letter Opener"},{"floor":9,"key":"Meat on the Bone"},{"floor":13,"key":"Whetstone"},{"floor":23,"key":"Bag of Preparation"},{"floor":26,"key":"Girya"}],"event_choices":[{"damage_healed":0,"gold_gain":0,"player_choice":"Donut","damage_taken":0,"max_hp_gain":5,"max_hp_loss":0,"event_name":"Big Fish","floor":3,"gold_loss":0},{"damage_healed":0,"gold_gain":0,"player_choice":"Take Damage","damage_taken":20,"relics_obtained":["Golden Idol"],"max_hp_gain":0,"max_hp_loss":0,"event_name":"Golden Idol","floor":4,"gold_loss":0},{"damage_healed":0,"gold_gain":0,"cards_transformed":["Strike_B","Strike_B"],"player_choice":"Became Test Subject","damage_taken":0,"max_hp_gain":0,"max_hp_loss":0,"event_name":"Drug Dealer","floor":19,"gold_loss":0,"cards_obtained":["Hello World","Echo Form"]},{"damage_healed":0,"gold_gain":0,"player_choice":"Became a vampire","damage_taken":0,"max_hp_gain":0,"max_hp_loss":26,"event_name":"Vampires","floor":21,"gold_loss":0,"cards_obtained":["Bite","Bite","Bite","Bite","Bite"]},{"damage_healed":0,"gold_gain":100,"player_choice":"Pray","damage_taken":0,"max_hp_gain":0,"max_hp_loss":0,"event_name":"Golden Shrine","floor":25,"gold_loss":0}],"is_beta":false,"boss_relics":[{"not_picked":["Coffee Dripper","Lizard Tail"],"picked":"Velvet Choker"}],"items_purged_floors":[],"is_endless":false,"potions_floor_spawned":[1,6,10,14,16],"killed_by":"Gremlin Leader","ascension_level":0}