{"gold_per_floor":[115,47,47,47,57,84,94,94,94,94,169,189,202,216,216,318,318,332,332,332,348,366,366,446,480,480,32,43,59,72,87,87,186,186,202,202,217,229,241,241,257,271,319,319,20,20,51,65,65,65],"floor_reached":51,"playtime":3859,"items_purged":["Sweeping Beam","Chill+1"],"score":755,"play_id":"0ad4d356-cbe4-4908-beb6-91c2eba28ed9","local_time":"20181114201706","is_ascension_mode":false,"campfire_choices":[{"data":"Zap","floor":8,"key":"SMITH"},{"floor":15,"key":"REST"},{"data":"Loop","floor":23,"key":"SMITH"},{"data":"Static Discharge","floor":32,"key":"SMITH"},{"data":"Capacitor","floor":40,"key":"SMITH"},{"data":"Defragment","floor":44,"key":"SMITH"},{"floor":49,"key":"REST"}],"neow_cost":"NONE","seed_source_timestamp":11673652589437,"circlet_count":0,"master_deck":["Zap+1","Dualcast","White Noise+1","Capacitor+1","Hologram","Defragment+1","White Noise+1","Leap+1","BootSequence+1","Multi-Cast+1","Loop+1","Leap+1","Stack+1","Sunder","Melter","Glacier+1","Ghostly+1","Ghostly+1","Ghostly+1","Ghostly+1","Ghostly+1","Sweeping Beam+1","Doom and Gloom+1","Static Discharge+1","Self Repair","Compile Driver","Undo+1","Tempest+1","Reboot+1","Redo+1"],"relics":["Cracked Core","NeowsBlessing","Regal Pillow","Matryoshka","Toxic Egg 2","Kunai","Pandora\u0027s Box","Enchiridion","Bag of Marbles","Mummified Hand","Strawberry","Bottled Tornado","Orichalcum","Bag of Preparation","Busted Crown","Potion Belt","Dodecahedron","Pantograph"],"potions_floor_usage":[16,25,42,45,50,50,50],"damage_taken":[{"damage":0,"enemies":"Jaw Worm","floor":1,"turns":1},{"damage":0,"enemies":"2 Louse","floor":5,"turns":1},{"damage":0,"enemies":"3 Sentries","floor":6,"turns":1},{"damage":6,"enemies":"Cultist","floor":7,"turns":4},{"damage":8,"enemies":"Red Slaver","floor":12,"turns":3},{"damage":24,"enemies":"3 Louse","floor":13,"turns":3},{"damage":9,"enemies":"Blue Slaver","floor":14,"turns":3},{"damage":60,"enemies":"Hexaghost","floor":16,"turns":12},{"damage":6,"enemies":"Shell Parasite","floor":18,"turns":5},{"damage":12,"enemies":"Chosen","floor":21,"turns":7},{"damage":10,"enemies":"Snecko","floor":22,"turns":5},{"damage":4,"enemies":"Gremlin Leader","floor":25,"turns":7},{"damage":5,"enemies":"Snake Plant","floor":28,"turns":4},{"damage":0,"enemies":"Chosen and Byrds","floor":29,"turns":4},{"damage":0,"enemies":"Centurion and Healer","floor":30,"turns":3},{"damage":0,"enemies":"Snecko","floor":31,"turns":4},{"damage":30,"enemies":"Champ","floor":33,"turns":7},{"damage":0,"enemies":"3 Shapes","floor":35,"turns":6},{"damage":1,"enemies":"Orb Walker","floor":37,"turns":6},{"damage":0,"enemies":"Jaw Worm Horde","floor":38,"turns":4},{"damage":0,"enemies":"Writhing Mass","floor":39,"turns":5},{"damage":9,"enemies":"3 Darklings","floor":41,"turns":6},{"damage":7,"enemies":"Jaw Worm Horde","floor":42,"turns":4},{"damage":0,"enemies":"Nemesis","floor":47,"turns":7},{"damage":9,"enemies":"4 Shapes","floor":48,"turns":1},{"damage":46,"enemies":"Donu and Deca","floor":50,"turns":9}],"seed_played":"-8570345510608655873","potions_obtained":[{"floor":1,"key":"Regen Potion"},{"floor":12,"key":"SteroidPotion"},{"floor":22,"key":"SpeedPotion"},{"floor":25,"key":"FearPotion"},{"floor":30,"key":"Block Potion"},{"floor":31,"key":"Weak Potion"},{"floor":39,"key":"Energy Potion"},{"floor":47,"key":"Energy Potion"}],"is_trial":false,"path_per_floor":["M","$","?","?","M","E","M","R","T","?","T","M","M","M","R","B",null,"M","?","?","M","M","R","T","E","T","$","M","M","M","M","R","B",null,"M","?","M","M","M","R","M","M","T","R","$","T","E","M","R","B",null],"character_chosen":"DEFECT","items_purchased":["Capacitor","Orichalcum","Bag of Preparation","Self Repair","Fruit Juice","Dexterity Potion","Energy Potion"],"campfire_rested":2,"item_purchase_floors":[2,27,27,27,45,45,45],"current_hp_per_floor":[75,75,68,68,68,68,62,62,62,67,67,59,35,26,65,17,80,74,58,40,28,18,18,18,21,21,21,30,37,44,47,47,17,47,47,47,47,47,47,47,45,45,45,45,50,50,52,43,52,13],"gold":65,"neow_bonus":"THREE_ENEMY_KILL","is_prod":false,"is_daily":false,"chose_seed":false,"campfire_upgraded":5,"win_rate":0.0,"timestamp":1542244626,"path_taken":["M","$","?","?","M","E","M","R","T","?","?","?","M","M","R","BOSS","M","?","?","M","M","R","?","E","T","?","?","M","M","M","R","BOSS","M","?","M","M","?","R","M","M","T","R","$","?","E","M","R","BOSS"],"build_version":"2018-11-08","purchased_purges":2,"victory":true,"max_hp_per_floor":[75,75,75,75,75,75,75,75,75,80,80,80,80,80,80,80,80,80,80,40,40,40,40,40,47,47,47,47,47,47,47,47,47,47,47,47,47,47,47,47,47,47,47,47,52,52,52,52,52,52],"card_choices":[{"not_picked":["Barrage","Turbo"],"picked":"White Noise","floor":1},{"not_picked":["Rebound","Streamline"],"picked":"Hologram","floor":5},{"not_picked":["FTL","Rebound"],"picked":"Defragment","floor":6},{"not_picked":["Hologram","Rebound","Compile Driver"],"picked":"SKIP","floor":7},{"not_picked":["Go for the Eyes","Hello World"],"picked":"White Noise+1","floor":12},{"not_picked":["Rebound","Cold Snap"],"picked":"Leap+1","floor":13},{"not_picked":["Reinforced Body+1","Double Energy+1"],"picked":"BootSequence+1","floor":14},{"not_picked":["Creative AI","Machine Learning"],"picked":"Multi-Cast+1","floor":16},{"not_picked":["Cold Snap","Sweeping Beam"],"picked":"Glacier+1","floor":18},{"not_picked":["Beam Cell","Turbo+1"],"picked":"Sweeping Beam+1","floor":21},{"not_picked":["Sweeping Beam","Skim+1"],"picked":"Doom and Gloom+1","floor":22},{"not_picked":["Ball Lightning","Reinforced Body+1"],"picked":"Static Discharge","floor":25},{"not_picked":["Cold Snap","Go for the Eyes"],"picked":"Compile Driver","floor":28},{"not_picked":["Scrape","Glacier+1"],"picked":"Undo+1","floor":29},{"not_picked":["Hologram+1","BootSequence+1"],"picked":"Consume+1","floor":30},{"not_picked":["Rebound","Reprogram+1"],"picked":"Tempest+1","floor":31},{"not_picked":["Machine Learning","All For One"],"picked":"Reboot+1","floor":33},{"not_picked":["Undo+1"],"picked":"SKIP","floor":35},{"not_picked":["Turbo+1"],"picked":"SKIP","floor":37},{"not_picked":["Conserve Battery+1"],"picked":"SKIP","floor":38},{"not_picked":[],"picked":"Redo+1","floor":39},{"not_picked":["Stack+1"],"picked":"SKIP","floor":41},{"not_picked":["Hologram+1"],"picked":"SKIP","floor":42},{"not_picked":["Go for the Eyes+1"],"picked":"SKIP","floor":47},{"not_picked":["Conserve Battery+1"],"picked":"SKIP","floor":48}],"player_experience":89188,"relics_obtained":[{"floor":6,"key":"Regal Pillow"},{"floor":9,"key":"Matryoshka"},{"floor":11,"key":"Toxic Egg 2"},{"floor":11,"key":"Kunai"},{"floor":19,"key":"Enchiridion"},{"floor":24,"key":"Bag of Marbles"},{"floor":24,"key":"Mummified Hand"},{"floor":25,"key":"Strawberry"},{"floor":26,"key":"Bottled Tornado"},{"floor":43,"key":"Potion Belt"},{"floor":46,"key":"Dodecahedron"},{"floor":47,"key":"Pantograph"}],"event_choices":[{"cards_removed":["Defend_B"],"damage_healed":0,"gold_gain":0,"player_choice":"Card Removal","damage_taken":7,"max_hp_gain":0,"max_hp_loss":0,"event_name":"Golden Wing","floor":3,"gold_loss":0},{"damage_healed":0,"gold_gain":0,"player_choice":"Grow","damage_taken":0,"max_hp_gain":0,"max_hp_loss":0,"event_name":"Living Wall","floor":4,"gold_loss":0,"cards_upgraded":["White Noise"]},{"damage_healed":0,"gold_gain":0,"player_choice":"Donut","damage_taken":0,"max_hp_gain":5,"max_hp_loss":0,"event_name":"Big Fish","floor":10,"gold_loss":0},{"damage_healed":0,"gold_gain":0,"player_choice":"Obtained Book","damage_taken":16,"max_hp_gain":0,"max_hp_loss":0,"event_name":"Cursed Tome","floor":19,"gold_loss":0},{"damage_healed":0,"gold_gain":0,"player_choice":"Became a Ghost","damage_taken":0,"max_hp_gain":0,"max_hp_loss":40,"event_name":"Ghosts","floor":20,"gold_loss":0,"cards_obtained":["Ghostly","Ghostly","Ghostly","Ghostly","Ghostly"]},{"cards_removed":["Consume"],"damage_healed":0,"gold_gain":0,"player_choice":"Offered Uncommon","damage_taken":0,"max_hp_gain":0,"max_hp_loss":0,"event_name":"Bonfire Elementals","floor":36,"gold_loss":0}],"is_beta":false,"boss_relics":[{"not_picked":["Orrery","Velvet Choker"],"picked":"Pandora\u0027s Box"},{"not_picked":["FrozenCore","Calling Bell"],"picked":"Busted Crown"}],"items_purged_floors":[27,45],"is_endless":false,"potions_floor_spawned":[1,12,22,25,30,31,39,47,48],"ascension_level":0}