{"gold_per_floor":[11,21,37,37,50,50,68,102,102,102,128,145,145,155,155,253,253,269,269,194,204,223,223,252,252,252,252,177,196,196,196,196,299,299,316,0,13,13,27,27,27],"floor_reached":41,"playtime":1619,"items_purged":[],"score":423,"play_id":"5e05c7bf-e56b-476d-b040-b40b8b9e86b7","local_time":"20190205105416","is_ascension_mode":false,"campfire_choices":[{"data":"Machine Learning","floor":10,"key":"SMITH"},{"floor":13,"key":"REST"},{"data":"Leap","floor":15,"key":"SMITH"},{"floor":23,"key":"REST"},{"data":"Reinforced Body","floor":25,"key":"SMITH"},{"data":"Dualcast","floor":27,"key":"SMITH"},{"floor":30,"key":"REST"},{"data":"Redo","floor":32,"key":"SMITH"},{"floor":40,"key":"REST"}],"neow_cost":"NO_GOLD","seed_source_timestamp":441126023982053,"circlet_count":0,"master_deck":["Strike_B","Strike_B","Strike_B","Strike_B","Defend_B","Defend_B","Defend_B","Zap","Dualcast+1","Ball Lightning","Redo+1","Rebound","Machine Learning+1","Reinforced Body+1","Lockon","Leap+1","Electrodynamics","Lockon","Compile Driver+1","Hologram+1","Skim","Self Repair","Redo+1","Creative AI","Static Discharge+1","Parasite","Conserve Battery+1"],"relics":["Cracked Core","Incense Burner","Juzu Bracelet","Blue Candle","Regal Pillow","Philosopher\u0027s Stone","Emotion Chip","WingedGreaves","Eternal Feather","Red Mask"],"potions_floor_usage":[11,12,16,35,39,39],"damage_taken":[{"damage":0,"enemies":"2 Louse","floor":1,"turns":2},{"damage":3,"enemies":"Jaw Worm","floor":2,"turns":3},{"damage":0,"enemies":"Small Slimes","floor":3,"turns":2},{"damage":11,"enemies":"2 Fungi Beasts","floor":5,"turns":3},{"damage":0,"enemies":"Looter","floor":7,"turns":3},{"damage":6,"enemies":"Gremlin Nob","floor":8,"turns":3},{"damage":20,"enemies":"Lagavulin","floor":11,"turns":4},{"damage":0,"enemies":"3 Louse","floor":12,"turns":2},{"damage":6,"enemies":"2 Fungi Beasts","floor":14,"turns":2},{"damage":48,"enemies":"Slime Boss","floor":16,"turns":11},{"damage":7,"enemies":"Spheric Guardian","floor":18,"turns":4},{"damage":7,"enemies":"Chosen","floor":21,"turns":3},{"damage":14,"enemies":"Snake Plant","floor":22,"turns":5},{"damage":27,"enemies":"Slavers","floor":24,"turns":4},{"damage":12,"enemies":"Chosen and Byrds","floor":29,"turns":3},{"damage":29,"enemies":"Automaton","floor":33,"turns":7},{"damage":19,"enemies":"Orb Walker","floor":35,"turns":3},{"damage":22,"enemies":"3 Darklings","floor":37,"turns":4},{"damage":10,"enemies":"Writhing Mass","floor":39,"turns":5},{"damage":75,"enemies":"Reptomancer","floor":41,"turns":3}],"seed_played":"738237082361343106","potions_obtained":[{"floor":1,"key":"Swift Potion"},{"floor":5,"key":"Explosive Potion"},{"floor":8,"key":"PowerPotion"},{"floor":11,"key":"SpeedPotion"},{"floor":21,"key":"Swift Potion"},{"floor":33,"key":"Block Potion"},{"floor":37,"key":"Energy Potion"}],"is_trial":false,"path_per_floor":["M","M","M","?","M","?","M","E","T","R","E","M","R","M","R","B",null,"M","?","?","M","M","R","E","R","T","R","$","M","R","?","R","B",null,"M","?","M","?","M","R","E"],"character_chosen":"DEFECT","items_purchased":["Self Repair"],"campfire_rested":4,"item_purchase_floors":[28],"current_hp_per_floor":[75,72,72,72,61,61,61,55,55,55,35,35,72,66,66,18,75,68,68,68,61,47,75,48,48,48,48,48,43,75,75,75,46,75,63,63,48,48,45,75,0],"gold":27,"neow_bonus":"ONE_RARE_RELIC","is_prod":false,"is_daily":false,"chose_seed":false,"campfire_upgraded":5,"win_rate":0,"timestamp":1549382056,"path_taken":["M","M","M","?","M","?","M","E","T","R","E","M","R","M","R","BOSS","M","?","?","M","M","R","E","R","T","R","$","M","R","?","R","BOSS","M","?","M","?","M","R","E"],"build_version":"2019-01-23","purchased_purges":0,"victory":false,"max_hp_per_floor":[75,75,75,75,75,75,75,75,75,75,75,75,75,75,75,75,75,75,75,75,75,75,75,75,75,75,75,75,75,75,75,75,75,75,75,75,75,75,75,75,75],"card_choices":[{"not_picked":["Chill","Streamline"],"picked":"Ball Lightning","floor":1},{"not_picked":["Storm","Rip and Tear"],"picked":"Redo","floor":2},{"not_picked":["Go for the Eyes","Blizzard","Steam"],"picked":"SKIP","floor":3},{"not_picked":["Go for the Eyes","Force Field"],"picked":"Rebound","floor":5},{"not_picked":["Stack","Steam","Barrage"],"picked":"SKIP","floor":7},{"not_picked":["Skim","Steam"],"picked":"Machine Learning","floor":8},{"not_picked":["Capacitor","Stack"],"picked":"Reinforced Body","floor":11},{"not_picked":["Cold Snap","Static Discharge"],"picked":"Lockon","floor":12},{"not_picked":["Auto Shields","Conserve Battery"],"picked":"Leap","floor":14},{"not_picked":["All For One","Meteor Strike"],"picked":"Electrodynamics","floor":16},{"not_picked":["Consume","Coolheaded"],"picked":"Lockon","floor":18},{"not_picked":["Storm","Darkness"],"picked":"Compile Driver+1","floor":21},{"not_picked":["Coolheaded","Reinforced Body"],"picked":"Hologram+1","floor":22},{"not_picked":["Chill","Ball Lightning"],"picked":"Skim","floor":24},{"not_picked":["Hyperbeam","Ball Lightning+1"],"picked":"Redo","floor":29},{"not_picked":["All For One","Biased Cognition"],"picked":"Creative AI","floor":33},{"not_picked":["Genetic Algorithm","Beam Cell+1","Barrage"],"picked":"SKIP","floor":35},{"not_picked":["Hologram+1","Coolheaded"],"picked":"Static Discharge+1","floor":37},{"not_picked":["Gash+1","Lockon"],"picked":"Conserve Battery+1","floor":39}],"player_experience":161017,"relics_obtained":[{"floor":8,"key":"Juzu Bracelet"},{"floor":9,"key":"Blue Candle"},{"floor":11,"key":"Regal Pillow"},{"floor":24,"key":"Emotion Chip"},{"floor":26,"key":"WingedGreaves"}],"event_choices":[{"damage_healed":0,"gold_gain":0,"player_choice":"Leave","damage_taken":0,"max_hp_gain":0,"max_hp_loss":0,"event_name":"The Cleric","floor":4,"gold_loss":0},{"damage_healed":0,"gold_gain":0,"player_choice":"Grow","damage_taken":0,"max_hp_gain":0,"max_hp_loss":0,"event_name":"Living Wall","floor":6,"gold_loss":0,"cards_upgraded":["Redo"]},{"damage_healed":0,"gold_gain":0,"player_choice":"Smashed Altar","damage_taken":0,"max_hp_gain":0,"max_hp_loss":0,"event_name":"Forgotten Altar","floor":19,"gold_loss":0,"cards_obtained":["Decay"]},{"cards_removed":["Decay"],"damage_healed":0,"gold_gain":0,"player_choice":"Gave Gold","damage_taken":0,"max_hp_gain":0,"max_hp_loss":0,"event_name":"Beggar","floor":20,"gold_loss":75},{"damage_healed":0,"gold_gain":0,"player_choice":"Ignored","damage_taken":0,"max_hp_gain":0,"max_hp_loss":0,"event_name":"Ghosts","floor":31,"gold_loss":0},{"damage_healed":0,"gold_gain":0,"player_choice":"Paid","damage_taken":0,"relics_obtained":["Red Mask"],"max_hp_gain":0,"max_hp_loss":0,"event_name":"Tomb of Lord Red Mask","floor":36,"gold_loss":316},{"cards_removed":["Defend_B"],"damage_healed":0,"gold_gain":0,"player_choice":"Removed Skill","damage_taken":0,"max_hp_gain":0,"max_hp_loss":0,"event_name":"Falling","floor":38,"gold_loss":0}],"is_beta":false,"boss_relics":[{"not_picked":["Pandora\u0027s Box","Empty Cage"],"picked":"Philosopher\u0027s Stone"},{"not_picked":["FrozenCore","Fusion Hammer"],"picked":"Eternal Feather"}],"items_purged_floors":[],"is_endless":false,"potions_floor_spawned":[1,5,8,11,21,33,37],"killed_by":"Reptomancer","ascension_level":0}