{"gold_per_floor":[118,118,118,293,149,149,160,185,208,226,226,261,113,129,129,224,224,208,208,208,54,154,187,187,222,246,246,49,66,82,96,96,194,194,211,225,238,338,338,338,367,367,394,105,120,149,59,71,71,71],"floor_reached":51,"playtime":5267,"items_purged":["Regret","Doubt","Defend_G"],"score":981,"play_id":"32ccec93-06b4-429b-8304-b3d6f1c0929f","local_time":"20190117005050","is_ascension_mode":true,"campfire_choices":[{"data":"Footwork","floor":6,"key":"SMITH"},{"floor":11,"key":"REST"},{"data":"Leg Sweep","floor":15,"key":"SMITH"},{"data":"Tools of the Trade","floor":24,"key":"SMITH"},{"floor":27,"key":"REST"},{"data":"Blade Dance","floor":32,"key":"SMITH"},{"data":"Caltrops","floor":40,"key":"SMITH"},{"floor":42,"key":"REST"},{"floor":49,"key":"REST"}],"neow_cost":"NONE","seed_source_timestamp":697194485946232,"circlet_count":0,"master_deck":["Defend_G","Defend_G","Strike_G+1","Strike_G+1","Survivor","Neutralize+1","Backstab","Footwork+1","Well Laid Plans","Caltrops+1","Dodge and Roll+1","Leg Sweep+1","Blade Dance+1","Bullet Time","Poisoned Stab+1","Outmaneuver","Tools of the Trade+1","Quick Slash","Backflip","Clumsy","Footwork+1","Dagger Throw","PiercingWail+1","Corpse Explosion","Bouncing Flask","Bane+1","Parasite","Heel Hook","Riddle With Holes+1","Writhe","After Image+1","Regret","Mind Blast","Accuracy+1","Masterful Stab+1"],"relics":["Ring of the Snake","Bag of Preparation","Du-Vu Doll","Whetstone","Happy Flower","Anchor","Cursed Key","Vajra","Frozen Egg 2","Gambling Chip","Lantern","Empty Cage","Dead Branch","Bronze Scales","Boot","Lee\u0027s Waffle","Regal Pillow"],"potions_floor_usage":[8,12,23,25,25,33,41,41,50],"damage_taken":[{"damage":8,"enemies":"2 Louse","floor":1,"turns":3},{"damage":0,"enemies":"Jaw Worm","floor":7,"turns":3},{"damage":14,"enemies":"Lagavulin","floor":8,"turns":8},{"damage":0,"enemies":"Cultist","floor":10,"turns":2},{"damage":12,"enemies":"Gremlin Nob","floor":12,"turns":6},{"damage":12,"enemies":"Gremlin Gang","floor":14,"turns":3},{"damage":0,"enemies":"The Guardian","floor":16,"turns":14},{"damage":4,"enemies":"2 Thieves","floor":18,"turns":4},{"damage":2,"enemies":"Book of Stabbing","floor":23,"turns":5},{"damage":23,"enemies":"Gremlin Leader","floor":25,"turns":12},{"damage":0,"enemies":"Chosen","floor":29,"turns":4},{"damage":5,"enemies":"Snecko","floor":30,"turns":5},{"damage":1,"enemies":"Centurion and Healer","floor":31,"turns":6},{"damage":52,"enemies":"Champ","floor":33,"turns":16},{"damage":0,"enemies":"3 Darklings","floor":35,"turns":2},{"damage":1,"enemies":"3 Shapes","floor":36,"turns":5},{"damage":25,"enemies":"Writhing Mass","floor":37,"turns":6},{"damage":0,"enemies":"Mind Bloom Boss Battle","floor":38,"turns":6},{"damage":34,"enemies":"Nemesis","floor":41,"turns":9},{"damage":27,"enemies":"Spire Growth","floor":45,"turns":5},{"damage":2,"enemies":"Giant Head","floor":46,"turns":5},{"damage":12,"enemies":"3 Darklings","floor":48,"turns":5},{"damage":89,"enemies":"Time Eater","floor":50,"turns":12}],"seed_played":"7336312518661490143","potions_obtained":[{"floor":1,"key":"LiquidBronze"},{"floor":8,"key":"Ancient Potion"},{"floor":16,"key":"Ancient Potion"},{"floor":18,"key":"Energy Potion"},{"floor":23,"key":"Swift Potion"},{"floor":30,"key":"Block Potion"},{"floor":35,"key":"Explosive Potion"},{"floor":37,"key":"SkillPotion"},{"floor":38,"key":"Swift Potion"},{"floor":46,"key":"FairyPotion"}],"is_trial":false,"path_per_floor":["M","?","?","?","$","R","M","E","T","M","R","E","$","M","R","B",null,"M","?","?","$","?","E","R","E","T","R","$","M","M","M","R","B",null,"M","M","M","?","?","R","E","R","T","$","M","E","?","M","R","B",null],"character_chosen":"THE_SILENT","items_purchased":["Footwork","AttackPotion","Vajra","Footwork+1","Lee\u0027s Waffle","Mind Blast"],"campfire_rested":4,"item_purchase_floors":[5,13,21,28,44,44],"current_hp_per_floor":[62,59,59,59,59,59,59,45,45,45,66,54,54,42,42,42,70,66,66,66,66,66,64,64,41,41,62,62,62,57,56,56,4,70,70,69,44,44,62,62,28,49,49,77,50,48,48,36,74,3],"gold":71,"neow_bonus":"UPGRADE_CARD","is_prod":false,"is_daily":false,"chose_seed":false,"campfire_upgraded":5,"win_rate":0,"timestamp":1547704250,"path_taken":["M","?","?","?","?","R","?","E","T","?","R","E","$","M","R","BOSS","M","?","?","?","?","E","R","E","T","R","$","M","M","M","R","BOSS","M","?","M","?","?","R","E","R","T","$","M","E","?","M","R","BOSS"],"build_version":"2019-01-10","purchased_purges":3,"victory":true,"max_hp_per_floor":[70,70,70,70,70,70,70,70,70,70,70,70,70,70,70,70,70,70,70,70,70,70,70,70,70,70,70,70,70,70,70,70,70,70,70,70,70,70,70,70,70,70,70,77,77,77,77,77,77,77],"card_choices":[{"not_picked":["Backflip","Blur"],"picked":"Backstab","floor":1},{"not_picked":["Dagger Throw","Dagger Spray"],"picked":"Well Laid Plans","floor":7},{"not_picked":["Concentrate","Deadly Poison"],"picked":"Caltrops","floor":8},{"not_picked":["Backflip","Outmaneuver"],"picked":"Dodge and Roll","floor":10},{"not_picked":["Escape Plan","Expertise"],"picked":"Leg Sweep","floor":12},{"not_picked":["Bane","Wraith Form v2"],"picked":"Blade Dance","floor":14},{"not_picked":["Wraith Form v2","A Thousand Cuts"],"picked":"Bullet Time","floor":16},{"not_picked":["Dodge and Roll+1","Quick Slash"],"picked":"Poisoned Stab+1","floor":18},{"not_picked":["Prepared","Grand Finale"],"picked":"Quick Slash","floor":23},{"not_picked":["Concentrate","Masterful Stab+1"],"picked":"Backflip","floor":25},{"not_picked":["Dodge and Roll+1","Backflip+1"],"picked":"Dagger Throw","floor":29},{"not_picked":["Quick Slash","Expertise","Prepared+1"],"picked":"SKIP","floor":30},{"not_picked":["Poisoned Stab","Blade Dance+1"],"picked":"PiercingWail+1","floor":31},{"not_picked":["Venomology","Glass Knife"],"picked":"Corpse Explosion","floor":33},{"not_picked":["PiercingWail","Expertise"],"picked":"Bouncing Flask","floor":35},{"not_picked":["PiercingWail","Poisoned Stab"],"picked":"Bane+1","floor":36},{"not_picked":["Bane+1","Cloak And Dagger+1"],"picked":"Heel Hook","floor":37},{"not_picked":["Deadly Poison+1","Dodge and Roll+1"],"picked":"Riddle With Holes+1","floor":38},{"not_picked":["Deadly Poison","Well Laid Plans+1"],"picked":"After Image+1","floor":41},{"not_picked":["Deadly Poison","Slice"],"picked":"Accuracy+1","floor":45},{"not_picked":["Flying Knee+1","Dagger Throw"],"picked":"Masterful Stab+1","floor":46},{"not_picked":["Flying Knee","Acrobatics+1","Sucker Punch"],"picked":"SKIP","floor":48}],"player_experience":237833,"relics_obtained":[{"floor":8,"key":"Whetstone"},{"floor":9,"key":"Happy Flower"},{"floor":12,"key":"Anchor"},{"floor":23,"key":"Frozen Egg 2"},{"floor":25,"key":"Gambling Chip"},{"floor":26,"key":"Lantern"},{"floor":38,"key":"Dead Branch"},{"floor":41,"key":"Bronze Scales"},{"floor":43,"key":"Boot"},{"floor":46,"key":"Regal Pillow"}],"event_choices":[{"damage_healed":0,"gold_gain":0,"player_choice":"Success","damage_taken":3,"relics_obtained":["Bag of Preparation"],"max_hp_gain":0,"max_hp_loss":0,"event_name":"Scrap Ooze","floor":2,"gold_loss":0},{"damage_healed":0,"gold_gain":0,"player_choice":"Box","damage_taken":0,"relics_obtained":["Du-Vu Doll"],"max_hp_gain":0,"max_hp_loss":0,"event_name":"Big Fish","floor":3,"gold_loss":0,"cards_obtained":["Regret"]},{"damage_healed":0,"gold_gain":175,"player_choice":"AGREE","damage_taken":0,"max_hp_gain":0,"max_hp_loss":0,"event_name":"Liars Game","floor":4,"gold_loss":0,"cards_obtained":["Doubt"]},{"damage_healed":0,"gold_gain":0,"cards_transformed":["Strike_G","Strike_G"],"player_choice":"Became Test Subject","damage_taken":0,"max_hp_gain":0,"max_hp_loss":0,"event_name":"Drug Dealer","floor":19,"gold_loss":0,"cards_obtained":["Outmaneuver","Tools of the Trade"]},{"damage_healed":0,"gold_gain":0,"player_choice":"Ignored","damage_taken":0,"max_hp_gain":0,"max_hp_loss":0,"event_name":"Ghosts","floor":20,"gold_loss":0},{"damage_healed":0,"gold_gain":100,"player_choice":"Pray","damage_taken":0,"max_hp_gain":0,"max_hp_loss":0,"event_name":"Golden Shrine","floor":22,"gold_loss":0},{"damage_healed":0,"gold_gain":0,"player_choice":"Fight","damage_taken":0,"max_hp_gain":0,"max_hp_loss":0,"event_name":"MindBloom","floor":38,"gold_loss":0},{"damage_healed":18,"gold_gain":0,"player_choice":"Writhe","damage_taken":0,"max_hp_gain":0,"max_hp_loss":0,"event_name":"Winding Halls","floor":39,"gold_loss":0,"cards_obtained":["Writhe"]},{"cards_removed":["Defend_G"],"damage_healed":0,"gold_gain":0,"player_choice":"Upgrade and Remove","damage_taken":0,"max_hp_gain":0,"max_hp_loss":0,"event_name":"Designer","floor":47,"gold_loss":90,"cards_upgraded":["Dodge and Roll"]}],"is_beta":false,"boss_relics":[{"not_picked":["Coffee Dripper","Astrolabe"],"picked":"Cursed Key"},{"not_picked":["Tiny House","Sozu"],"picked":"Empty Cage"}],"items_purged_floors":[5,13,28],"is_endless":false,"potions_floor_spawned":[1,8,16,18,23,30,35,37,38,46],"ascension_level":4}