{"path_per_floor":["M","?","?","?","T","E","M","M","T","E","M","?","$","M","R"],"character_chosen":"IRONCLAD","items_purchased":["Fire Breathing"],"gold_per_floor":[12,12,12,0,0,26,46,60,134,168,185,165,84,98,98],"floor_reached":16,"campfire_rested":1,"playtime":1114,"current_hp_per_floor":[80,80,94,94,94,101,101,99,99,75,67,67,67,61,91],"items_purged":[],"gold":98,"score":135,"play_id":"5c5eee12-27d2-4989-ae2a-4d9916869f8d","is_prod":false,"is_daily":false,"is_ascension_mode":false,"campfire_upgraded":0,"path_taken":["M","?","?","?","?","E","?","M","T","E","M","?","$","M","R","BOSS"],"build_version":"2018-02-08-PROD1","purchased_purges":0,"victory":false,"master_deck":["Strike_R","Strike_R","Strike_R","Strike_R","Strike_R","Defend_R","Defend_R","Defend_R","Defend_R","Bash","Fiend Fire+1","Power Through","Regret","Headbutt","Shrug It Off","Perfected Strike","Battle Trance","Sword Boomerang","Fire Breathing","Blood for Blood"],"max_hp_per_floor":[80,80,94,94,94,101,101,101,101,101,101,101,101,101,101],"relics":["Burning Blood","Mango","Gambling Chip","Strawberry","Mummified Hand","Paper Frog"],"card_choices":[{"not_picked":["Impervious","Brutality"],"picked":"Fiend Fire"},{"not_picked":["Iron Wave","Anger"],"picked":"Power Through"},{"not_picked":["Dual Wield","Clash"],"picked":"Headbutt"},{"not_picked":["Intimidate","True Grit"],"picked":"Shrug It Off"},{"not_picked":["Flex","Fiend Fire"],"picked":"Perfected Strike"},{"not_picked":["Pummel","Cleave"],"picked":"Battle Trance"},{"not_picked":["Iron Wave","Body Slam"],"picked":"Sword Boomerang"},{"not_picked":["Warcry","Thunderclap"],"picked":"Blood for Blood"}],"player_experience":2875,"potions_floor_usage":[],"damage_taken":[{"damage":1,"enemies":"Jaw Worm","floor":1,"turns":3},{"damage":1,"enemies":"Gremlin Nob","floor":6,"turns":3},{"damage":0,"enemies":"Cultist","floor":7,"turns":2},{"damage":8,"enemies":"2 Louse","floor":8,"turns":3},{"damage":30,"enemies":"Lagavulin","floor":10,"turns":6},{"damage":14,"enemies":"2 Fungi Beasts","floor":11,"turns":2},{"damage":12,"enemies":"3 Louse","floor":14,"turns":3},{"damage":95,"enemies":"Hexaghost","floor":16,"turns":9}],"event_choices":[{"event_name":"Living Wall","player_choice":"Grow","floor":2,"damage_taken":0},{"event_name":"Big Fish","player_choice":"Box","floor":3,"damage_taken":0},{"event_name":"World of Goop","player_choice":"Left","floor":4,"damage_taken":0},{"event_name":"The Woman in Blue","player_choice":"Bought 1 Potion","floor":12,"damage_taken":0}],"boss_relics":[],"potions_floor_spawned":[8,11,14],"seed_played":"977488311764622865","killed_by":"Hexaghost","ascension_level":0,"is_trial":false}