{"gold_per_floor":[116,116,116,116,136,136,136,179,179,454,454,474,67,81,81,200,200,221,240,240,58,483,483,582,582,582,497,528,580,433,447,447,572,572,591,491,616,641,641,641,641,641,641,660,126,157,490,139,139,139,139,139,0,26,26],"floor_reached":55,"playtime":1818,"items_purged":["Regret","Strike_B","Creative AI+1"],"score":1169,"play_id":"54e17706-422d-4a26-bf12-329cceace98f","local_time":"20181212174228","is_ascension_mode":true,"campfire_choices":[{"data":"Rebound","floor":6,"key":"SMITH"},{"data":"Zap","floor":11,"key":"SMITH"},{"data":"Dualcast","floor":15,"key":"SMITH"},{"data":"Apotheosis","floor":23,"key":"SMITH"},{"floor":25,"key":"REST"},{"floor":32,"key":"REST"},{"floor":40,"key":"REST"},{"floor":42,"key":"REST"},{"floor":49,"key":"RECALL"},{"floor":52,"key":"REST"}],"neow_cost":"NONE","seed_source_timestamp":343863682742667,"circlet_count":0,"master_deck":["Strike_B","Strike_B","Strike_B+1","Defend_B","Defend_B","Defend_B","Zap+1","Dualcast+1","Rebound+1","Conserve Battery","Cold Snap","Gash","Scrape","Genetic Algorithm","All For One+1","Beam Cell","Go for the Eyes","Apotheosis+1","Skim","Sweeping Beam","Recycle+1","Hologram+1","Purity","Streamline+1","Gash","Coolheaded","Conserve Battery","Melter","White Noise+1"],"relics":["Cracked Core","NeowsBlessing","Dodecahedron","Juzu Bracelet","Nunchaku","Anchor","Turnip","Shuriken","Empty Cage","Enchiridion","Old Coin","Letter Opener","Singing Bowl","FossilizedHelix","Gremlin Horn","Bag of Preparation","Runic Pyramid","Prayer Wheel","Bottled Lightning","Ornamental Fan","Vajra","Sundial","DollysMirror","Whetstone","Mummified Hand"],"potions_floor_usage":[22,22,38,54,55],"damage_taken":[{"damage":0,"enemies":"2 Louse","floor":1,"turns":1},{"damage":0,"enemies":"Small Slimes","floor":5,"turns":1},{"damage":0,"enemies":"Lagavulin","floor":8,"turns":1},{"damage":0,"enemies":"Jaw Worm","floor":12,"turns":2},{"damage":0,"enemies":"Looter","floor":14,"turns":2},{"damage":40,"enemies":"Hexaghost","floor":16,"turns":9},{"damage":6,"enemies":"Spheric Guardian","floor":18,"turns":3},{"damage":0,"enemies":"3 Byrds","floor":19,"turns":4},{"damage":0,"enemies":"Colosseum Slavers","floor":22,"turns":3},{"damage":25,"enemies":"Colosseum Nobs","floor":22,"turns":5},{"damage":0,"enemies":"Gremlin Leader","floor":28,"turns":6},{"damage":0,"enemies":"Snecko","floor":31,"turns":3},{"damage":0,"enemies":"Automaton","floor":33,"turns":6},{"damage":0,"enemies":"Orb Walker","floor":35,"turns":3},{"damage":39,"enemies":"Mind Bloom Boss Battle","floor":37,"turns":6},{"damage":27,"enemies":"3 Darklings","floor":38,"turns":3},{"damage":0,"enemies":"Sphere and 2 Shapes","floor":44,"turns":6},{"damage":0,"enemies":"Giant Head","floor":46,"turns":4},{"damage":57,"enemies":"Time Eater","floor":50,"turns":8},{"damage":15,"enemies":"Shield and Spear","floor":54,"turns":4},{"damage":87,"enemies":"The Heart","floor":55,"turns":5}],"seed_played":"-559038601535794573","potions_obtained":[{"floor":1,"key":"Poison Potion"},{"floor":12,"key":"EssenceOfSteel"},{"floor":19,"key":"SkillPotion"},{"floor":28,"key":"Regen Potion"},{"floor":31,"key":"Energy Potion"},{"floor":37,"key":"Fire Potion"},{"floor":44,"key":"FearPotion"}],"is_trial":false,"path_per_floor":["M","?","?","T","M","R","?","E","T","?","R","M","$","M","R","B",null,"M","M","?","$","?","R","?","R","T","?","E","T","$","M","R","B",null,"M","$","?","M","?","R","?","R","T","M","$","E","?","$","R","B",null,"R","$","E","B"],"character_chosen":"DEFECT","items_purchased":["Shuriken","Scrape","Apotheosis","Bag of Preparation","Ornamental Fan","Vajra","DollysMirror","Whetstone","Coolheaded","Conserve Battery","Melter"],"campfire_rested":5,"item_purchase_floors":[13,13,21,30,45,45,48,48,53,53,53],"current_hp_per_floor":[68,61,61,61,61,61,61,61,61,61,61,61,61,61,61,21,62,56,56,40,40,15,15,15,37,37,37,39,39,39,41,64,64,75,75,75,36,11,11,35,35,59,59,63,63,63,63,63,63,6,65,85,85,70,0],"gold":26,"neow_bonus":"THREE_ENEMY_KILL","is_prod":false,"is_daily":false,"chose_seed":false,"campfire_upgraded":4,"win_rate":0,"timestamp":1544654548,"path_taken":["M","?","?","?","M","R","?","E","T","?","R","M","$","M","R","BOSS","M","M","?","$","?","R","?","R","T","?","E","?","$","M","R","BOSS","M","$","?","M","?","R","?","R","T","M","$","E","?","$","R","BOSS","R","$","E","BOSS"],"build_version":"2018-12-06","purchased_purges":3,"victory":false,"max_hp_per_floor":[75,75,75,75,75,75,75,75,75,75,75,75,75,75,75,75,75,75,75,75,75,75,75,75,75,75,75,77,77,77,79,79,79,79,79,79,79,81,81,81,81,81,81,85,85,85,85,85,85,85,85,85,85,85,85],"card_choices":[{"not_picked":["Fusion","Beam Cell"],"picked":"Rebound","floor":1},{"not_picked":["Go for the Eyes","Stack"],"picked":"Conserve Battery","floor":5},{"not_picked":["Go for the Eyes","Rainbow"],"picked":"Cold Snap","floor":8},{"not_picked":["Sweeping Beam","Turbo"],"picked":"Gash","floor":12},{"not_picked":["Steam","Hello World"],"picked":"Genetic Algorithm","floor":14},{"not_picked":["Biased Cognition","Rainbow"],"picked":"All For One","floor":16},{"not_picked":["Reinforced Body","Conserve Battery"],"picked":"Beam Cell","floor":18},{"not_picked":["FTL","Scrape"],"picked":"Go for the Eyes","floor":19},{"not_picked":["Cold Snap","Rebound"],"picked":"Skim","floor":22},{"not_picked":["Fission","Leap","Steam"],"picked":"Singing Bowl","floor":28},{"not_picked":["Ball Lightning","Steam","Rebound"],"picked":"Singing Bowl","floor":31},{"not_picked":["Machine Learning","Reboot"],"picked":"Creative AI","floor":33},{"not_picked":["Leap","Skim"],"picked":"Sweeping Beam","floor":35},{"not_picked":["Stack","Sweeping Beam+1"],"picked":"Recycle+1","floor":37},{"not_picked":["Steam+1","Coolheaded"],"picked":"Hologram+1","floor":38},{"not_picked":["Leap","Ball Lightning","Rebound+1"],"picked":"Singing Bowl","floor":38},{"not_picked":["Thinking Ahead","The Bomb"],"picked":"Purity","floor":39},{"not_picked":["Sweeping Beam+1","Barrage+1","Rebound"],"picked":"Singing Bowl","floor":44},{"not_picked":["Thunder Strike","Hologram+1","Aggregate"],"picked":"Singing Bowl","floor":44},{"not_picked":["Doom and Gloom+1","Consume+1"],"picked":"Streamline+1","floor":46},{"not_picked":["Auto Shields","Coolheaded"],"picked":"White Noise+1","floor":54}],"player_experience":328523,"relics_obtained":[{"floor":4,"key":"Juzu Bracelet"},{"floor":8,"key":"Anchor"},{"floor":9,"key":"Turnip"},{"floor":20,"key":"Enchiridion"},{"floor":22,"key":"Old Coin"},{"floor":22,"key":"Letter Opener"},{"floor":26,"key":"Singing Bowl"},{"floor":28,"key":"Gremlin Horn"},{"floor":37,"key":"Prayer Wheel"},{"floor":43,"key":"Bottled Lightning"},{"floor":46,"key":"Sundial"},{"floor":54,"key":"Mummified Hand"}],"event_choices":[{"damage_healed":0,"gold_gain":0,"player_choice":"Success","damage_taken":7,"relics_obtained":["Dodecahedron"],"max_hp_gain":0,"max_hp_loss":0,"event_name":"Scrap Ooze","floor":2,"gold_loss":0},{"damage_healed":0,"gold_gain":0,"player_choice":"Take Wound","damage_taken":0,"relics_obtained":["Golden Idol"],"max_hp_gain":0,"max_hp_loss":0,"event_name":"Golden Idol","floor":3,"gold_loss":0,"cards_obtained":["Injury"]},{"damage_healed":0,"gold_gain":0,"player_choice":"Gave Potion","damage_taken":0,"relics_obtained":["Nunchaku"],"max_hp_gain":0,"max_hp_loss":0,"event_name":"WeMeetAgain","floor":7,"gold_loss":0},{"damage_healed":0,"gold_gain":275,"player_choice":"Desecrate","damage_taken":0,"max_hp_gain":0,"max_hp_loss":0,"event_name":"Golden Shrine","floor":10,"gold_loss":0,"cards_obtained":["Regret"]},{"damage_healed":0,"gold_gain":0,"player_choice":"Obtained Book","damage_taken":16,"max_hp_gain":0,"max_hp_loss":0,"event_name":"Cursed Tome","floor":20,"gold_loss":0},{"damage_healed":0,"gold_gain":0,"player_choice":"Fight","damage_taken":0,"max_hp_gain":0,"max_hp_loss":0,"event_name":"Colosseum","floor":22,"gold_loss":0},{"damage_healed":0,"gold_gain":0,"player_choice":"Fought Nobs","damage_taken":0,"max_hp_gain":0,"max_hp_loss":0,"event_name":"Colosseum","floor":22,"gold_loss":0},{"damage_healed":0,"gold_gain":99,"player_choice":"Stole From Cult","damage_taken":0,"max_hp_gain":0,"max_hp_loss":0,"event_name":"Nest","floor":24,"gold_loss":0},{"damage_healed":0,"gold_gain":0,"player_choice":"Obtained Relic","damage_taken":0,"relics_obtained":["FossilizedHelix"],"max_hp_gain":0,"max_hp_loss":0,"event_name":"Addict","floor":27,"gold_loss":85},{"damage_healed":0,"gold_gain":0,"player_choice":"Fight","damage_taken":0,"max_hp_gain":0,"max_hp_loss":0,"event_name":"MindBloom","floor":37,"gold_loss":0},{"damage_healed":0,"gold_gain":0,"player_choice":"Memory 1","damage_taken":0,"max_hp_gain":0,"max_hp_loss":0,"event_name":"SensoryStone","floor":39,"gold_loss":0},{"damage_healed":0,"gold_gain":0,"player_choice":"Forge","damage_taken":0,"max_hp_gain":0,"max_hp_loss":0,"event_name":"Accursed Blacksmith","floor":41,"gold_loss":0,"cards_upgraded":["Creative AI"]},{"damage_healed":0,"gold_gain":333,"player_choice":"Gave Idol","damage_taken":0,"max_hp_gain":0,"max_hp_loss":0,"event_name":"The Moai Head","floor":47,"relics_lost":["Golden Idol"],"gold_loss":0}],"is_beta":false,"boss_relics":[{"not_picked":["Snecko Eye","Ectoplasm"],"picked":"Empty Cage"},{"not_picked":["Lizard Tail","Astrolabe"],"picked":"Runic Pyramid"}],"items_purged_floors":[13,36,45],"is_endless":false,"potions_floor_spawned":[1,12,19,22,28,31,37,44],"killed_by":"The Heart","ascension_level":7}