{"gold_per_floor":[219,294,10,10,10,10,39,39,39,39,58,68,68,87,87,187,187,187,40,40,40,40,40,0,0,0,0,0,0,0,0],"floor_reached":31,"playtime":2749,"items_purged":["Strike_B","Defend_B"],"score":251,"play_id":"cc05be3b-8076-4d53-af1e-4546df35fd19","local_time":"20190106231933","is_ascension_mode":false,"campfire_choices":[{"data":"Defragment","floor":6.0,"key":"SMITH"},{"floor":8.0,"key":"REST"},{"floor":10.0,"key":"REST"},{"data":"Zap","floor":13.0,"key":"SMITH"},{"data":"Go for the Eyes","floor":15,"key":"SMITH"},{"data":"Creative AI","floor":23,"key":"SMITH"},{"floor":28,"key":"REST"}],"neow_cost":"NONE","seed_source_timestamp":0,"circlet_count":0,"master_deck":["Strike_B","Strike_B","Defend_B","Defend_B","Defend_B","Zap+1","Dualcast","Defragment+1","Cold Snap","Go for the Eyes+1","Tempest","FTL","Creative AI+1","Cold Snap","Conserve Battery","Deep Breath","Streamline","Barrage","BootSequence","Capacitor","Shame","Conserve Battery"],"special_seed":0,"relics":["Cracked Core","ClockworkSouvenir","Centennial Puzzle","Juzu Bracelet","Potion Belt","Ectoplasm","MawBank","Strawberry","Kunai"],"potions_floor_usage":[],"damage_taken":[{"damage":3.0,"enemies":"Jaw Worm","floor":1.0,"turns":4.0},{"damage":26.0,"enemies":"Gremlin Nob","floor":7.0,"turns":4.0},{"damage":1.0,"enemies":"2 Louse","floor":11.0,"turns":3.0},{"damage":0.0,"enemies":"Cultist","floor":12.0,"turns":3.0},{"damage":0.0,"enemies":"3 Louse","floor":14.0,"turns":4.0},{"damage":37,"enemies":"Hexaghost","floor":16,"turns":10},{"damage":12,"enemies":"3 Byrds","floor":18,"turns":6},{"damage":20,"enemies":"2 Thieves","floor":24,"turns":4},{"damage":11,"enemies":"Book of Stabbing","floor":25,"turns":5},{"damage":11,"enemies":"3 Cultists","floor":27,"turns":6},{"damage":2,"enemies":"Snecko","floor":30,"turns":5},{"damage":2,"enemies":"Colosseum Slavers","floor":31,"turns":5},{"damage":34,"enemies":"Colosseum Nobs","floor":31,"turns":3}],"seed_played":"5919771250275146229","potions_obtained":[{"floor":1.0,"key":"Strength Potion"},{"floor":7.0,"key":"SpeedPotion"},{"floor":24,"key":"SpeedPotion"},{"floor":27,"key":"PowerPotion"},{"floor":30,"key":"EssenceOfSteel"}],"is_trial":false,"path_per_floor":["M","?","$","?","?","R","E","R","T","R","M","M","R","M","R","B",null,"M","$","?","?","?","R","M","E","T","M","R","?","M","?"],"character_chosen":"DEFECT","items_purchased":["ClockworkSouvenir","Conserve Battery"],"campfire_rested":3,"item_purchase_floors":[3,19],"current_hp_per_floor":[72,61,61,43,43,43,17,39,39,61,60,60,60,60,60,23,75,63,63,49,49,49,49,29,18,25,14,38,38,36,0],"gold":0,"neow_bonus":"HUNDRED_GOLD","is_prod":false,"is_daily":false,"chose_seed":false,"campfire_upgraded":4,"win_rate":0.0,"timestamp":1546834773,"path_taken":["M","?","$","?","?","R","E","R","T","R","M","M","R","M","R","BOSS","M","$","?","?","?","R","M","E","T","M","R","?","M","?"],"build_version":"2019-01-03v4","purchased_purges":2,"victory":false,"max_hp_per_floor":[75,75,75,75,75,75,75,75,75,75,75,75,75,75,75,75,75,75,75,75,75,75,75,75,75,82,82,82,82,82,82],"card_choices":[{"not_picked":["Heatsinks","Redo"],"picked":"Defragment","floor":1.0},{"not_picked":["Go for the Eyes","Consume"],"picked":"Cold Snap","floor":7.0},{"not_picked":["Ball Lightning","Blizzard"],"picked":"Go for the Eyes","floor":11.0},{"not_picked":["Compile Driver","Barrage"],"picked":"Tempest","floor":12.0},{"not_picked":["Gash","Ball Lightning"],"picked":"FTL","floor":14.0},{"not_picked":["Amplify","Thunder Strike"],"picked":"Creative AI","floor":16},{"not_picked":["Stack","Rebound+1"],"picked":"Cold Snap","floor":18},{"not_picked":["Blizzard","Ball Lightning+1"],"picked":"BootSequence","floor":24},{"not_picked":["Coolheaded+1","Loop","Leap+1"],"picked":"SKIP","floor":25},{"not_picked":["Melter+1","Conserve Battery"],"picked":"Capacitor","floor":27},{"not_picked":["Steam","Electrodynamics"],"picked":"Conserve Battery","floor":30}],"player_experience":40770,"relics_obtained":[{"floor":7.0,"key":"Juzu Bracelet"},{"floor":9.0,"key":"Potion Belt"},{"floor":25,"key":"MawBank"},{"floor":26,"key":"Strawberry"}],"event_choices":[{"damage_healed":0.0,"max_hp_gain":0.0,"max_hp_loss":0.0,"gold_gain":75.0,"event_name":"World of Goop","player_choice":"Gather Gold","floor":2.0,"gold_loss":0.0,"damage_taken":11.0},{"damage_healed":0.0,"max_hp_gain":0.0,"max_hp_loss":0.0,"gold_gain":0.0,"event_name":"Scrap Ooze","player_choice":"Success","floor":4.0,"gold_loss":0.0,"damage_taken":18.0,"relics_obtained":["Centennial Puzzle"]},{"damage_healed":0.0,"max_hp_gain":0.0,"max_hp_loss":0.0,"gold_gain":0.0,"event_name":"Liars Game","player_choice":"Ignored","floor":5.0,"gold_loss":0.0,"damage_taken":0.0},{"damage_healed":0,"gold_gain":0,"player_choice":"CARD ","damage_taken":14,"max_hp_gain":0,"max_hp_loss":0,"event_name":"Knowing Skull","floor":20,"potions_obtained":[],"gold_loss":0,"cards_obtained":["Deep Breath"]},{"damage_healed":0,"gold_gain":0,"player_choice":"Read","damage_taken":0,"max_hp_gain":0,"max_hp_loss":0,"event_name":"The Library","floor":21,"gold_loss":0,"cards_obtained":["Streamline"]},{"damage_healed":0,"gold_gain":0,"cards_transformed":["Strike_B"],"player_choice":"Transformed","damage_taken":0,"max_hp_gain":0,"max_hp_loss":0,"event_name":"Transmorgrifier","floor":22,"gold_loss":0,"cards_obtained":["Barrage"]},{"damage_healed":0,"gold_gain":0,"player_choice":"Stole Relic","damage_taken":0,"relics_obtained":["Kunai"],"max_hp_gain":0,"max_hp_loss":0,"event_name":"Addict","floor":29,"gold_loss":0,"cards_obtained":["Shame"]},{"damage_healed":0,"gold_gain":0,"player_choice":"Fight","damage_taken":0,"max_hp_gain":0,"max_hp_loss":0,"event_name":"Colosseum","floor":31,"gold_loss":0},{"damage_healed":0,"gold_gain":0,"player_choice":"Fought Nobs","damage_taken":0,"max_hp_gain":0,"max_hp_loss":0,"event_name":"Colosseum","floor":31,"gold_loss":0}],"is_beta":false,"boss_relics":[{"not_picked":["Coffee Dripper","Inserter"],"picked":"Ectoplasm"}],"items_purged_floors":[3,19],"is_endless":false,"potions_floor_spawned":[1,7,24,27,30],"killed_by":"Colosseum Nobs","ascension_level":0}