{"path_per_floor":["M","?","?","$","M","R","E","M","T","M","E","$","M","M","R","B",null,"M","?","?","M","M","R","?","$","T","M"],"character_chosen":"DEFECT","items_purchased":["Ball Lightning","Defragment","Self Repair"],"gold_per_floor":[115,115,115,15,29,29,68,84,111,125,166,33,56,69,69,190,190,209,209,209,230,253,253,253,56,56,74,74],"floor_reached":28,"campfire_rested":0,"playtime":1586,"item_purchase_floors":[4,12,25],"current_hp_per_floor":[75,68,50,50,50,50,50,50,50,48,42,42,36,38,38,22,75,68,68,68,54,48,48,48,48,48,36,0],"items_purged":["Strike_B","Strike_B","Strike_B"],"gold":74,"score":255,"play_id":"56d5811d-9e75-4274-abed-bee625b47791","local_time":"20180531230644","is_prod":false,"is_daily":false,"chose_seed":false,"is_ascension_mode":false,"campfire_upgraded":3,"win_rate":0,"timestamp":1527775604,"campfire_choices":[{"data":"Dualcast","floor":6,"key":"SMITH"},{"data":"Defragment","floor":15,"key":"SMITH"},{"data":"Zap","floor":23,"key":"SMITH"}],"path_taken":["M","?","?","?","?","R","E","M","T","M","E","$","M","M","R","BOSS","M","?","?","M","M","R","?","$","T","M","?"],"build_version":"2018-05-30v2","seed_source_timestamp":4613962424925,"purchased_purges":3,"victory":false,"master_deck":["Defend_B","Defend_B","Defend_B","Zap+1","Dualcast+1","Go for the Eyes","Ball Lightning","Ball Lightning","Redo","Creative AI","Skim","Defragment+1","Turbo","Aggregate","Reboot","Cold Snap+1","Hologram","Steam","Self Repair","Self Repair"],"max_hp_per_floor":[75,75,75,75,75,75,75,75,75,75,75,75,75,75,75,75,75,75,75,75,75,75,75,75,75,75,75,75],"relics":["Cracked Core","NeowsBlessing","Golden Idol","Orichalcum","Potion Belt","Blood Vial","White Beast Statue","Ancient Tea Set","Anchor"],"card_choices":[{"not_picked":["Double Energy","Turbo"],"picked":"Go for the Eyes","floor":1},{"not_picked":["Lockon","Coolheaded"],"picked":"Ball Lightning","floor":5},{"not_picked":["Streamline","Sweeping Beam"],"picked":"Redo","floor":7},{"not_picked":["Sweeping Beam","Double Energy"],"picked":"Creative AI","floor":8},{"not_picked":["Streamline","Rebound","Heatsinks"],"picked":"SKIP","floor":10},{"not_picked":["Heatsinks","Barrage"],"picked":"Skim","floor":11},{"not_picked":["Hologram","Barrage"],"picked":"Turbo","floor":13},{"not_picked":["Hyperbeam","Gash"],"picked":"Aggregate","floor":14},{"not_picked":["Hyperbeam","Core Surge"],"picked":"Reboot","floor":16},{"not_picked":["Hologram","Compile Driver+1"],"picked":"Cold Snap+1","floor":18},{"not_picked":["Leap","Streamline"],"picked":"Hologram","floor":21},{"not_picked":["Lockon","Stack"],"picked":"Steam","floor":22},{"not_picked":["Compile Driver","Beam Cell"],"picked":"Self Repair","floor":27}],"player_experience":215357,"potions_floor_usage":[14,22,27,27,27,27,27,28],"damage_taken":[{"damage":0,"enemies":"2 Louse","floor":1,"turns":1},{"damage":0,"enemies":"Cultist","floor":5,"turns":1},{"damage":0,"enemies":"Gremlin Nob","floor":7,"turns":1},{"damage":0,"enemies":"Jaw Worm","floor":8,"turns":2},{"damage":2,"enemies":"3 Louse","floor":10,"turns":2},{"damage":6,"enemies":"3 Sentries","floor":11,"turns":6},{"damage":8,"enemies":"Exordium Wildlife","floor":13,"turns":2},{"damage":0,"enemies":"Lots of Slimes","floor":14,"turns":1},{"damage":18,"enemies":"Slime Boss","floor":16,"turns":7},{"damage":7,"enemies":"Shell Parasite","floor":18,"turns":3},{"damage":16,"enemies":"3 Byrds","floor":21,"turns":4},{"damage":8,"enemies":"Snake Plant","floor":22,"turns":3},{"damage":21,"enemies":"3 Cultists","floor":27,"turns":5},{"damage":38,"enemies":"Cultist and Chosen","floor":28,"turns":6}],"relics_obtained":[{"floor":7,"key":"Orichalcum"},{"floor":9,"key":"Potion Belt"},{"floor":11,"key":"Blood Vial"},{"floor":26,"key":"Anchor"}],"event_choices":[{"event_name":"Golden Wing","player_choice":"Card Removal","floor":2,"damage_taken":0},{"event_name":"Golden Idol","player_choice":"Take Damage","floor":3,"damage_taken":0},{"event_name":"The Mausoleum","player_choice":"Yes","floor":19,"damage_taken":0},{"event_name":"Back to Basics","player_choice":"Elegance","floor":20,"damage_taken":0},{"event_name":"Ghosts","player_choice":"Ignored","floor":24,"damage_taken":0}],"boss_relics":[{"not_picked":["Eternal Feather","Tiny House"],"picked":"White Beast Statue"}],"items_purged_floors":[4,12,25],"potions_floor_spawned":[1,7,8,16,18,21,22,27],"seed_played":"-3977337518056702208","killed_by":"Cultist and Chosen","ascension_level":0,"potions_obtained":[{"floor":1,"key":"Explosive Potion"},{"floor":7,"key":"Dexterity Potion"},{"floor":8,"key":"SpeedPotion"},{"floor":16,"key":"Dexterity Potion"},{"floor":18,"key":"Block Potion"},{"floor":21,"key":"PowerPotion"},{"floor":22,"key":"SneckoOil"},{"floor":27,"key":"Swift Potion"}],"is_trial":false}