{"gold_per_floor":[113,66,66,78,78,110,110,135,187,187,214,226,264,289,301,418,430,459,34,46,65,65,65,90,102,127,77,77,97,117,33,33,33],"floor_reached":33,"playtime":2058,"items_purged":["Defend_B","Strike_B","Defend_B"],"score":442,"play_id":"05561e84-b521-4068-b9e5-1fd6f8276e15","local_time":"20181013102236","is_ascension_mode":true,"campfire_choices":[{"data":"Dualcast","floor":7,"key":"SMITH"},{"data":"Zap","floor":10,"key":"SMITH"},{"data":"Coolheaded","floor":12,"key":"SMITH"},{"floor":15,"key":"REST"},{"data":"Defragment","floor":23,"key":"SMITH"},{"floor":32,"key":"REST"}],"neow_cost":"NONE","seed_source_timestamp":290403111172872,"circlet_count":0,"master_deck":["Strike_B","Strike_B","Defend_B","Defend_B","Zap+1","Dualcast+1","Sweeping Beam","Coolheaded+1","FTL","Loop","Electrodynamics","Sunder","Conserve Battery","Biased Cognition","Gash+1","Go for the Eyes","BootSequence","Defragment+1","Biased Cognition","Loop","Stack","Reprogram+1","Heatsinks"],"relics":["Cracked Core","NeowsBlessing","Art of War","Thread and Needle","Smiling Mask","MawBank","Meat on the Bone","Lizard Tail","PreservedInsect","Runic Capacitor","Mummified Hand","Happy Flower"],"potions_floor_usage":[8,13,16,18,21,29,30],"damage_taken":[{"damage":0,"enemies":"Small Slimes","floor":1,"turns":1},{"damage":0,"enemies":"Cultist","floor":4,"turns":1},{"damage":0,"enemies":"3 Sentries","floor":6,"turns":1},{"damage":5,"enemies":"Lagavulin","floor":8,"turns":8},{"damage":25,"enemies":"Gremlin Nob","floor":11,"turns":4},{"damage":0,"enemies":"3 Sentries","floor":13,"turns":4},{"damage":0,"enemies":"Jaw Worm","floor":14,"turns":3},{"damage":42,"enemies":"Hexaghost","floor":16,"turns":10},{"damage":0,"enemies":"Shell Parasite","floor":18,"turns":6},{"damage":18,"enemies":"3 Byrds","floor":20,"turns":3},{"damage":9,"enemies":"Shelled Parasite and Fungi","floor":21,"turns":5},{"damage":0,"enemies":"Gremlin Leader","floor":24,"turns":4},{"damage":9,"enemies":"Centurion and Healer","floor":25,"turns":2},{"damage":2,"enemies":"3 Cultists","floor":29,"turns":3},{"damage":14,"enemies":"Shelled Parasite and Fungi","floor":30,"turns":6},{"damage":164,"enemies":"Automaton","floor":33,"turns":16}],"seed_played":"-8816935635155224591","potions_obtained":[{"floor":3,"key":"SpeedPotion"},{"floor":3,"key":"FairyPotion"},{"floor":3,"key":"SpeedPotion"},{"floor":4,"key":"Fire Potion"},{"floor":13,"key":"Explosive Potion"},{"floor":16,"key":"Weak Potion"},{"floor":20,"key":"Fire Potion"},{"floor":25,"key":"Weak Potion"},{"floor":29,"key":"Dexterity Potion"}],"is_trial":false,"path_per_floor":["M","$","?","M","?","E","R","E","T","R","E","R","E","M","R","B",null,"M","$","M","M","?","R","E","M","T","$","?","M","M","$","R"],"character_chosen":"DEFECT","items_purchased":["Coolheaded","Go for the Eyes","PreservedInsect","Runic Capacitor","Heatsinks"],"campfire_rested":2,"item_purchase_floors":[2,19,19,19,31],"current_hp_per_floor":[75,75,75,75,75,75,75,70,70,70,45,45,45,45,67,37,75,75,75,57,48,48,48,48,39,39,39,25,35,33,33,57,0],"gold":33,"neow_bonus":"THREE_ENEMY_KILL","is_prod":false,"is_daily":false,"chose_seed":false,"campfire_upgraded":4,"win_rate":0,"timestamp":1539440556,"path_taken":["M","$","?","M","?","E","R","E","T","R","E","R","E","M","R","BOSS","M","$","M","M","?","R","E","M","T","$","?","M","M","$","R","BOSS"],"build_version":"2018-10-11","purchased_purges":3,"victory":false,"max_hp_per_floor":[75,75,75,75,75,75,75,75,75,75,75,75,75,75,75,75,75,75,75,75,75,75,75,75,75,75,75,80,80,80,80,80,80],"card_choices":[{"not_picked":["Barrage","Streamline"],"picked":"Sweeping Beam","floor":1},{"not_picked":["Cold Snap","Coolheaded"],"picked":"FTL","floor":4},{"not_picked":["Redo","Ball Lightning"],"picked":"Loop","floor":6},{"not_picked":["Conserve Battery","Blizzard"],"picked":"Electrodynamics","floor":8},{"not_picked":["Go for the Eyes","Aggregate"],"picked":"Sunder","floor":11},{"not_picked":["Streamline","Coolheaded"],"picked":"Conserve Battery","floor":13},{"not_picked":["Barrage","Force Field","Rebound"],"picked":"SKIP","floor":14},{"not_picked":["Amplify","Meteor Strike"],"picked":"Biased Cognition","floor":16},{"not_picked":["Cold Snap+1","Hello World"],"picked":"Gash+1","floor":18},{"not_picked":["Blizzard+1","Steam Power+1"],"picked":"BootSequence","floor":20},{"not_picked":["Lockon","Hologram"],"picked":"Defragment","floor":21},{"not_picked":["Gash","Rebound"],"picked":"Loop","floor":24},{"not_picked":["Beam Cell","Cold Snap"],"picked":"Stack","floor":25},{"not_picked":["Leap+1","Stack","Turbo"],"picked":"SKIP","floor":29},{"not_picked":["Electrodynamics","Compile Driver"],"picked":"Reprogram+1","floor":30}],"player_experience":294019,"relics_obtained":[{"floor":6,"key":"Art of War"},{"floor":8,"key":"Thread and Needle"},{"floor":9,"key":"Smiling Mask"},{"floor":11,"key":"MawBank"},{"floor":13,"key":"Meat on the Bone"},{"floor":24,"key":"Mummified Hand"},{"floor":26,"key":"Happy Flower"}],"event_choices":[{"event_name":"The Lab","player_choice":"Got Potions","floor":3,"damage_taken":0},{"event_name":"Bonfire Elementals","player_choice":"BASIC","floor":5,"damage_taken":0},{"event_name":"Duplicator","player_choice":"One dupe","floor":22,"damage_taken":0},{"event_name":"Forgotten Altar","player_choice":"Shed Blood","floor":28,"damage_taken":0}],"is_beta":false,"boss_relics":[{"not_picked":["Calling Bell","Black Star"],"picked":"Lizard Tail"}],"items_purged_floors":[19,27,31],"is_endless":false,"potions_floor_spawned":[4,13,16,20,25,29],"killed_by":"Automaton","ascension_level":4}