{"gold_per_floor":[111,26,39,4,21,21,51,51,51,51,51,81,94,104,104,183,183,193,212,212,262,281,281,281,304,304,333,23,23,38,64,64,141,141,157,172,72,472,472,500,514,514,539,18,18,81,6,55,55,55,55],"floor_reached":52,"playtime":4091,"items_purged":["Masterful Stab","Endless Agony","Prepared"],"score":2233,"play_id":"467271e7-bd22-47bf-9672-8674ad5f22f2","local_time":"20181216232245","is_ascension_mode":true,"campfire_choices":[{"data":"Bouncing Flask","floor":6.0,"key":"SMITH"},{"data":"Neutralize","floor":8.0,"key":"SMITH"},{"data":"Crippling Poison","floor":10.0,"key":"SMITH"},{"data":"Backflip","floor":15.0,"key":"SMITH"},{"floor":23.0,"key":"REST"},{"floor":29.0,"key":"REST"},{"data":"Outmaneuver","floor":32.0,"key":"SMITH"},{"data":"Cloak And Dagger","floor":42,"key":"SMITH"},{"data":"Cloak And Dagger","floor":45,"key":"SMITH"},{"data":"Ghostly","floor":49,"key":"SMITH"}],"neow_cost":"NONE","seed_source_timestamp":48631429614700,"circlet_count":0,"master_deck":["AscendersBane","Defend_G","Defend_G","Defend_G","Defend_G","Defend_G","Strike_G","Strike_G+1","Strike_G+1","Survivor","Neutralize+1","Crippling Poison+1","Bouncing Flask+1","Backflip+1","Underhanded Strike+1","Cloak And Dagger+1","Wraith Form v2+1","Backflip","Well Laid Plans+1","Dagger Spray+1","Ghostly+1","Ghostly","Ghostly","Cloak And Dagger+1","Deflect","PiercingWail","Outmaneuver+1","Bullet Time","Cloak And Dagger","Blur+1","Underhanded Strike+1","Cloak And Dagger","PiercingWail","After Image+1","Footwork+1","Cloak And Dagger"],"special_seed":0,"relics":["WristBlade","Frozen Egg 2","Molten Egg 2","Dodecahedron","Black Star","MutagenicStrength","Strawberry","Shuriken","FossilizedHelix","Thread and Needle","Vajra","Bronze Scales","Blood Vial","Snecko Eye","Old Coin","Ice Cream","Torii","Whetstone","Bottled Lightning","Tiny Chest","Centennial Puzzle","Incense Burner"],"potions_floor_usage":[40,51],"damage_taken":[{"damage":2.0,"enemies":"2 Louse","floor":1.0,"turns":3.0},{"damage":5.0,"enemies":"Small Slimes","floor":3.0,"turns":3.0},{"damage":1.0,"enemies":"Cultist","floor":5.0,"turns":3.0},{"damage":10.0,"enemies":"Lagavulin","floor":7.0,"turns":5.0},{"damage":17.0,"enemies":"Gremlin Nob","floor":12.0,"turns":4.0},{"damage":0.0,"enemies":"Blue Slaver","floor":13.0,"turns":1.0},{"damage":7.0,"enemies":"Exordium Wildlife","floor":14.0,"turns":4.0},{"damage":26.0,"enemies":"The Guardian","floor":16.0,"turns":11.0},{"damage":20.0,"enemies":"Shell Parasite","floor":18.0,"turns":8.0},{"damage":2.0,"enemies":"Chosen","floor":19.0,"turns":5.0},{"damage":4.0,"enemies":"Snake Plant","floor":22.0,"turns":5.0},{"damage":17.0,"enemies":"Slavers","floor":27.0,"turns":6.0},{"damage":0.0,"enemies":"3 Cultists","floor":30.0,"turns":5.0},{"damage":0.0,"enemies":"Gremlin Leader","floor":31.0,"turns":10.0},{"damage":27.0,"enemies":"Champ","floor":33.0,"turns":15.0},{"damage":8,"enemies":"3 Darklings","floor":35,"turns":6},{"damage":0,"enemies":"Orb Walker","floor":36,"turns":2},{"damage":0,"enemies":"Mind Bloom Boss Battle","floor":38,"turns":7},{"damage":0,"enemies":"Giant Head","floor":40,"turns":10},{"damage":0,"enemies":"4 Shapes","floor":41,"turns":5},{"damage":0,"enemies":"Nemesis","floor":46,"turns":7},{"damage":0,"enemies":"2 Orb Walkers","floor":48,"turns":6},{"damage":0,"enemies":"Awakened One","floor":50,"turns":15},{"damage":0,"enemies":"Time Eater","floor":51,"turns":17}],"seed_played":"4412765413621160147","potions_obtained":[{"floor":1.0,"key":"Regen Potion"},{"floor":5.0,"key":"Fruit Juice"},{"floor":12.0,"key":"Strength Potion"},{"floor":19.0,"key":"Swift Potion"},{"floor":27.0,"key":"Swift Potion"},{"floor":30.0,"key":"Strength Potion"},{"floor":35,"key":"Strength Potion"},{"floor":36,"key":"Strength Potion"},{"floor":46,"key":"Block Potion"},{"floor":48,"key":"SpeedPotion"}],"is_trial":false,"path_per_floor":["M","$","M","?","M","R","E","R","T","R","?","E","M","M","R","B",null,"M","M","?","?","M","R","?","T","T","E","$","R","M","E","R","B",null,"M","M","$","?","?","E","M","R","T","$","R","E","$","?","R","B","B",null],"character_chosen":"THE_SILENT","items_purchased":["Endless Agony","Vajra","Cloak And Dagger","Deflect","Bottled Lightning","Cloak And Dagger","PiercingWail","Footwork+1"],"campfire_rested":2,"item_purchase_floors":[2,28,28,28,44,44,44,47],"current_hp_per_floor":[57,57,52,66,70,70,60,60,60,60,53,36,36,41,41,15,57,37,35,35,35,31,52,35,42,42,25,25,37,37,37,37,12,35,29,31,31,33,33,35,37,37,37,37,37,39,39,41,41,42,42],"gold":55,"neow_bonus":"BOSS_RELIC","is_prod":false,"is_daily":false,"chose_seed":false,"campfire_upgraded":8,"win_rate":0,"timestamp":1545020565,"path_taken":["M","$","M","?","M","R","E","R","T","R","?","E","M","M","R","BOSS","M","M","?","?","?","R","?","?","T","E","$","R","?","E","R","BOSS","M","M","$","?","?","E","M","R","T","$","R","E","?","?","R","BOSS","BOSS"],"build_version":"2018-11-15","purchased_purges":3,"victory":true,"max_hp_per_floor":[66,66,66,66,71,71,71,71,71,71,71,71,71,71,71,71,71,71,71,71,71,71,71,35,42,42,42,42,42,42,42,42,42,42,42,42,42,42,42,42,42,42,42,42,42,42,42,42,42,42,42],"card_choices":[{"not_picked":["Tactician","Poisoned Stab"],"picked":"Masterful Stab","floor":1.0},{"not_picked":["Dagger Spray","Acrobatics"],"picked":"Crippling Poison","floor":3.0},{"not_picked":["Skewer","Underhanded Strike"],"picked":"Bouncing Flask","floor":5.0},{"not_picked":["Dagger Spray","Terror"],"picked":"Backflip","floor":7.0},{"not_picked":["Setup","Expertise"],"picked":"Underhanded Strike+1","floor":12.0},{"not_picked":["Bane+1","Quick Slash+1"],"picked":"Prepared","floor":13.0},{"not_picked":["Poisoned Stab+1","Calculated Gamble"],"picked":"Cloak And Dagger","floor":14.0},{"not_picked":["Venomology","After Image+1"],"picked":"Wraith Form v2+1","floor":16.0},{"not_picked":["Acrobatics","Outmaneuver"],"picked":"Backflip","floor":18.0},{"not_picked":["Concentrate","Catalyst"],"picked":"Well Laid Plans+1","floor":19.0},{"not_picked":["Backflip","Prepared"],"picked":"Dagger Spray+1","floor":22.0},{"not_picked":["Deadly Poison","Unload+1","Expertise"],"picked":"SKIP","floor":27.0},{"not_picked":["Skewer+1","Slice+1"],"picked":"PiercingWail","floor":30.0},{"not_picked":["Acrobatics","Prepared+1"],"picked":"Outmaneuver","floor":31.0},{"not_picked":["Burst","Storm of Steel"],"picked":"Bullet Time","floor":33.0},{"not_picked":["Outmaneuver","Skewer+1","Sucker Punch+1"],"picked":"SKIP","floor":35},{"not_picked":["Bane+1","Poisoned Stab+1"],"picked":"Cloak And Dagger","floor":36},{"not_picked":["Slice+1","Prepared"],"picked":"Blur+1","floor":38},{"not_picked":["Terror","Bouncing Flask"],"picked":"Underhanded Strike+1","floor":40},{"not_picked":["Reflex","Terror","Outmaneuver+1"],"picked":"SKIP","floor":41},{"not_picked":["Die Die Die+1","Choke+1"],"picked":"After Image+1","floor":46},{"not_picked":["Eviscerate+1","Prepared"],"picked":"Cloak And Dagger","floor":48}],"player_experience":1840570,"relics_obtained":[{"floor":7.0,"key":"Frozen Egg 2"},{"floor":9.0,"key":"Molten Egg 2"},{"floor":12.0,"key":"Dodecahedron"},{"floor":25.0,"key":"Strawberry"},{"floor":26.0,"key":"Shuriken"},{"floor":27.0,"key":"FossilizedHelix"},{"floor":27.0,"key":"Thread and Needle"},{"floor":31.0,"key":"Bronze Scales"},{"floor":31.0,"key":"Blood Vial"},{"floor":38,"key":"Old Coin"},{"floor":40,"key":"Ice Cream"},{"floor":40,"key":"Torii"},{"floor":43,"key":"Whetstone"},{"floor":46,"key":"Tiny Chest"},{"floor":46,"key":"Centennial Puzzle"},{"floor":48,"key":"Incense Burner"}],"event_choices":[{"damage_healed":16.0,"max_hp_gain":0.0,"max_hp_loss":0.0,"gold_gain":0.0,"event_name":"The Cleric","player_choice":"Healed","floor":4.0,"gold_loss":35.0,"damage_taken":0.0},{"cards_removed":["Strike_G"],"damage_healed":0.0,"max_hp_gain":0.0,"max_hp_loss":0.0,"gold_gain":0.0,"event_name":"Golden Wing","player_choice":"Card Removal","floor":11.0,"gold_loss":0.0,"damage_taken":7.0},{"damage_healed":0.0,"max_hp_gain":0.0,"max_hp_loss":0.0,"gold_gain":0.0,"event_name":"Drug Dealer","player_choice":"Inject Mutagens","floor":20.0,"gold_loss":0.0,"damage_taken":0.0,"relics_obtained":["MutagenicStrength"]},{"damage_healed":0.0,"max_hp_gain":0.0,"max_hp_loss":0.0,"gold_gain":100.0,"event_name":"The Joust","player_choice":"Bet on Murderer","floor":21.0,"gold_loss":50.0,"damage_taken":0.0},{"damage_healed":0.0,"max_hp_gain":0.0,"max_hp_loss":36.0,"gold_gain":0.0,"event_name":"Ghosts","player_choice":"Became a Ghost","floor":24.0,"gold_loss":0.0,"damage_taken":0.0,"cards_obtained":["Ghostly","Ghostly","Ghostly"]},{"damage_healed":0,"gold_gain":0,"player_choice":"Fight","damage_taken":0,"max_hp_gain":0,"max_hp_loss":0,"event_name":"MindBloom","floor":38,"gold_loss":0},{"cards_removed":["Strike_G"],"damage_healed":0,"gold_gain":0,"player_choice":"Removed Attack","damage_taken":0,"max_hp_gain":0,"max_hp_loss":0,"event_name":"Falling","floor":39,"gold_loss":0},{"damage_healed":0,"gold_gain":0,"player_choice":"Fight","damage_taken":0,"max_hp_gain":0,"max_hp_loss":0,"event_name":"Mysterious Sphere","floor":48,"gold_loss":0}],"is_beta":true,"boss_relics":[{"not_picked":["Coffee Dripper","Velvet Choker"],"picked":"Black Star"},{"not_picked":["Cursed Key","Calling Bell"],"picked":"Snecko Eye"}],"items_purged_floors":[28,37,44],"is_endless":false,"potions_floor_spawned":[1,5,12,19,27,30,35,36,46,48],"ascension_level":20}