{"gold_per_floor":[118,68,86,86,105,105,105,105,105,105,30,40,40,51,51,154,154,168,88,107,140,150,150,170,201,201,126,142,69,80,80,80,176,176,188,188],"floor_reached":36,"playtime":2167,"items_purged":["Defend_B"],"score":501,"play_id":"f3569fcd-6d0f-475b-bc62-b5b7b1e200cf","local_time":"20181028115110","is_ascension_mode":true,"campfire_choices":[{"data":"Zap","floor":6,"key":"SMITH"},{"data":"Consume","floor":8,"key":"SMITH"},{"data":"Go for the Eyes","floor":13,"key":"SMITH"},{"floor":15,"key":"REST"},{"floor":23,"key":"REST"},{"floor":32,"key":"REST"}],"neow_cost":"NONE","seed_source_timestamp":1591637556536363,"circlet_count":0,"master_deck":["Strike_B","Strike_B","Defend_B","Zap+1","Dualcast","Consume+1","Go for the Eyes+1","Cold Snap","Auto Shields","Conserve Battery","Coolheaded","Echo Form","White Noise+1","Capacitor","All For One","Go for the Eyes","All For One","Leap"],"relics":["FrozenCore","Vajra","Blue Candle","Mummified Hand","Busted Crown","Red Mask","Blood Vial","Art of War"],"potions_floor_usage":[16,20,21,30,31,35],"damage_taken":[{"damage":4,"enemies":"Jaw Worm","floor":1,"turns":3},{"damage":3,"enemies":"2 Louse","floor":3,"turns":2},{"damage":1,"enemies":"Cultist","floor":5,"turns":3},{"damage":15,"enemies":"3 Louse","floor":12,"turns":4},{"damage":3,"enemies":"Lots of Slimes","floor":14,"turns":4},{"damage":25,"enemies":"Hexaghost","floor":16,"turns":12},{"damage":4,"enemies":"Chosen","floor":18,"turns":5},{"damage":8,"enemies":"Shell Parasite","floor":20,"turns":4},{"damage":50,"enemies":"Masked Bandits","floor":21,"turns":6},{"damage":1,"enemies":"Centurion and Healer","floor":22,"turns":11},{"damage":2,"enemies":"Snake Plant","floor":24,"turns":4},{"damage":0,"enemies":"Book of Stabbing","floor":25,"turns":7},{"damage":0,"enemies":"Cultist and Chosen","floor":28,"turns":6},{"damage":12,"enemies":"3 Cultists","floor":30,"turns":5},{"damage":0,"enemies":"Centurion and Healer","floor":31,"turns":1},{"damage":24,"enemies":"Automaton","floor":33,"turns":12},{"damage":0,"enemies":"3 Darklings","floor":35,"turns":3},{"damage":79,"enemies":"2 Orb Walkers","floor":36,"turns":6}],"seed_played":"8111207837994431900","potions_obtained":[{"floor":1,"key":"SpeedPotion"},{"floor":14,"key":"SteroidPotion"},{"floor":16,"key":"Strength Potion"},{"floor":18,"key":"AttackPotion"},{"floor":28,"key":"Explosive Potion"},{"floor":30,"key":"SmokeBomb"}],"is_trial":false,"path_per_floor":["M","?","M","?","M","R","T","R","T","?","$","M","R","M","R","B",null,"M","$","M","?","M","R","M","E","T","?","M","$","M","M","R","B",null,"M"],"character_chosen":"DEFECT","items_purchased":["Capacitor","All For One"],"campfire_rested":3,"item_purchase_floors":[19,29],"current_hp_per_floor":[71,71,68,68,67,67,67,67,67,67,67,52,52,49,71,46,68,64,64,56,6,5,27,25,25,25,25,27,27,17,19,41,19,61,63,0],"gold":188,"neow_bonus":"RANDOM_COMMON_RELIC","is_prod":false,"is_daily":false,"chose_seed":false,"campfire_upgraded":3,"win_rate":0,"timestamp":1540741870,"path_taken":["M","?","?","?","?","R","?","R","T","?","$","M","R","M","R","BOSS","M","$","M","?","M","R","M","E","T","?","M","$","M","M","R","BOSS","M","?"],"build_version":"2018-10-25v2","purchased_purges":1,"victory":false,"max_hp_per_floor":[75,75,75,75,75,75,75,75,75,75,75,75,75,75,75,75,75,75,75,75,75,75,75,75,75,75,75,75,75,75,75,75,75,75,75,75],"card_choices":[{"not_picked":["Tempest","Go for the Eyes"],"picked":"Consume","floor":1},{"not_picked":["Recycle","Sunder"],"picked":"Go for the Eyes","floor":3},{"not_picked":["Compile Driver","Auto Shields"],"picked":"Cold Snap","floor":5},{"not_picked":["Beam Cell","Streamline"],"picked":"Conserve Battery","floor":12},{"not_picked":["Rip and Tear","Rebound"],"picked":"Coolheaded","floor":14},{"not_picked":["Seek","Machine Learning"],"picked":"Echo Form","floor":16},{"not_picked":[],"picked":"White Noise+1","floor":18},{"not_picked":["Hello World"],"picked":"SKIP","floor":20},{"not_picked":["Steam"],"picked":"SKIP","floor":22},{"not_picked":["Hello World"],"picked":"SKIP","floor":24},{"not_picked":["Chaos"],"picked":"SKIP","floor":25},{"not_picked":["Steam"],"picked":"SKIP","floor":28},{"not_picked":[],"picked":"Go for the Eyes","floor":30},{"not_picked":[],"picked":"All For One","floor":33},{"not_picked":[],"picked":"Leap","floor":35}],"player_experience":407182,"relics_obtained":[{"floor":7,"key":"Blue Candle"},{"floor":9,"key":"Mummified Hand"},{"floor":21,"key":"Red Mask"},{"floor":25,"key":"Blood Vial"},{"floor":26,"key":"Art of War"}],"event_choices":[{"cards_removed":["Strike_B"],"damage_healed":0,"gold_gain":0,"player_choice":"Card Removal","damage_taken":0,"max_hp_gain":0,"max_hp_loss":0,"event_name":"The Cleric","floor":2,"gold_loss":50},{"cards_removed":["Defend_B"],"damage_healed":0,"gold_gain":0,"player_choice":"Offered Basic","damage_taken":0,"max_hp_gain":0,"max_hp_loss":0,"event_name":"Bonfire Elementals","floor":4,"gold_loss":0},{"damage_healed":0,"gold_gain":0,"cards_transformed":["Strike_B"],"player_choice":"Change","damage_taken":0,"max_hp_gain":0,"max_hp_loss":0,"event_name":"Living Wall","floor":10,"gold_loss":0,"cards_obtained":["Auto Shields"]},{"damage_healed":0,"gold_gain":0,"player_choice":"Fought Bandits","damage_taken":0,"max_hp_gain":0,"max_hp_loss":0,"event_name":"Masked Bandits","floor":21,"gold_loss":0},{"cards_removed":["Defend_B"],"damage_healed":0,"gold_gain":0,"player_choice":"Gave Gold","damage_taken":0,"max_hp_gain":0,"max_hp_loss":0,"event_name":"Beggar","floor":27,"gold_loss":75},{"damage_healed":0,"gold_gain":0,"player_choice":"Fight","damage_taken":0,"max_hp_gain":0,"max_hp_loss":0,"event_name":"Mysterious Sphere","floor":36,"gold_loss":0}],"is_beta":false,"boss_relics":[{"not_picked":["Eternal Feather","White Beast Statue"],"picked":"Busted Crown"},{"not_picked":["Sozu","Astrolabe"],"picked":"FrozenCore"}],"items_purged_floors":[11],"is_endless":false,"potions_floor_spawned":[1,14,16,18,28,30,31],"killed_by":"2 Orb Walkers","ascension_level":5}