{"gold_per_floor":[368,343,358,375,375,406,406,406,406,421,421,421,449,403,403,508,508,520,570,170,170,182,207,207,223,223,240,252,177,189,14,14,117,117,128,128,146,146,160,160],"floor_reached":40,"playtime":5076,"items_purged":["Parasite"],"score":466,"play_id":"0e8c77dc-beca-416b-93a9-1645764494fe","local_time":"20190204190121","is_ascension_mode":false,"campfire_choices":[{"data":"Anger","floor":8.0,"key":"SMITH"},{"data":"Clothesline","floor":12.0,"key":"SMITH"},{"data":"Flame Barrier","floor":15.0,"key":"SMITH"},{"data":"Rampage","floor":24.0,"key":"SMITH"},{"floor":32.0,"key":"REST"}],"neow_cost":"TEN_PERCENT_HP_LOSS","seed_source_timestamp":0,"circlet_count":0,"master_deck":["Strike_R","Strike_R","Strike_R","Strike_R","Defend_R","Defend_R","Defend_R","Defend_R","Whirlwind","Clothesline+1","Spot Weakness","Anger+1","Battle Trance","Flame Barrier+1","Double Tap","Rampage+1","True Grit","Limit Break","Flame Barrier+1"],"special_seed":0,"relics":["Burning Blood","Calipers","FossilizedHelix","Dead Branch","Singing Bowl","Red Skull","Sozu","Gremlin Horn","Pen Nib","Paper Frog","Bottled Flame","Bag of Preparation","Cursed Key"],"potions_floor_usage":[33],"damage_taken":[{"damage":6.0,"enemies":"2 Louse","floor":1.0,"turns":3.0},{"damage":6.0,"enemies":"Jaw Worm","floor":3.0,"turns":3.0},{"damage":0.0,"enemies":"Small Slimes","floor":4.0,"turns":3.0},{"damage":35.0,"enemies":"Lagavulin","floor":6.0,"turns":7.0},{"damage":0.0,"enemies":"Exordium Wildlife","floor":10.0,"turns":3.0},{"damage":9.0,"enemies":"Gremlin Nob","floor":13.0,"turns":4.0},{"damage":0.0,"enemies":"Hexaghost","floor":16.0,"turns":7.0},{"damage":11.0,"enemies":"2 Thieves","floor":18.0,"turns":4.0},{"damage":0.0,"enemies":"3 Byrds","floor":22.0,"turns":3.0},{"damage":25.0,"enemies":"Book of Stabbing","floor":23.0,"turns":6.0},{"damage":24.0,"enemies":"Sentry and Sphere","floor":25.0,"turns":6.0},{"damage":13.0,"enemies":"Shelled Parasite and Fungi","floor":27.0,"turns":4.0},{"damage":0.0,"enemies":"Snake Plant","floor":28.0,"turns":2.0},{"damage":3.0,"enemies":"Centurion and Healer","floor":30.0,"turns":4.0},{"damage":36,"enemies":"Collector","floor":33,"turns":8},{"damage":23,"enemies":"3 Darklings","floor":35,"turns":4},{"damage":5,"enemies":"3 Shapes","floor":37,"turns":4},{"damage":0,"enemies":"Sphere and 2 Shapes","floor":39,"turns":1},{"damage":83,"enemies":"Nemesis","floor":40,"turns":10}],"seed_played":"-3017605282378748801","potions_obtained":[{"floor":4.0,"key":"EssenceOfSteel"},{"floor":13.0,"key":"PowerPotion"},{"floor":16.0,"key":"Swift Potion"}],"is_trial":false,"path_per_floor":["M","$","M","M","?","E","?","R","T","M","?","R","E","?","R","B",null,"M","?","$","?","M","E","R","M","T","M","M","?","M","$","R","B",null,"M","?","M","?","M","E"],"character_chosen":"IRONCLAD","items_purchased":["Clothesline","Gremlin Horn","Rampage","Bag of Preparation","True Grit"],"campfire_rested":1,"item_purchase_floors":[2,20,20,31,31],"current_hp_per_floor":[72,72,72,72,60,31,31,31,31,37,55,55,52,52,52,58,72,69,69,69,69,73,56,56,40,40,35,43,43,48,48,72,42,83,68,68,71,71,77,0],"gold":160,"neow_bonus":"TWO_FIFTY_GOLD","is_prod":false,"is_daily":false,"chose_seed":false,"campfire_upgraded":4,"win_rate":0.0,"timestamp":1549342881,"path_taken":["M","$","M","M","?","E","?","R","T","M","?","R","E","?","R","BOSS","M","?","?","?","M","E","R","M","T","M","M","?","M","$","R","BOSS","M","?","M","?","M","E"],"build_version":"2019-01-23","purchased_purges":1,"victory":false,"max_hp_per_floor":[72,72,72,72,72,72,72,72,72,72,72,72,72,72,72,72,72,74,74,71,71,73,75,75,77,77,79,81,81,83,83,83,83,83,85,85,87,83,83,83],"card_choices":[{"not_picked":["Flex","Fire Breathing"],"picked":"Whirlwind","floor":1.0},{"not_picked":["Sever Soul","Pommel Strike"],"picked":"Spot Weakness","floor":3.0},{"not_picked":["Clothesline","Flex","Pommel Strike"],"picked":"SKIP","floor":4.0},{"not_picked":["Pummel","Cleave"],"picked":"Anger","floor":6.0},{"not_picked":["Infernal Blade","Rupture"],"picked":"Battle Trance","floor":10.0},{"not_picked":["Clothesline","Burning Pact"],"picked":"Flame Barrier","floor":13.0},{"not_picked":["Limit Break","Berserk"],"picked":"Double Tap","floor":16.0},{"not_picked":["Shockwave","True Grit","Heavy Blade"],"picked":"Singing Bowl","floor":18.0},{"not_picked":["True Grit","Blood for Blood","Cleave"],"picked":"Singing Bowl","floor":22.0},{"not_picked":["Evolve","Wild Strike","Clothesline"],"picked":"Singing Bowl","floor":23.0},{"not_picked":["Bloodletting","Disarm","Clash"],"picked":"Singing Bowl","floor":25.0},{"not_picked":["Iron Wave","Combust","Flame Barrier"],"picked":"Singing Bowl","floor":27.0},{"not_picked":["Clash+1","Warcry","Corruption"],"picked":"Singing Bowl","floor":28.0},{"not_picked":["Corruption","Battle Trance","Cleave"],"picked":"Singing Bowl","floor":30.0},{"not_picked":["Berserk","Reaper"],"picked":"Limit Break","floor":33},{"not_picked":["Carnage","Warcry+1","Pommel Strike+1"],"picked":"Singing Bowl","floor":35},{"not_picked":["Clothesline","Twin Strike+1","Clash+1"],"picked":"Singing Bowl","floor":37},{"not_picked":["Thunderclap+1","Anger+1"],"picked":"Flame Barrier+1","floor":39}],"player_experience":86391,"relics_obtained":[{"floor":6.0,"key":"FossilizedHelix"},{"floor":9.0,"key":"Singing Bowl"},{"floor":13.0,"key":"Red Skull"},{"floor":23.0,"key":"Paper Frog"},{"floor":26.0,"key":"Bottled Flame"}],"event_choices":[{"damage_healed":0.0,"max_hp_gain":0.0,"max_hp_loss":0.0,"gold_gain":0.0,"event_name":"Scrap Ooze","player_choice":"Success","floor":5.0,"gold_loss":0.0,"damage_taken":12.0,"relics_obtained":["Calipers"]},{"damage_healed":0.0,"max_hp_gain":0.0,"max_hp_loss":0.0,"gold_gain":0.0,"event_name":"Dead Adventurer","player_choice":"Searched \u00271\u0027 times","floor":7.0,"gold_loss":0.0,"damage_taken":0.0,"relics_obtained":["Dead Branch"]},{"damage_healed":18.0,"max_hp_gain":0.0,"max_hp_loss":0.0,"gold_gain":0.0,"event_name":"Mushrooms","player_choice":"Healed and dodged fight","floor":11.0,"gold_loss":0.0,"damage_taken":0.0,"cards_obtained":["Parasite"]},{"damage_healed":0.0,"max_hp_gain":0.0,"max_hp_loss":0.0,"gold_gain":0.0,"event_name":"World of Goop","player_choice":"Left Gold","floor":14.0,"gold_loss":46.0,"damage_taken":0.0},{"damage_healed":0.0,"max_hp_gain":0.0,"max_hp_loss":0.0,"gold_gain":100.0,"event_name":"The Joust","player_choice":"Bet on Murderer","floor":19.0,"gold_loss":50.0,"damage_taken":0.0},{"damage_healed":0.0,"max_hp_gain":0.0,"max_hp_loss":0.0,"gold_gain":0.0,"event_name":"The Mausoleum","player_choice":"Opened","floor":21.0,"gold_loss":0.0,"damage_taken":0.0,"relics_obtained":["Pen Nib"]},{"cards_removed":["Strike_R"],"damage_healed":0.0,"max_hp_gain":0.0,"max_hp_loss":0.0,"gold_gain":0.0,"event_name":"Beggar","player_choice":"Gave Gold","floor":29.0,"gold_loss":75.0,"damage_taken":0.0},{"cards_removed":["Bash"],"damage_healed":0,"gold_gain":0,"player_choice":"Removed Attack","damage_taken":0,"max_hp_gain":0,"max_hp_loss":0,"event_name":"Falling","floor":36,"gold_loss":0},{"damage_healed":0,"gold_gain":0,"player_choice":"Max HP","damage_taken":0,"max_hp_gain":0,"max_hp_loss":4,"event_name":"Winding Halls","floor":38,"gold_loss":0}],"is_beta":false,"boss_relics":[{"not_picked":["Astrolabe","Lizard Tail"],"picked":"Sozu"},{"not_picked":["Velvet Choker","Philosopher\u0027s Stone"],"picked":"Cursed Key"}],"items_purged_floors":[20],"is_endless":false,"potions_floor_spawned":[4,13,16,18,27,28,33,35],"killed_by":"Nemesis","ascension_level":0}