{"gold_per_floor":[111,124,139,159,173,201,201,220,250,250,325,325,105,138,138,236,236,247,162,185,197,197,197,214,214,214,314,334,334,103,120,120,225,225,239,239,258,258,271,271,76,110,133,146,172,172,204,219,219,219],"floor_reached":51,"playtime":3145,"items_purged":["Strike_B","Doubt","Self Repair+1"],"score":942,"play_id":"40d0bf7d-e3ff-459c-acad-3c8761bf9c68","local_time":"20181201110153","is_ascension_mode":true,"campfire_choices":[{"data":"Lockon","floor":7,"key":"SMITH"},{"data":"Barrage","floor":10,"key":"SMITH"},{"data":"Capacitor","floor":12,"key":"SMITH"},{"data":"Defragment","floor":15,"key":"SMITH"},{"data":"Rainbow","floor":23,"key":"SMITH"},{"data":"Barrage","floor":25,"key":"SMITH"},{"data":"Blizzard","floor":32,"key":"SMITH"},{"floor":40,"key":"RECALL"},{"data":"Thunder Strike","floor":49,"key":"SMITH"}],"neow_cost":"CURSE","seed_source_timestamp":47891814405489,"circlet_count":0,"master_deck":["Strike_B+1","Strike_B+1","Defend_B+1","Defend_B+1","Defend_B+1","Defend_B+1","Zap+1","Dualcast+1","Cold Snap+1","Capacitor+1","Glacier+1","Glacier+1","Barrage+1","Lockon+1","Defragment+1","Rainbow+1","Biased Cognition+1","Coolheaded+1","Compile Driver+1","Barrage+1","Hologram+1","Blizzard+1","Loop+1","Conserve Battery+1","Darkness+1","Biased Cognition+1","Compile Driver+1","Madness+1","Madness+1","Capacitor","Storm+1","Redo+1","Thunder Strike+1"],"relics":["Cracked Core","Gambling Chip","Mercury Hourglass","Tiny Chest","Blood Vial","Velvet Choker","Potion Belt","Anchor","Gremlin Horn","Busted Crown","Mark of the Bloom","Frozen Egg 2","PreservedInsect","Art of War","Centennial Puzzle"],"potions_floor_usage":[14,50,50,50,50,50],"damage_taken":[{"damage":0,"enemies":"2 Louse","floor":1,"turns":2},{"damage":5,"enemies":"Jaw Worm","floor":2,"turns":3},{"damage":5,"enemies":"Small Slimes","floor":3,"turns":3},{"damage":4,"enemies":"Blue Slaver","floor":4,"turns":5},{"damage":9,"enemies":"3 Louse","floor":5,"turns":5},{"damage":2,"enemies":"Lagavulin","floor":6,"turns":10},{"damage":9,"enemies":"Red Slaver","floor":8,"turns":3},{"damage":5,"enemies":"3 Sentries","floor":14,"turns":6},{"damage":0,"enemies":"The Guardian","floor":16,"turns":7},{"damage":6,"enemies":"2 Thieves","floor":18,"turns":4},{"damage":1,"enemies":"Chosen","floor":21,"turns":5},{"damage":10,"enemies":"Snake Plant","floor":24,"turns":4},{"damage":27,"enemies":"Snecko","floor":28,"turns":5},{"damage":0,"enemies":"Shelled Parasite and Fungi","floor":31,"turns":6},{"damage":20,"enemies":"Champ","floor":33,"turns":9},{"damage":3,"enemies":"3 Shapes","floor":35,"turns":5},{"damage":0,"enemies":"Orb Walker","floor":37,"turns":3},{"damage":0,"enemies":"Sphere and 2 Shapes","floor":39,"turns":3},{"damage":6,"enemies":"Nemesis","floor":42,"turns":7},{"damage":22,"enemies":"Maw","floor":44,"turns":6},{"damage":0,"enemies":"Giant Head","floor":45,"turns":4},{"damage":0,"enemies":"Nemesis","floor":47,"turns":4},{"damage":0,"enemies":"Spire Growth","floor":48,"turns":3},{"damage":12,"enemies":"Awakened One","floor":50,"turns":6}],"seed_played":"4557183395053236818","potions_obtained":[{"floor":1,"key":"LiquidBronze"},{"floor":3,"key":"LiquidBronze"},{"floor":4,"key":"Block Potion"},{"floor":5,"key":"FocusPotion"},{"floor":14,"key":"Explosive Potion"},{"floor":21,"key":"Poison Potion"},{"floor":28,"key":"PowerPotion"},{"floor":33,"key":"Block Potion"},{"floor":35,"key":"Weak Potion"},{"floor":44,"key":"EssenceOfSteel"}],"is_trial":false,"path_per_floor":["M","M","M","M","M","E","R","M","T","R","?","R","$","E","R","B",null,"M","?","T","M","?","R","M","R","T","?","M","?","$","M","R","B",null,"M","?","M","?","M","R","$","E","T","M","E","?","E","M","R","B",null],"character_chosen":"DEFECT","items_purchased":["Defragment","Rainbow","Loop","Conserve Battery","Capacitor"],"campfire_rested":0,"item_purchase_floors":[13,13,30,30,41],"current_hp_per_floor":[75,70,65,61,52,50,50,41,41,41,30,30,30,32,32,34,75,75,75,75,74,74,74,65,65,65,65,47,47,47,56,56,45,75,72,63,72,72,72,72,72,66,66,44,44,44,44,44,44,32],"gold":219,"neow_bonus":"ONE_RARE_RELIC","is_prod":false,"is_daily":false,"chose_seed":false,"campfire_upgraded":8,"win_rate":0,"timestamp":1543680113,"path_taken":["M","M","M","M","M","E","R","M","T","R","?","R","$","E","R","BOSS","M","?","?","M","?","R","?","R","T","?","?","?","?","M","R","BOSS","M","?","M","?","M","R","$","E","T","?","E","?","E","?","R","BOSS"],"build_version":"2018-11-15","purchased_purges":3,"victory":true,"max_hp_per_floor":[75,75,75,75,75,75,75,75,75,75,75,75,75,75,75,75,75,75,75,75,75,75,75,75,75,75,75,75,75,75,75,75,75,75,75,75,75,75,75,75,75,75,75,75,75,75,75,75,75,75],"card_choices":[{"not_picked":["Conserve Battery","Compile Driver"],"picked":"Cold Snap","floor":1},{"not_picked":["Sweeping Beam","Loop"],"picked":"Capacitor","floor":2},{"not_picked":["Go for the Eyes","Leap"],"picked":"Glacier","floor":3},{"not_picked":["Melter","Heatsinks"],"picked":"Glacier","floor":4},{"not_picked":["Auto Shields","Steam"],"picked":"Barrage","floor":5},{"not_picked":["Leap","Darkness"],"picked":"Lockon","floor":6},{"not_picked":["Tempest","Coolheaded"],"picked":"Self Repair","floor":8},{"not_picked":["Double Energy","Meteor Strike","Hello World"],"picked":"SKIP","floor":14},{"not_picked":["Electrodynamics","Thunder Strike"],"picked":"Biased Cognition","floor":16},{"not_picked":["Redo","Cold Snap"],"picked":"Coolheaded","floor":18},{"not_picked":["Ball Lightning","Sweeping Beam+1"],"picked":"Compile Driver","floor":21},{"not_picked":["Double Energy","Cold Snap"],"picked":"Barrage","floor":24},{"not_picked":["BootSequence+1","Recycle+1"],"picked":"Hologram+1","floor":28},{"not_picked":["Cold Snap","Sweeping Beam"],"picked":"Darkness","floor":31},{"not_picked":["Hyperbeam","Core Surge"],"picked":"Biased Cognition","floor":33},{"not_picked":[],"picked":"Compile Driver","floor":35},{"not_picked":["Gash"],"picked":"SKIP","floor":37},{"not_picked":["Barrage"],"picked":"SKIP","floor":39},{"not_picked":[],"picked":"Storm","floor":42},{"not_picked":["Go for the Eyes+1"],"picked":"SKIP","floor":44},{"not_picked":["Double Energy+1"],"picked":"SKIP","floor":45},{"not_picked":[],"picked":"Redo+1","floor":47},{"not_picked":[],"picked":"Thunder Strike","floor":48}],"player_experience":203810,"relics_obtained":[{"floor":6,"key":"Mercury Hourglass"},{"floor":9,"key":"Tiny Chest"},{"floor":14,"key":"Blood Vial"},{"floor":20,"key":"Anchor"},{"floor":26,"key":"Gremlin Horn"},{"floor":42,"key":"Frozen Egg 2"},{"floor":43,"key":"PreservedInsect"},{"floor":45,"key":"Art of War"},{"floor":47,"key":"Centennial Puzzle"}],"event_choices":[{"damage_healed":0,"gold_gain":75,"player_choice":"Gather Gold","damage_taken":11,"max_hp_gain":0,"max_hp_loss":0,"event_name":"World of Goop","floor":11,"gold_loss":0},{"damage_healed":0,"gold_gain":0,"player_choice":"Obtained Relic","damage_taken":0,"relics_obtained":["Potion Belt"],"max_hp_gain":0,"max_hp_loss":0,"event_name":"Addict","floor":19,"gold_loss":85},{"cards_removed":["Strike_B"],"damage_healed":0,"gold_gain":0,"player_choice":"Elegance","damage_taken":0,"max_hp_gain":0,"max_hp_loss":0,"event_name":"Back to Basics","floor":22,"gold_loss":0},{"damage_healed":0,"gold_gain":100,"player_choice":"Pray","damage_taken":0,"max_hp_gain":0,"max_hp_loss":0,"event_name":"Golden Shrine","floor":27,"gold_loss":0},{"damage_healed":0,"gold_gain":0,"player_choice":"Read","damage_taken":0,"max_hp_gain":0,"max_hp_loss":0,"event_name":"The Library","floor":29,"gold_loss":0,"cards_obtained":["Blizzard"]},{"damage_healed":0,"gold_gain":0,"player_choice":"Embrace Madness","damage_taken":9,"max_hp_gain":0,"max_hp_loss":0,"event_name":"Winding Halls","floor":36,"gold_loss":0,"cards_obtained":["Madness","Madness"]},{"damage_healed":0,"gold_gain":0,"player_choice":"Upgrade","damage_taken":0,"relics_obtained":["Mark of the Bloom"],"max_hp_gain":0,"max_hp_loss":0,"event_name":"MindBloom","floor":38,"gold_loss":0,"cards_upgraded":["Strike_B","Strike_B","Defend_B","Defend_B","Defend_B","Defend_B","Zap","Dualcast","Cold Snap","Glacier","Glacier","Self Repair","Biased Cognition","Coolheaded","Compile Driver","Loop","Conserve Battery","Darkness","Biased Cognition","Compile Driver","Madness","Madness"]},{"damage_healed":0,"gold_gain":0,"player_choice":"Bought 0 Potions","damage_taken":0,"max_hp_gain":0,"max_hp_loss":0,"event_name":"The Woman in Blue","floor":46,"gold_loss":0}],"is_beta":false,"boss_relics":[{"not_picked":["Calling Bell","Snecko Eye"],"picked":"Velvet Choker"},{"not_picked":["Runic Dome","Eternal Feather"],"picked":"Busted Crown"}],"items_purged_floors":[13,30,41],"is_endless":false,"potions_floor_spawned":[1,3,4,5,14,21,28,33,35,44,45,47],"ascension_level":3}