{"path_per_floor":["M","?","?","?","M","R","M","R","T","R","E","M","R","M","R","B",null,"M","?","?","?","?","R","E","R","T"],"character_chosen":"THE_SILENT","items_purchased":[],"gold_per_floor":[119,219,294,244,259,259,269,269,269,269,298,318,318,330,330,432,462,475,375,375,375,375,375,407,407,707,707],"floor_reached":27,"campfire_rested":0,"playtime":1383,"current_hp_per_floor":[70,70,59,59,59,59,59,59,59,59,59,59,59,59,59,16,75,68,68,68,52,52,52,44,44,44,0],"items_purged":[],"gold":707,"score":278,"play_id":"710648b1-78b3-4cc0-b829-704ed6c05987","local_time":"20180401091840","is_prod":false,"is_daily":false,"is_ascension_mode":false,"campfire_upgraded":5,"timestamp":1522588720,"path_taken":["M","?","?","?","M","R","M","R","T","R","E","?","R","M","R","BOSS","M","?","?","?","?","R","E","R","T","E"],"build_version":"2018-03-29v2","purchased_purges":0,"victory":false,"master_deck":["Defend_G","Defend_G+1","Defend_G","Defend_G+1","Defend_G+1","Survivor","Neutralize+1","Parasite","Clumsy","Prepared+1","Die Die Die","Poisoned Stab+1","Poisoned Stab","Poisoned Stab+1","Wraith Form+1","A Thousand Cuts+1","Outmaneuver","Outmaneuver+1","J.A.X.","Bite","Bite","Bite","Bite","Bite","Deflect+1","Prepared+1"],"max_hp_per_floor":[70,70,70,70,70,70,70,70,70,70,70,70,70,70,70,70,75,75,75,75,52,52,52,52,52,52,52],"relics":["Calling Bell","Thread and Needle","War Paint","Bag of Marbles","Lantern","Gambling Chip","Tiny House","Shovel","Omamori","Orichalcum","Prayer Wheel","Old Coin"],"card_choices":[{"not_picked":["Bouncing Flask","Caltrops"],"picked":"Prepared","floor":1},{"not_picked":["Backflip","Quick Slash"],"picked":"Die Die Die","floor":5},{"not_picked":["Prepared","Deadly Poison"],"picked":"Poisoned Stab","floor":7},{"not_picked":["Outmaneuver","Expertise"],"picked":"Poisoned Stab","floor":11},{"not_picked":["Dagger Throw","Flechettes"],"picked":"Poisoned Stab","floor":12},{"not_picked":["Backstab","Blade Dance"],"picked":"Wraith Form","floor":14},{"not_picked":["Burst","Wraith Form"],"picked":"A Thousand Cuts","floor":16},{"not_picked":["Reflex","Deflect"],"picked":"Outmaneuver","floor":17},{"not_picked":["All Out Attack","Dagger Throw"],"picked":"Outmaneuver","floor":18},{"not_picked":["Catalyst","Flying Knee"],"picked":"Deflect","floor":24},{"not_picked":["Dagger Throw","Expertise"],"picked":"Prepared","floor":26}],"player_experience":71334,"potions_floor_usage":[11,16,24,27],"damage_taken":[{"damage":0,"enemies":"Cultist","floor":1,"turns":4},{"damage":0,"enemies":"Small Slimes","floor":5,"turns":4},{"damage":0,"enemies":"2 Louse","floor":7,"turns":2},{"damage":0,"enemies":"Lagavulin","floor":11,"turns":5},{"damage":0,"enemies":"Looter","floor":12,"turns":2},{"damage":0,"enemies":"2 Fungi Beasts","floor":14,"turns":2},{"damage":58,"enemies":"Hexaghost","floor":16,"turns":10},{"damage":7,"enemies":"Shell Parasite","floor":18,"turns":6},{"damage":19,"enemies":"Gremlin Leader","floor":24,"turns":7},{"damage":52,"enemies":"Slavers","floor":27,"turns":4}],"event_choices":[{"event_name":"Golden Shrine","player_choice":"Pray","floor":2,"damage_taken":0},{"event_name":"World of Goop","player_choice":"Gather Gold","floor":3,"damage_taken":0},{"event_name":"The Cleric","player_choice":"Card Removal","floor":4,"damage_taken":0},{"event_name":"Drug Dealer","player_choice":"Got JAXXED","floor":19,"damage_taken":0},{"event_name":"Upgrade Shrine","player_choice":"Upgraded","floor":20,"damage_taken":0},{"event_name":"Vampires","player_choice":"Became a vampire","floor":21,"damage_taken":0},{"event_name":"The Mausoleum","player_choice":"Yes","floor":22,"damage_taken":0}],"boss_relics":[{"not_picked":["Philosopher\u0027s Stone","White Beast Statue"],"picked":"Tiny House"}],"potions_floor_spawned":[1,14,24],"seed_played":"813902911327630674","killed_by":"Slavers","ascension_level":0,"is_trial":false}