{"gold_per_floor":[117,42,53,53,69,69,90,90,90,90,129,147,77,115,115,244,244,257,276,276,276,292,292,292,292,292,310,66,91,101,120,120,219,219,236,336,336,360,360,360,162,162,162,12,32,44,57,57,57,57],"floor_reached":51,"playtime":1935,"items_purged":["Strike_B","Strike_B","Strike_B","Strike_B"],"score":680,"play_id":"6f93f5cb-6d54-465a-8e5e-9ce01a186b2f","local_time":"20180820150928","is_ascension_mode":false,"campfire_choices":[{"data":"Dualcast","floor":6,"key":"SMITH"},{"data":"Zap","floor":8,"key":"SMITH"},{"data":"Sunder","floor":10,"key":"SMITH"},{"data":"Defragment","floor":15,"key":"SMITH"},{"data":"Conserve Battery","floor":23,"key":"SMITH"},{"data":"Gash","floor":32,"key":"SMITH"},{"data":"Force Field","floor":40,"key":"SMITH"},{"data":"Steam","floor":42,"key":"SMITH"},{"data":"Steam","floor":49,"key":"SMITH"}],"neow_cost":"TEN_PERCENT_HP_LOSS","seed_source_timestamp":58777293654940,"circlet_count":0,"master_deck":["Defend_B","Defend_B","Defend_B","Defend_B","Zap+1","Dualcast+1","Conserve Battery+1","Sunder+1","Steam+1","Cold Snap","Gash+1","Defragment+1","Go for the Eyes+1","Hyperbeam+1","Force Field+1","Gash+1","Gash+1","Beam Cell+1","Necronomicurse","FTL+1","Rebound+1","Gash+1","Compile Driver+1","Echo Form","Self Repair+1","Hyperbeam+1","All For One+1","Gash+1","Compile Driver+1","Steam+1"],"relics":["Cracked Core","Calipers","Bloody Idol","Bag of Marbles","Question Card","Molten Egg 2","Philosopher\u0027s Stone","Necronomicon","Gambling Chip","Letter Opener","Orichalcum","Red Mask","Busted Crown","Dream Catcher","Incense Burner","FaceOfCleric"],"potions_floor_usage":[11,50,50,50],"damage_taken":[{"damage":1,"enemies":"2 Louse","floor":1,"turns":3},{"damage":8,"enemies":"Small Slimes","floor":3,"turns":3},{"damage":0,"enemies":"Cultist","floor":5,"turns":2},{"damage":0,"enemies":"Looter","floor":7,"turns":2},{"damage":16,"enemies":"Gremlin Nob","floor":11,"turns":3},{"damage":0,"enemies":"2 Fungi Beasts","floor":12,"turns":2},{"damage":7,"enemies":"Lagavulin","floor":14,"turns":5},{"damage":17,"enemies":"Hexaghost","floor":16,"turns":10},{"damage":0,"enemies":"2 Thieves","floor":18,"turns":1},{"damage":16,"enemies":"Spheric Guardian","floor":19,"turns":4},{"damage":0,"enemies":"3 Cultists","floor":22,"turns":1},{"damage":0,"enemies":"Centurion and Healer","floor":27,"turns":1},{"damage":0,"floor":29,"turns":2},{"damage":6,"enemies":"Chosen and Byrds","floor":30,"turns":3},{"damage":9,"enemies":"Sentry and Sphere","floor":31,"turns":4},{"damage":34,"enemies":"Champ","floor":33,"turns":5},{"damage":10,"enemies":"3 Shapes","floor":35,"turns":3},{"damage":6,"enemies":"3 Darklings","floor":45,"turns":2},{"damage":12,"enemies":"Sphere and 2 Shapes","floor":46,"turns":4},{"damage":10,"enemies":"Flame Bruiser 2 Orb","floor":47,"turns":3},{"damage":60,"enemies":"Awakened One","floor":50,"turns":8}],"seed_played":"-295444113963811417","potions_obtained":[{"floor":3,"key":"Fruit Juice"},{"floor":11,"key":"Ancient Potion"},{"floor":14,"key":"AttackPotion"},{"floor":16,"key":"AttackPotion"},{"floor":18,"key":"Energy Potion"},{"floor":29,"key":"SkillPotion"}],"is_trial":false,"path_per_floor":["M","$","M","?","M","R","M","R","T","R","E","M","$","E","R","B",null,"M","M","?","?","M","R","?","T","T","M","$","?","M","M","R","B",null,"M","?","?","T","?","R","$","R","T","$","M","M","M","?","R","B"],"character_chosen":"DEFECT","items_purchased":["Defragment","Orichalcum","All For One+1"],"campfire_rested":0,"item_purchase_floors":[13,28,41],"current_hp_per_floor":[67,67,59,42,42,42,42,42,42,42,31,31,31,24,24,7,73,73,57,57,57,62,62,46,46,46,51,51,56,55,51,51,22,73,68,73,73,73,73,73,73,73,73,73,73,66,71,71,71,12],"gold":57,"neow_bonus":"ONE_RARE_RELIC","is_prod":false,"is_daily":false,"chose_seed":false,"campfire_upgraded":9,"win_rate":0,"timestamp":1534745368,"path_taken":["M","$","M","?","M","R","M","R","T","R","E","M","$","E","R","BOSS","M","M","?","?","M","R","?","?","T","?","$","?","?","M","R","BOSS","M","?","?","?","?","R","$","R","T","?","M","M","M","?","R","BOSS"],"build_version":"2018-08-16","purchased_purges":4,"victory":true,"max_hp_per_floor":[68,68,68,68,68,68,68,68,68,68,73,73,73,73,73,73,73,73,73,73,73,73,73,73,73,73,73,73,73,73,73,73,73,73,73,73,73,73,73,73,73,73,73,73,73,73,73,73,73,74],"card_choices":[{"not_picked":["Coolheaded","Barrage"],"picked":"Conserve Battery","floor":1},{"not_picked":["Steam","Stack"],"picked":"Sunder","floor":3},{"not_picked":["Rebound","Heatsinks","Reprogram"],"picked":"SKIP","floor":5},{"not_picked":["Rip and Tear","Compile Driver"],"picked":"Steam","floor":7},{"not_picked":["Compile Driver","Heatsinks"],"picked":"Cold Snap","floor":11},{"not_picked":["Amplify","Beam Cell","Tempest"],"picked":"Gash","floor":12},{"not_picked":["Chill","Blizzard","Lockon"],"picked":"Go for the Eyes","floor":14},{"not_picked":["Machine Learning","Rainbow","Fission"],"picked":"Hyperbeam+1","floor":16},{"not_picked":["Turbo","Compile Driver+1","Storm"],"picked":"Force Field","floor":18},{"not_picked":["Hologram","Lockon+1","Amplify"],"picked":"Gash+1","floor":19},{"not_picked":["Fusion","Go for the Eyes+1","Barrage+1"],"picked":"Beam Cell+1","floor":22},{"not_picked":["Coolheaded","Sweeping Beam+1","Rebound+1"],"picked":"FTL+1","floor":27},{"not_picked":["Darkness","Coolheaded+1","Blizzard+1"],"picked":"Rebound+1","floor":29},{"not_picked":["Rip and Tear+1","Sweeping Beam+1","Streamline+1"],"picked":"Gash+1","floor":30},{"not_picked":["Coolheaded","Barrage+1","Defragment"],"picked":"Compile Driver+1","floor":31},{"not_picked":["Seek","Amplify","Multi-Cast"],"picked":"Echo Form","floor":33},{"not_picked":["Heatsinks+1"],"picked":"Self Repair+1","floor":35},{"not_picked":["Go for the Eyes+1"],"picked":"Gash+1","floor":45},{"not_picked":["Cold Snap+1"],"picked":"Compile Driver+1","floor":46},{"not_picked":["Redo+1"],"picked":"Steam","floor":47}],"player_experience":349110,"relics_obtained":[{"floor":9,"key":"Bag of Marbles"},{"floor":11,"key":"Question Card"},{"floor":14,"key":"Molten Egg 2"},{"floor":24,"key":"Necronomicon"},{"floor":25,"key":"Gambling Chip"},{"floor":26,"key":"Letter Opener"},{"floor":29,"key":"Red Mask"},{"floor":38,"key":"Dream Catcher"},{"floor":43,"key":"Incense Burner"}],"event_choices":[{"event_name":"Golden Idol","player_choice":"Take Damage","floor":4,"damage_taken":0},{"event_name":"The Library","player_choice":"Read","floor":20,"damage_taken":0},{"event_name":"Forgotten Altar","player_choice":"Gave Idol","floor":21,"damage_taken":0},{"event_name":"Cursed Tome","player_choice":"Obtained Book","floor":24,"damage_taken":0},{"event_name":"Masked Bandits","player_choice":"Fought Bandits","floor":29,"damage_taken":0},{"event_name":"Golden Shrine","player_choice":"Pray","floor":36,"damage_taken":0},{"event_name":"Duplicator","player_choice":"One dupe","floor":37,"damage_taken":0},{"event_name":"SecretPortal","player_choice":"Rejected Portal.","floor":39,"damage_taken":0},{"event_name":"FaceTrader","player_choice":"Trade","floor":48,"damage_taken":0}],"is_beta":true,"boss_relics":[{"not_picked":["Coffee Dripper","Ectoplasm"],"picked":"Philosopher\u0027s Stone"},{"not_picked":["Pandora\u0027s Box","Astrolabe"],"picked":"Busted Crown"}],"items_purged_floors":[2,28,41,44],"is_endless":false,"potions_floor_spawned":[3,11,14,16,18,27,29,30,35,47],"ascension_level":0}