{"gold_per_floor":[115,65,81,156,81,81,91,109,109,109,123,157,157,176,176,277,277,297,297,207,207,207,207,207,207,207,207,238,238,238],"floor_reached":30,"playtime":1193,"items_purged":["Strike_R"],"score":244,"play_id":"2efa70c9-e809-4ab8-b1e3-3c03a2f4a9b9","local_time":"20180926194804","is_ascension_mode":false,"campfire_choices":[{"data":"Armaments","floor":6,"key":"SMITH"},{"data":"Armaments","floor":10,"key":"SMITH"},{"data":"Barricade","floor":15,"key":"SMITH"},{"data":"Limit Break","floor":23,"key":"SMITH"},{"data":"Inflame","floor":25,"key":"SMITH"},{"floor":27,"key":"REST"},{"floor":29,"key":"REST"}],"neow_cost":"","seed_source_timestamp":80427775936944,"circlet_count":0,"master_deck":["Strike_R","Strike_R","Defend_R","Defend_R","Bash","Armaments+1","Armaments+1","Iron Wave","Metallicize+1","Inflame+1","Clash","Reaper","Barricade+1","Limit Break+1","Pommel Strike+1","Spot Weakness"],"relics":["Burning Blood","Kunai","Bottled Lightning","Philosopher\u0027s Stone","Matryoshka","Oddly Smooth Stone","Blue Candle","Pantograph"],"potions_floor_usage":[28,28],"damage_taken":[{"damage":8,"enemies":"Jaw Worm","floor":1,"turns":4},{"damage":5,"enemies":"Small Slimes","floor":3,"turns":4},{"damage":0,"enemies":"2 Louse","floor":7,"turns":3},{"damage":5,"enemies":"Lots of Slimes","floor":8,"turns":9},{"damage":4,"enemies":"Large Slime","floor":11,"turns":10},{"damage":31,"enemies":"Gremlin Nob","floor":12,"turns":6},{"damage":0,"enemies":"Exordium Wildlife","floor":14,"turns":4},{"damage":11,"enemies":"Slime Boss","floor":16,"turns":22},{"damage":2,"enemies":"Shell Parasite","floor":18,"turns":7},{"damage":62,"enemies":"Colosseum Slavers","floor":19,"turns":8},{"damage":86,"enemies":"Slavers","floor":28,"turns":7},{"damage":45,"enemies":"3 Byrds","floor":30,"turns":3}],"seed_played":"-7012741922953841763","potions_obtained":[{"floor":7,"key":"EntropicBrew"},{"floor":11,"key":"EssenceOfSteel"},{"floor":12,"key":"BloodPotion"},{"floor":28,"key":"AttackPotion"}],"is_trial":false,"path_per_floor":["M","?","M","?","$","R","M","M","T","R","M","E","?","M","R","B",null,"M","?","?","T","?","R","?","R","T","R","E","R"],"character_chosen":"IRONCLAD","items_purchased":[],"campfire_rested":2,"item_purchase_floors":[],"current_hp_per_floor":[78,78,79,68,68,68,74,75,75,75,77,52,52,70,70,79,80,80,37,37,37,37,37,37,37,37,61,7,31,0],"gold":238,"neow_bonus":"","is_prod":false,"is_daily":false,"chose_seed":false,"campfire_upgraded":5,"win_rate":0,"timestamp":1537958884,"path_taken":["M","?","?","?","$","R","M","?","T","R","?","E","?","M","R","BOSS","M","?","?","?","?","R","?","R","T","R","E","R","M"],"build_version":"2018-09-25","purchased_purges":1,"victory":false,"max_hp_per_floor":[80,80,80,80,80,80,80,80,80,80,80,80,80,80,80,80,80,80,80,80,80,80,80,80,80,80,80,80,80,80],"card_choices":[{"not_picked":["Clothesline","Heavy Blade"],"picked":"Armaments","floor":1},{"not_picked":["Clash","Wild Strike"],"picked":"Armaments","floor":3},{"not_picked":["Corruption","Heavy Blade"],"picked":"Iron Wave","floor":7},{"not_picked":["Warcry","Reckless Charge"],"picked":"Metallicize","floor":8},{"not_picked":["Pommel Strike","Fire Breathing"],"picked":"Inflame","floor":11},{"not_picked":["Dual Wield","Thunderclap"],"picked":"Clash","floor":12},{"not_picked":["Hemokinesis","Corruption"],"picked":"Barricade","floor":14},{"not_picked":["Brutality","Juggernaut"],"picked":"Limit Break","floor":16},{"not_picked":["Searing Blow+1","Flame Barrier"],"picked":"Pommel Strike+1","floor":18},{"not_picked":["Reckless Charge+1","Bludgeon"],"picked":"Spot Weakness","floor":28}],"player_experience":450081,"relics_obtained":[{"floor":9,"key":"Kunai"},{"floor":12,"key":"Bottled Lightning"},{"floor":21,"key":"Matryoshka"},{"floor":26,"key":"Oddly Smooth Stone"},{"floor":26,"key":"Blue Candle"},{"floor":28,"key":"Pantograph"}],"event_choices":[{"event_name":"The Cleric","player_choice":"Card Removal","floor":2,"damage_taken":0},{"event_name":"World of Goop","player_choice":"Gather Gold","floor":4,"damage_taken":0},{"event_name":"Living Wall","player_choice":"Change","floor":13,"damage_taken":0},{"event_name":"Colosseum","player_choice":"Fight","floor":19,"damage_taken":0},{"event_name":"Colosseum","player_choice":"Fled From Nobs","floor":19,"damage_taken":0},{"event_name":"Designer","player_choice":"Full Service","floor":20,"damage_taken":0},{"event_name":"Back to Basics","player_choice":"Elegance","floor":22,"damage_taken":0},{"event_name":"Vampires","player_choice":"Ignored","floor":24,"damage_taken":0}],"is_beta":true,"boss_relics":[{"not_picked":["Astrolabe","Ectoplasm"],"picked":"Philosopher\u0027s Stone"}],"items_purged_floors":[5],"is_endless":false,"potions_floor_spawned":[7,11,12,14,18,19,28],"killed_by":"3 Byrds","ascension_level":0}