{"gold_per_floor":[112,87,87,97,97,126,126,151,151,181,181,65,77,77,77,148,148,158,158,158,177,194,194,228,228,228,261,261,261,261,293,293,366,366,385,385,89,107,126,126,136,136,136,136,136,150,150,150,150,150],"floor_reached":50,"playtime":1464,"items_purged":["Strike_B"],"score":974,"play_id":"ce24844a-86e7-436b-be1a-8fa4935d1a37","local_time":"20181230173130","is_ascension_mode":true,"campfire_choices":[{"data":"Genetic Algorithm","floor":7,"key":"SMITH"},{"data":"Doom and Gloom","floor":11,"key":"SMITH"},{"data":"Gash","floor":15,"key":"SMITH"},{"data":"J.A.X.","floor":23,"key":"SMITH"},{"floor":25,"key":"REST"},{"floor":28,"key":"REST"},{"floor":32,"key":"REST"},{"data":"Reboot","floor":40,"key":"SMITH"},{"floor":49,"key":"RECALL"}],"neow_cost":"NONE","seed_source_timestamp":257432888928200,"circlet_count":0,"master_deck":["AscendersBane","Strike_B","Strike_B","Strike_B","Defend_B","Defend_B","Defend_B","Defend_B","Zap","Dualcast","Ball Lightning","Gash+1","Doom and Gloom+1","Genetic Algorithm+1","Core Surge","BootSequence","Gash+1","Cold Snap","Coolheaded","Reboot+1","Beam Cell+1","J.A.X.+1","Beam Cell+1","Scrape","Steam Power","Fission","Gash+1","Go for the Eyes","Glacier","Hologram","Purity"],"relics":["Cracked Core","NeowsBlessing","Orichalcum","Odd Mushroom","Boot","Juzu Bracelet","Sozu","Strawberry","Bottled Flame","Omamori","Ornamental Fan","Emotion Chip","Eternal Feather","PreservedInsect","Singing Bowl"],"potions_floor_usage":[33],"damage_taken":[{"damage":0,"enemies":"Cultist","floor":1,"turns":1},{"damage":0,"enemies":"Small Slimes","floor":4,"turns":1},{"damage":0,"enemies":"Gremlin Nob","floor":6,"turns":1},{"damage":20,"enemies":"The Mushroom Lair","floor":8,"turns":4},{"damage":23,"enemies":"3 Sentries","floor":10,"turns":5},{"damage":3,"enemies":"2 Louse","floor":13,"turns":2},{"damage":21,"enemies":"The Guardian","floor":16,"turns":13},{"damage":0,"enemies":"Chosen","floor":18,"turns":4},{"damage":14,"enemies":"Shell Parasite","floor":21,"turns":4},{"damage":3,"enemies":"Snake Plant","floor":22,"turns":3},{"damage":24,"enemies":"Slavers","floor":24,"turns":4},{"damage":16,"enemies":"Gremlin Leader","floor":27,"turns":6},{"damage":33,"enemies":"Slavers","floor":31,"turns":5},{"damage":43,"enemies":"Collector","floor":33,"turns":8},{"damage":3,"enemies":"3 Darklings","floor":35,"turns":4},{"damage":12,"enemies":"Orb Walker","floor":38,"turns":3},{"damage":18,"enemies":"3 Darklings","floor":39,"turns":8},{"damage":22,"enemies":"4 Shapes","floor":41,"turns":5},{"damage":24,"enemies":"Writhing Mass","floor":46,"turns":5},{"damage":105,"enemies":"Time Eater","floor":50,"turns":8}],"seed_played":"7072793188097472880","potions_obtained":[{"floor":6,"key":"Swift Potion"},{"floor":8,"key":"SteroidPotion"}],"is_trial":false,"path_per_floor":["M","$","?","M","?","E","R","?","T","E","R","$","M","?","R","B",null,"M","?","?","M","M","R","E","R","T","E","R","?","?","E","R","B",null,"M","?","$","M","M","R","M","?","T","?","T","M","?","?","R","B"],"character_chosen":"DEFECT","items_purchased":["Gash","Gash","Cold Snap","Go for the Eyes","PreservedInsect"],"campfire_rested":3,"item_purchase_floors":[2,12,12,37,37],"current_hp_per_floor":[64,64,71,71,76,76,76,56,56,33,33,33,30,30,30,9,59,59,59,59,45,42,42,25,49,49,33,57,57,57,24,48,5,64,61,61,61,49,31,49,27,27,27,83,83,61,61,61,79,0],"gold":150,"neow_bonus":"THREE_ENEMY_KILL","is_prod":false,"is_daily":false,"chose_seed":false,"campfire_upgraded":5,"win_rate":0,"timestamp":1546209090,"path_taken":["M","$","?","?","?","E","R","?","T","E","R","?","M","?","R","BOSS","M","?","?","M","M","R","E","R","T","E","R","?","?","E","R","BOSS","M","?","$","M","M","R","M","?","T","?","?","M","?","?","R","BOSS"],"build_version":"2018-12-20","purchased_purges":1,"victory":false,"max_hp_per_floor":[71,71,71,71,76,76,76,76,76,76,76,76,76,76,76,76,76,76,76,76,76,76,76,83,83,83,83,83,83,83,83,83,83,83,83,83,83,83,83,83,83,83,83,83,83,85,81,81,81,81],"card_choices":[{"not_picked":["Turbo","Hologram"],"picked":"Ball Lightning","floor":1},{"not_picked":["Sweeping Beam","Scrape"],"picked":"Doom and Gloom","floor":4},{"not_picked":["Loop","Static Discharge"],"picked":"Genetic Algorithm","floor":6},{"not_picked":["Compile Driver","Coolheaded"],"picked":"Core Surge","floor":8},{"not_picked":["Fusion","Static Discharge"],"picked":"BootSequence","floor":10},{"not_picked":["Rip and Tear","Go for the Eyes"],"picked":"Coolheaded","floor":13},{"not_picked":["Biased Cognition","Creative AI"],"picked":"Reboot","floor":16},{"not_picked":["Cold Snap","Rebound"],"picked":"Beam Cell+1","floor":18},{"not_picked":["Leap","Cold Snap"],"picked":"Beam Cell+1","floor":21},{"not_picked":["Heatsinks","Storm","Ball Lightning"],"picked":"SKIP","floor":22},{"not_picked":["Compile Driver","Reprogram"],"picked":"Scrape","floor":24},{"not_picked":["Reinforced Body","Barrage+1","Creative AI"],"picked":"SKIP","floor":27},{"not_picked":["Hyperbeam","Heatsinks"],"picked":"Steam Power","floor":31},{"not_picked":["Thunder Strike","Meteor Strike"],"picked":"Fission","floor":33},{"not_picked":["Turbo+1","Leap+1"],"picked":"Gash+1","floor":35},{"not_picked":["Turbo","Beam Cell"],"picked":"Glacier","floor":38},{"not_picked":["Streamline+1","Fission"],"picked":"Hologram","floor":39},{"not_picked":["Darkness","Fusion","Stack"],"picked":"SKIP","floor":41},{"not_picked":["Enlightenment","Jack Of All Trades"],"picked":"Purity","floor":42},{"not_picked":["Rebound","Sweeping Beam","Steam"],"picked":"Singing Bowl","floor":46}],"player_experience":456005,"relics_obtained":[{"floor":6,"key":"Orichalcum"},{"floor":8,"key":"Odd Mushroom"},{"floor":9,"key":"Boot"},{"floor":10,"key":"Juzu Bracelet"},{"floor":24,"key":"Strawberry"},{"floor":26,"key":"Bottled Flame"},{"floor":27,"key":"Omamori"},{"floor":31,"key":"Emotion Chip"},{"floor":43,"key":"Singing Bowl"}],"event_choices":[{"damage_healed":7,"gold_gain":0,"player_choice":"Full Heal","damage_taken":0,"max_hp_gain":0,"max_hp_loss":0,"event_name":"Wheel of Change","floor":3,"gold_loss":0},{"damage_healed":0,"gold_gain":0,"player_choice":"Donut","damage_taken":0,"max_hp_gain":5,"max_hp_loss":0,"event_name":"Big Fish","floor":5,"gold_loss":0},{"damage_healed":0,"gold_gain":0,"player_choice":"Fought Mushrooms","damage_taken":0,"max_hp_gain":0,"max_hp_loss":0,"event_name":"Mushrooms","floor":8,"gold_loss":0},{"damage_healed":0,"gold_gain":0,"player_choice":"Grow","damage_taken":0,"max_hp_gain":0,"max_hp_loss":0,"event_name":"Living Wall","floor":14,"gold_loss":0,"cards_upgraded":["Gash"]},{"damage_healed":0,"gold_gain":0,"player_choice":"Read","damage_taken":0,"max_hp_gain":0,"max_hp_loss":0,"event_name":"The Library","floor":19,"gold_loss":0,"cards_obtained":["Gash"]},{"damage_healed":0,"gold_gain":0,"player_choice":"Obtain J.A.X.","damage_taken":0,"max_hp_gain":0,"max_hp_loss":0,"event_name":"Drug Dealer","floor":20,"gold_loss":0,"cards_obtained":["J.A.X."]},{"damage_healed":0,"gold_gain":0,"player_choice":"Opened","damage_taken":0,"relics_obtained":["Ornamental Fan"],"max_hp_gain":0,"max_hp_loss":0,"event_name":"The Mausoleum","floor":29,"gold_loss":0,"cards_obtained":["Writhe"]},{"damage_healed":0,"gold_gain":0,"player_choice":"Ignored","damage_taken":0,"max_hp_gain":0,"max_hp_loss":0,"event_name":"Cursed Tome","floor":30,"gold_loss":0},{"cards_removed":["Gash"],"damage_healed":0,"gold_gain":0,"player_choice":"Removed Attack","damage_taken":0,"max_hp_gain":0,"max_hp_loss":0,"event_name":"Falling","floor":36,"gold_loss":0},{"damage_healed":0,"gold_gain":0,"player_choice":"Memory 1","damage_taken":0,"max_hp_gain":0,"max_hp_loss":0,"event_name":"SensoryStone","floor":42,"gold_loss":0},{"damage_healed":56,"gold_gain":0,"player_choice":"Heal","damage_taken":0,"max_hp_gain":0,"max_hp_loss":0,"event_name":"MindBloom","floor":44,"gold_loss":0,"cards_obtained":["Doubt"]},{"damage_healed":0,"gold_gain":0,"player_choice":"Max HP","damage_taken":0,"max_hp_gain":0,"max_hp_loss":4,"event_name":"Winding Halls","floor":47,"gold_loss":0},{"damage_healed":0,"gold_gain":0,"player_choice":"Ignored","damage_taken":0,"max_hp_gain":0,"max_hp_loss":0,"event_name":"Tomb of Lord Red Mask","floor":48,"gold_loss":0}],"is_beta":false,"boss_relics":[{"not_picked":["Calling Bell","Astrolabe"],"picked":"Sozu"},{"not_picked":["Cursed Key","Runic Dome"],"picked":"Eternal Feather"}],"items_purged_floors":[37],"is_endless":false,"potions_floor_spawned":[6,8,13,18,22,24,33],"killed_by":"Time Eater","ascension_level":16}