{"gold_per_floor":[116,116,116,93,139,171,171,181,181,197,197,215,245,114,114,212,212,232,157,48,67,167,167,185,185,185,185,215,234,234,252,252,348,348,358,105,120,138,190,225,225,225,225,239,239,255,3,15,15,15,15,15,15,50,50],"floor_reached":55,"playtime":1985,"items_purged":["Strike_R","Strike_R"],"score":750,"play_id":"cd1e43ba-c1de-4188-a5cd-9881b010c7fc","local_time":"20190206230547","is_ascension_mode":false,"campfire_choices":[{"data":"Armaments","floor":7,"key":"SMITH"},{"data":"Infernal Blade","floor":11,"key":"SMITH"},{"data":"Uppercut","floor":15,"key":"SMITH"},{"data":"Inflame","floor":23,"key":"SMITH"},{"data":"1","floor":27,"key":"LIFT"},{"data":"2","floor":30,"key":"LIFT"},{"data":"3","floor":32,"key":"LIFT"},{"floor":41,"key":"RECALL"},{"data":"Demon Form","floor":45,"key":"SMITH"},{"data":"Whirlwind","floor":49,"key":"SMITH"},{"data":"Disarm","floor":52,"key":"SMITH"}],"neow_cost":"NONE","seed_source_timestamp":571051606163782,"circlet_count":0,"master_deck":["Strike_R","Strike_R","Defend_R","Defend_R","Defend_R+1","Defend_R+1","Bash+1","Armaments+1","Metallicize","Infernal Blade+1","Shrug It Off","Uppercut+1","Cleave","Feed","Iron Wave","Whirlwind+1","Shrug It Off+1","Headbutt","Seeing Red","Inflame+1","Sword Boomerang","Demon Form+1","Disarm+1","Heavy Blade+1","Disarm+1"],"relics":["Burning Blood","Bronze Scales","Bag of Marbles","PreservedInsect","Shuriken","Gremlin Horn","Orrery","Girya","Bottled Tornado","Philosopher\u0027s Stone","War Paint","Vajra","Oddly Smooth Stone","Boot","Mummified Hand","Centennial Puzzle"],"potions_floor_usage":[31,33,46,50,50,54],"damage_taken":[{"damage":4,"enemies":"2 Louse","floor":1,"turns":3},{"damage":19,"enemies":"Lagavulin","floor":6,"turns":8},{"damage":1,"enemies":"Jaw Worm","floor":8,"turns":3},{"damage":0,"enemies":"Cultist","floor":10,"turns":4},{"damage":0,"enemies":"Red Slaver","floor":12,"turns":2},{"damage":6,"enemies":"3 Sentries","floor":13,"turns":7},{"damage":24,"enemies":"Hexaghost","floor":16,"turns":10},{"damage":11,"enemies":"Spheric Guardian","floor":18,"turns":5},{"damage":5,"enemies":"Shell Parasite","floor":21,"turns":7},{"damage":9,"enemies":"Snake Plant","floor":24,"turns":3},{"damage":19,"enemies":"Book of Stabbing","floor":28,"turns":6},{"damage":6,"enemies":"Chosen and Byrds","floor":29,"turns":5},{"damage":7,"enemies":"3 Cultists","floor":31,"turns":3},{"damage":34,"enemies":"Collector","floor":33,"turns":6},{"damage":8,"enemies":"3 Shapes","floor":35,"turns":2},{"damage":7,"enemies":"3 Darklings","floor":37,"turns":2},{"damage":0,"enemies":"Sphere and 2 Shapes","floor":38,"turns":1},{"damage":0,"enemies":"Nemesis","floor":40,"turns":3},{"damage":19,"enemies":"Spire Growth","floor":44,"turns":4},{"damage":1,"enemies":"4 Shapes","floor":46,"turns":3},{"damage":0,"enemies":"Jaw Worm Horde","floor":48,"turns":2},{"damage":43,"enemies":"Awakened One","floor":50,"turns":9},{"damage":28,"enemies":"Shield and Spear","floor":54,"turns":3},{"damage":77,"enemies":"The Heart","floor":55,"turns":5}],"seed_played":"-6877645308670236356","potions_obtained":[{"floor":6,"key":"PowerPotion"},{"floor":8,"key":"Energy Potion"},{"floor":16,"key":"Regen Potion"},{"floor":33,"key":"Fire Potion"},{"floor":40,"key":"AttackPotion"},{"floor":44,"key":"Block Potion"},{"floor":46,"key":"FearPotion"}],"is_trial":false,"path_per_floor":["M","?","?","$","T","E","R","M","T","M","R","M","E","$","R","B",null,"M","?","$","M","?","R","M","$","T","R","E","M","R","M","R","B",null,"M","$","M","M","T","E","R","?","T","M","R","M","$","M","R","B",null,"R","$","E","B"],"character_chosen":"IRONCLAD","items_purchased":["Armaments","Uppercut","Cleave","Inflame","War Paint","Mummified Hand"],"campfire_rested":0,"item_purchase_floors":[4,14,14,20,36,47],"current_hp_per_floor":[80,80,64,64,64,51,51,56,56,62,62,68,68,68,68,50,80,75,75,75,79,79,79,79,79,79,79,66,69,69,68,68,40,89,87,87,86,89,89,93,93,93,93,80,80,88,88,94,94,60,99,99,99,77,0],"gold":50,"neow_bonus":"RANDOM_COMMON_RELIC","is_prod":false,"is_daily":false,"chose_seed":false,"campfire_upgraded":7,"win_rate":0,"timestamp":1549512347,"path_taken":["M","?","?","$","?","E","R","M","T","?","R","M","E","?","R","BOSS","M","?","?","M","?","R","M","$","T","R","E","M","R","?","R","BOSS","M","$","M","M","?","E","R","?","T","M","R","M","$","M","R","BOSS","R","$","E","BOSS"],"build_version":"2019-01-23","purchased_purges":2,"victory":false,"max_hp_per_floor":[80,80,80,80,80,80,80,80,80,80,80,80,80,80,80,80,80,80,80,80,83,83,83,86,86,86,86,86,89,89,89,89,89,89,89,89,89,89,89,93,93,93,93,93,93,96,96,96,96,99,99,99,99,99,99],"card_choices":[{"not_picked":["True Grit","Dual Wield","Flex"],"picked":"SKIP","floor":1},{"not_picked":["Feel No Pain","Pummel","Warcry"],"picked":"SKIP","floor":6},{"not_picked":["Warcry","Wild Strike"],"picked":"Metallicize","floor":8},{"not_picked":["Armaments","Headbutt"],"picked":"Infernal Blade","floor":10},{"not_picked":["Warcry","Cleave"],"picked":"Shrug It Off","floor":12},{"not_picked":["Seeing Red","Entrench","Burning Pact"],"picked":"SKIP","floor":13},{"not_picked":["Offering","Barricade"],"picked":"Feed","floor":16},{"not_picked":["Wild Strike","Headbutt"],"picked":"Iron Wave","floor":17},{"not_picked":["Havoc","Combust"],"picked":"Whirlwind","floor":17},{"not_picked":["Cleave","Clash"],"picked":"Shrug It Off","floor":17},{"not_picked":["Thunderclap","Flex"],"picked":"Headbutt","floor":17},{"not_picked":["Sentinel","Clash"],"picked":"Seeing Red","floor":18},{"not_picked":["Havoc","Iron Wave","Anger"],"picked":"SKIP","floor":21},{"not_picked":["Carnage","Clothesline"],"picked":"Sword Boomerang","floor":24},{"not_picked":["Uppercut","Heavy Blade","Thunderclap"],"picked":"SKIP","floor":28},{"not_picked":["Corruption","Uppercut"],"picked":"Demon Form","floor":29},{"not_picked":["Dual Wield","Cleave","Searing Blow+1"],"picked":"SKIP","floor":31},{"not_picked":["Shrug It Off","Rage","Havoc"],"picked":"SKIP","floor":35},{"not_picked":["Flex","Entrench+1"],"picked":"Disarm","floor":37},{"not_picked":["Havoc","Shrug It Off","Wild Strike"],"picked":"SKIP","floor":38},{"not_picked":["Pommel Strike+1","Armaments","Anger"],"picked":"SKIP","floor":40},{"not_picked":["Rage","True Grit+1"],"picked":"Heavy Blade+1","floor":44},{"not_picked":["Havoc+1","Fiend Fire","Pommel Strike+1"],"picked":"SKIP","floor":46},{"not_picked":["Cleave","Anger+1","Armaments+1"],"picked":"SKIP","floor":48},{"not_picked":["Combust","Reckless Charge"],"picked":"Disarm+1","floor":54}],"player_experience":193033,"relics_obtained":[{"floor":5,"key":"Bag of Marbles"},{"floor":6,"key":"PreservedInsect"},{"floor":9,"key":"Shuriken"},{"floor":13,"key":"Gremlin Horn"},{"floor":26,"key":"Girya"},{"floor":28,"key":"Bottled Tornado"},{"floor":39,"key":"Vajra"},{"floor":40,"key":"Oddly Smooth Stone"},{"floor":54,"key":"Centennial Puzzle"}],"event_choices":[{"damage_healed":0,"gold_gain":0,"player_choice":"Ignored","damage_taken":0,"max_hp_gain":0,"max_hp_loss":0,"event_name":"Liars Game","floor":2,"gold_loss":0},{"damage_healed":0,"gold_gain":0,"player_choice":"Entered Light","damage_taken":16,"max_hp_gain":0,"max_hp_loss":0,"event_name":"Shining Light","floor":3,"gold_loss":0,"cards_upgraded":["Bash","Defend_R"]},{"cards_removed":["Strike_R"],"damage_healed":0,"gold_gain":0,"player_choice":"Gave Gold","damage_taken":0,"max_hp_gain":0,"max_hp_loss":0,"event_name":"Beggar","floor":19,"gold_loss":75},{"damage_healed":0,"gold_gain":100,"player_choice":"Pray","damage_taken":0,"max_hp_gain":0,"max_hp_loss":0,"event_name":"Golden Shrine","floor":22,"gold_loss":0},{"damage_healed":0,"gold_gain":0,"player_choice":"Gave Potion","damage_taken":0,"relics_obtained":["Boot"],"max_hp_gain":0,"max_hp_loss":0,"event_name":"WeMeetAgain","floor":42,"gold_loss":0}],"is_beta":false,"boss_relics":[{"not_picked":["Fusion Hammer","Runic Dome"],"picked":"Orrery"},{"not_picked":["Empty Cage","Pandora\u0027s Box"],"picked":"Philosopher\u0027s Stone"}],"items_purged_floors":[20,36],"is_endless":false,"potions_floor_spawned":[6,8,16,24,28,33,40,44,46],"killed_by":"The Heart","ascension_level":0}